{"gold_per_floor":[109,109,109,127,77,113,133,133,188,188,213,228,216,237,237,358,358,372,396,410,434,308,329,352,352],"floor_reached":25,"playtime":1305,"items_purged":["Clash+1"],"score":378,"play_id":"34d2da84-1ffb-4855-a08e-533cfcfde993","local_time":"20180925163355","is_ascension_mode":true,"campfire_choices":[{"data":"Whirlwind","floor":8.0,"key":"SMITH"},{"data":"Armaments","floor":10.0,"key":"SMITH"},{"data":"Carnage","floor":15.0,"key":"SMITH"}],"neow_cost":"NONE","seed_source_timestamp":981853244348260,"circlet_count":0,"master_deck":["Strike_R","Defend_R","Defend_R","Defend_R","Bash","AscendersBane","Whirlwind+1","Armaments+1","Feel No Pain","Iron Wave","Shrug It Off","Carnage+1","Battle Trance","Reaper","Fire Breathing+1","Reaper+1","Uppercut","Flame Barrier","Shrug It Off","True Grit","Flame Barrier"],"special_seed":0,"relics":["Burning Blood","NeowsBlessing","Golden Idol","Vajra","Tiny Chest","Astrolabe"],"potions_floor_usage":[24,24,25],"damage_taken":[{"damage":0.0,"enemies":"2 Louse","floor":1.0,"turns":1.0},{"damage":0.0,"enemies":"Jaw Worm","floor":4.0,"turns":1.0},{"damage":0.0,"enemies":"3 Sentries","floor":6.0,"turns":1.0},{"damage":7.0,"enemies":"Small Slimes","floor":7.0,"turns":3.0},{"damage":16.0,"enemies":"Exordium Wildlife","floor":11.0,"turns":3.0},{"damage":2.0,"enemies":"Looter","floor":12.0,"turns":4.0},{"damage":11.0,"enemies":"Exordium Thugs","floor":13.0,"turns":7.0},{"damage":1.0,"enemies":"Large Slime","floor":14.0,"turns":5.0},{"damage":55.0,"enemies":"Hexaghost","floor":16.0,"turns":13.0},{"damage":18.0,"enemies":"Spheric Guardian","floor":18.0,"turns":5.0},{"damage":20.0,"enemies":"Chosen","floor":19.0,"turns":5.0},{"damage":35.0,"enemies":"Centurion and Healer","floor":20.0,"turns":8.0},{"damage":8.0,"enemies":"Snecko","floor":21.0,"turns":5.0},{"damage":30.0,"enemies":"Sentry and Sphere","floor":23.0,"turns":7.0},{"damage":42,"enemies":"Chosen and Byrds","floor":24,"turns":8},{"damage":15,"enemies":"Book of Stabbing","floor":25,"turns":5}],"seed_played":"-4660696229414746428","potions_obtained":[{"floor":1.0,"key":"Ancient Potion"},{"floor":6.0,"key":"Regen Potion"},{"floor":16.0,"key":"Dexterity Potion"},{"floor":19.0,"key":"BloodPotion"},{"floor":21.0,"key":"Dexterity Potion"},{"floor":24,"key":"Dexterity Potion"}],"is_trial":false,"path_per_floor":["M","?","?","M","?","E","M","R","T","R","M","M","M","M","R","B",null,"M","M","M","M","$","M","M"],"character_chosen":"IRONCLAD","items_purchased":["Shrug It Off"],"campfire_rested":0,"item_purchase_floors":[22],"current_hp_per_floor":[78,71,51,57,57,63,62,62,62,62,52,56,51,56,56,22,66,66,58,55,66,66,42,15,0],"gold":352,"neow_bonus":"THREE_ENEMY_KILL","is_prod":false,"is_daily":false,"chose_seed":false,"campfire_upgraded":3,"win_rate":0,"timestamp":1537918435,"path_taken":["M","?","?","M","?","E","M","R","T","R","M","?","M","M","R","BOSS","M","M","M","M","$","M","M","E"],"build_version":"2018-09-20","purchased_purges":1,"victory":false,"max_hp_per_floor":[80,80,80,80,80,80,80,80,80,80,80,80,80,80,80,80,80,80,80,80,80,80,80,80,80],"card_choices":[{"not_picked":["Bloodletting","Sword Boomerang"],"picked":"Whirlwind","floor":1.0},{"not_picked":["Heavy Blade","Cleave"],"picked":"Armaments","floor":4.0},{"not_picked":["Dual Wield","Twin Strike","Wild Strike"],"picked":"SKIP","floor":6.0},{"not_picked":["Perfected Strike","Combust"],"picked":"Feel No Pain","floor":7.0},{"not_picked":["Entrench","Rupture"],"picked":"Iron Wave","floor":11.0},{"not_picked":["Offering","Clash"],"picked":"Shrug It Off","floor":12.0},{"not_picked":["Searing Blow","Headbutt"],"picked":"Carnage","floor":13.0},{"not_picked":["Sword Boomerang","Armaments"],"picked":"Battle Trance","floor":14.0},{"not_picked":["Dark Embrace","Exhume"],"picked":"Reaper","floor":16.0},{"not_picked":["Carnage+1","Rampage"],"picked":"Uppercut","floor":18.0},{"not_picked":["Iron Wave","Headbutt","Wild Strike"],"picked":"SKIP","floor":19.0},{"not_picked":["Dropkick","Anger"],"picked":"Flame Barrier","floor":20.0},{"not_picked":["Feel No Pain","Cleave","Intimidate"],"picked":"SKIP","floor":21.0},{"not_picked":["Fire Breathing","Perfected Strike"],"picked":"True Grit","floor":23.0},{"not_picked":["Iron Wave","Dropkick"],"picked":"Flame Barrier","floor":24}],"player_experience":1080255,"relics_obtained":[{"floor":6.0,"key":"Vajra"},{"floor":9.0,"key":"Tiny Chest"}],"event_choices":[{"event_name":"Golden Wing","player_choice":"Card Removal","floor":2.0,"damage_taken":0.0},{"event_name":"Golden Idol","player_choice":"Take Damage","floor":3.0,"damage_taken":0.0},{"event_name":"The Cleric","player_choice":"Card Removal","floor":5.0,"damage_taken":0.0}],"is_beta":false,"boss_relics":[{"not_picked":["Tiny House","Orrery"],"picked":"Astrolabe"}],"items_purged_floors":[22],"is_endless":false,"potions_floor_spawned":[1,6,11,13,16,19,21,24],"killed_by":"Book of Stabbing","ascension_level":12}