{"path_per_floor":["M","?","M","M","$","R","E","$","T","M","?","$","M","?","R","B",null,"M","?","M","M","?"],"character_chosen":"IRONCLAD","items_purchased":["Bag of Marbles","Pommel Strike","Inflame"],"gold_per_floor":[218,218,237,257,39,39,66,66,118,136,101,8,22,97,97,198,198,211,211,231,249,249,249],"floor_reached":23,"campfire_rested":0,"playtime":962,"current_hp_per_floor":[60,53,53,51,51,51,32,32,32,38,58,58,58,47,47,16,64,57,82,75,49,49,0],"items_purged":["Defend_R"],"gold":249,"score":248,"play_id":"3d648d67-e8b6-4b0e-bebd-489de8a8d6f8","local_time":"20180421161717","is_prod":false,"is_daily":false,"chose_seed":false,"is_ascension_mode":true,"campfire_upgraded":2,"timestamp":1524345437,"path_taken":["M","?","M","M","$","R","E","$","T","?","?","?","M","?","R","BOSS","M","?","M","?","?","E"],"build_version":"2018-04-19","seed_source_timestamp":2318738073620441,"purchased_purges":1,"victory":false,"master_deck":["Strike_R","Strike_R","Strike_R","Strike_R","Defend_R","Defend_R","Defend_R+1","Bash","Thunderclap","True Grit+1","Flex+1","Pommel Strike","Shrug It Off","Pommel Strike+1","Inflame","Shrug It Off","Berserk","Perfected Strike","Wild Strike"],"max_hp_per_floor":[80,80,80,80,80,80,80,80,80,80,80,80,80,80,80,80,80,82,82,82,82,82,82],"relics":["Burning Blood","Bag of Marbles","War Paint","Singing Bowl","White Beast Statue"],"card_choices":[{"not_picked":["Havoc","Feel No Pain"],"picked":"Thunderclap","floor":1},{"not_picked":["Cleave","Fire Breathing"],"picked":"True Grit","floor":3},{"not_picked":["Hemokinesis","Cleave"],"picked":"Flex","floor":4},{"not_picked":["Dark Embrace","Anger"],"picked":"Pommel Strike","floor":7},{"not_picked":["Armaments","Sword Boomerang"],"picked":"Shrug It Off","floor":10},{"not_picked":["Rage","Body Slam"],"picked":"Shrug It Off","floor":13},{"not_picked":["Impervious","Dark Embrace"],"picked":"Berserk","floor":16},{"not_picked":["Armaments","Wild Strike"],"picked":"Perfected Strike","floor":20},{"not_picked":["Headbutt","Blood for Blood"],"picked":"Wild Strike","floor":21}],"player_experience":183866,"potions_floor_usage":[20,23,23],"damage_taken":[{"damage":18,"enemies":"Jaw Worm","floor":1,"turns":4},{"damage":6,"enemies":"2 Louse","floor":3,"turns":4},{"damage":8,"enemies":"Small Slimes","floor":4,"turns":3},{"damage":25,"enemies":"3 Sentries","floor":7,"turns":9},{"damage":0,"enemies":"2 Fungi Beasts","floor":10,"turns":3},{"damage":6,"enemies":"Red Slaver","floor":13,"turns":3},{"damage":37,"enemies":"The Guardian","floor":16,"turns":12},{"damage":15,"enemies":"Chosen","floor":18,"turns":5},{"damage":13,"enemies":"2 Thieves","floor":20,"turns":4},{"damage":32,"enemies":"Snake Plant","floor":21,"turns":4},{"damage":49,"enemies":"Gremlin Leader","floor":23,"turns":6}],"event_choices":[{"event_name":"Golden Wing","player_choice":"Card Removal","floor":2,"damage_taken":0},{"event_name":"The Cleric","player_choice":"Healed","floor":11,"damage_taken":0},{"event_name":"World of Goop","player_choice":"Gather Gold","floor":14,"damage_taken":0},{"event_name":"The Library","player_choice":"Heal","floor":19,"damage_taken":0},{"event_name":"Vampires","player_choice":"Ignored","floor":22,"damage_taken":0}],"boss_relics":[{"not_picked":["Snecko Eye","Philosopher\u0027s Stone"],"picked":"White Beast Statue"}],"potions_floor_spawned":[4,10,16,18,20,21],"seed_played":"-2360596435734342254","killed_by":"Gremlin Leader","ascension_level":6,"is_trial":false}