{"gold_per_floor":[113,113,36,53,53,53,53,66,145,158,172,204,216,193,205,288,300,327,359,381,403,415,459,471,483],"floor_reached":25,"playtime":1870,"items_purged":[],"score":435,"play_id":"dbc56871-f3c7-49a0-b3dd-12d8d9aeb3c7","local_time":"20190123075501","is_ascension_mode":true,"campfire_choices":[{"data":"Inflame","floor":6.0,"key":"SMITH"},{"data":"Juggernaut","floor":15.0,"key":"SMITH"},{"floor":24,"key":"REST"}],"neow_cost":"NONE","seed_source_timestamp":0,"circlet_count":0,"master_deck":["AscendersBane","Strike_R+1","Strike_R+1","Strike_R+1","Strike_R+1","Strike_R+1","Defend_R+1","Defend_R+1","Defend_R+1","Defend_R+1","Bash","Juggernaut+1","Metallicize","Whirlwind","Inflame+1","True Grit","Anger","Ghostly Armor","Reaper","Inflame+1"],"special_seed":0,"relics":["Burning Blood","Kunai","Ornamental Fan","Blue Candle","MawBank","Fusion Hammer","Charon\u0027s Ashes"],"potions_floor_usage":[23,23],"damage_taken":[{"damage":1.0,"enemies":"Cultist","floor":1.0,"turns":4.0},{"damage":4.0,"enemies":"Jaw Worm","floor":4.0,"turns":5.0},{"damage":20.0,"enemies":"Small Slimes","floor":8.0,"turns":4.0},{"damage":17.0,"enemies":"Looter","floor":10.0,"turns":5.0},{"damage":12.0,"enemies":"3 Louse","floor":11.0,"turns":2.0},{"damage":11.0,"enemies":"Lagavulin","floor":12.0,"turns":7.0},{"damage":48.0,"enemies":"The Guardian","floor":16.0,"turns":11.0},{"damage":27.0,"enemies":"Chosen","floor":18.0,"turns":7.0},{"damage":8.0,"enemies":"3 Byrds","floor":19.0,"turns":5.0},{"damage":35.0,"enemies":"Centurion and Healer","floor":20.0,"turns":7.0},{"damage":26.0,"enemies":"Snecko","floor":21.0,"turns":6.0},{"damage":43,"enemies":"Slavers","floor":23,"turns":6},{"damage":47,"enemies":"Book of Stabbing","floor":25,"turns":3}],"seed_played":"-4610009812429245222","potions_obtained":[{"floor":10.0,"key":"FairyPotion"},{"floor":11.0,"key":"SteroidPotion"},{"floor":12.0,"key":"Ancient Potion"},{"floor":18.0,"key":"SkillPotion"}],"is_trial":false,"path_per_floor":["M","?","$","M","?","R","?","M","T","M","M","E","$","?","R","B",null,"M","M","M","M","?","E","R","E"],"character_chosen":"IRONCLAD","items_purchased":["Whirlwind"],"campfire_rested":1,"item_purchase_floors":[3],"current_hp_per_floor":[73,68,68,70,75,75,75,61,61,50,44,39,39,59,59,17,64,47,51,39,24,24,23,47,0],"gold":483,"neow_bonus":"ONE_RANDOM_RARE_CARD","is_prod":false,"is_daily":false,"chose_seed":false,"campfire_upgraded":2,"win_rate":0,"timestamp":1548258901,"path_taken":["M","?","$","M","?","R","?","M","T","M","?","E","$","?","R","BOSS","M","M","M","M","?","E","R","E"],"build_version":"2019-01-17v2","purchased_purges":0,"victory":false,"max_hp_per_floor":[75,75,75,75,80,80,80,80,80,80,80,80,80,80,80,80,80,80,80,80,80,80,80,80,80],"card_choices":[{"not_picked":["Armaments","Cleave"],"picked":"Metallicize","floor":1.0},{"not_picked":["Body Slam","Armaments"],"picked":"Inflame","floor":4.0},{"not_picked":["Flex","Dual Wield"],"picked":"True Grit","floor":8.0},{"not_picked":["Dropkick","Ghostly Armor"],"picked":"Anger","floor":10.0},{"not_picked":["Blood for Blood","Corruption"],"picked":"Ghostly Armor","floor":11.0},{"not_picked":["Anger","Cleave","Clash"],"picked":"SKIP","floor":12.0},{"not_picked":["Fiend Fire","Impervious"],"picked":"Reaper","floor":16.0},{"not_picked":["Perfected Strike","Dual Wield","Dropkick"],"picked":"SKIP","floor":18.0},{"not_picked":["Twin Strike","Entrench","Anger"],"picked":"SKIP","floor":19.0},{"not_picked":["Flex","Evolve"],"picked":"Inflame+1","floor":20.0},{"not_picked":["Hemokinesis","Clash","Spot Weakness"],"picked":"SKIP","floor":21.0},{"not_picked":["Armaments","Carnage","Blood for Blood"],"picked":"SKIP","floor":23}],"player_experience":1724089,"relics_obtained":[{"floor":7.0,"key":"Ornamental Fan"},{"floor":9.0,"key":"Blue Candle"},{"floor":12.0,"key":"MawBank"},{"floor":23,"key":"Charon\u0027s Ashes"}],"event_choices":[{"damage_healed":0.0,"max_hp_gain":0.0,"max_hp_loss":0.0,"gold_gain":0.0,"event_name":"Scrap Ooze","player_choice":"Success","floor":2.0,"gold_loss":0.0,"damage_taken":5.0,"relics_obtained":["Kunai"]},{"damage_healed":0.0,"max_hp_gain":5.0,"max_hp_loss":0.0,"gold_gain":0.0,"event_name":"Big Fish","player_choice":"Donut","floor":5.0,"gold_loss":0.0,"damage_taken":0.0},{"damage_healed":0.0,"max_hp_gain":0.0,"max_hp_loss":0.0,"gold_gain":0.0,"event_name":"Wheel of Change","player_choice":"Relic","floor":7.0,"gold_loss":0.0,"damage_taken":0.0},{"damage_healed":20.0,"max_hp_gain":0.0,"max_hp_loss":0.0,"gold_gain":0.0,"event_name":"The Cleric","player_choice":"Healed","floor":14.0,"gold_loss":35.0,"damage_taken":0.0},{"damage_healed":0.0,"max_hp_gain":0.0,"max_hp_loss":0.0,"gold_gain":0.0,"event_name":"Back to Basics","player_choice":"Simplicity","floor":22.0,"gold_loss":0.0,"damage_taken":0.0,"cards_upgraded":["Strike_R","Strike_R","Strike_R","Strike_R","Strike_R","Defend_R","Defend_R","Defend_R","Defend_R"]}],"is_beta":false,"boss_relics":[{"not_picked":["Pandora\u0027s Box","Philosopher\u0027s Stone"],"picked":"Fusion Hammer"}],"items_purged_floors":[],"is_endless":false,"potions_floor_spawned":[10,11,12,16,18,19,21],"killed_by":"Book of Stabbing","ascension_level":19}