{"gold_per_floor":[363,68,87,99,111,111,85,85,134,134,159,170,183,62,62,136,136,155,166,16,16,31,62,62,75,75,0,29,29,60,72,72,72],"floor_reached":33,"playtime":2875,"items_purged":[],"score":575,"play_id":"c17bd8da-b566-4c02-901a-4965760a6e2a","local_time":"20190203144324","is_ascension_mode":true,"campfire_choices":[{"data":"Metallicize","floor":6.0,"key":"SMITH"},{"data":"Metallicize","floor":8.0,"key":"SMITH"},{"data":"Disarm","floor":10.0,"key":"SMITH"},{"data":"Body Slam","floor":15.0,"key":"SMITH"},{"data":"Metallicize","floor":24,"key":"SMITH"},{"data":"Bludgeon","floor":32,"key":"SMITH"}],"neow_cost":"PERCENT_DAMAGE","seed_source_timestamp":572942107170150,"circlet_count":0,"master_deck":["AscendersBane","Defend_R+1","Defend_R","Defend_R","Defend_R","Bash","Metallicize+1","Metallicize+1","Disarm+1","Flame Barrier+1","Anger","Battle Trance","Entrench","Body Slam+1","Corruption","Shrug It Off","Bludgeon+1","Havoc+1","Bite","Bite","Bite","Bite","Bite","Power Through","Metallicize+1","Metallicize+1","Clothesline","True Grit+1","Infernal Blade+1","Shockwave+1","Spot Weakness+1"],"special_seed":0,"relics":["Burning Blood","Bronze Scales","War Paint","Meat on the Bone","Philosopher\u0027s Stone","Oddly Smooth Stone","Lantern","Toxic Egg 2","Frozen Egg 2","Happy Flower"],"potions_floor_usage":[28,28,33,33],"damage_taken":[{"damage":5.0,"enemies":"Cultist","floor":1.0,"turns":4.0},{"damage":12.0,"enemies":"Small Slimes","floor":3.0,"turns":5.0},{"damage":2.0,"enemies":"Jaw Worm","floor":4.0,"turns":5.0},{"damage":19.0,"enemies":"Gremlin Gang","floor":5.0,"turns":4.0},{"damage":16.0,"enemies":"Exordium Thugs","floor":7.0,"turns":7.0},{"damage":1.0,"enemies":"Lagavulin","floor":11.0,"turns":9.0},{"damage":0.0,"enemies":"Exordium Wildlife","floor":12.0,"turns":3.0},{"damage":0.0,"enemies":"Looter","floor":13.0,"turns":5.0},{"damage":6,"enemies":"Hexaghost","floor":16,"turns":12},{"damage":6,"enemies":"Shell Parasite","floor":18,"turns":6},{"damage":14,"enemies":"Spheric Guardian","floor":19,"turns":4},{"damage":17,"enemies":"Cultist and Chosen","floor":22,"turns":7},{"damage":5,"enemies":"Book of Stabbing","floor":23,"turns":5},{"damage":12,"enemies":"Snecko","floor":25,"turns":7},{"damage":31,"enemies":"Slavers","floor":28,"turns":10},{"damage":6,"enemies":"Book of Stabbing","floor":30,"turns":5},{"damage":0,"enemies":"Sentry and Sphere","floor":31,"turns":6},{"damage":62,"enemies":"Champ","floor":33,"turns":14}],"seed_played":"4944166158644553288","potions_obtained":[{"floor":1.0,"key":"PowerPotion"},{"floor":5.0,"key":"SpeedPotion"},{"floor":12.0,"key":"AttackPotion"},{"floor":13.0,"key":"Regen Potion"},{"floor":30,"key":"Ancient Potion"},{"floor":31,"key":"Block Potion"}],"is_trial":false,"path_per_floor":["M","$","M","M","M","R","M","R","T","R","E","M","M","$","R","B",null,"M","M","$","?","M","E","R","M","T","$","E","?","E","M","R","B"],"character_chosen":"IRONCLAD","items_purchased":["Metallicize","Bronze Scales","Regen Potion","Corruption","Shrug It Off","Oddly Smooth Stone","Clothesline","True Grit+1"],"campfire_rested":0,"item_purchase_floors":[2,2,2,14,14,20,27,27],"current_hp_per_floor":[51,51,60,64,51,51,41,41,41,41,46,52,58,58,58,58,71,71,63,63,52,49,52,52,52,52,52,52,52,52,52,52,0],"gold":72,"neow_bonus":"TWO_FIFTY_GOLD","is_prod":false,"is_daily":false,"chose_seed":false,"campfire_upgraded":6,"win_rate":0,"timestamp":1549223004,"path_taken":["M","$","M","M","?","R","M","R","T","R","E","M","M","$","R","BOSS","M","M","$","?","M","E","R","M","T","$","E","?","E","M","R","BOSS"],"build_version":"2019-01-23","purchased_purges":0,"victory":false,"max_hp_per_floor":[75,75,75,75,75,75,75,75,75,75,75,75,75,75,75,75,75,75,75,75,52,52,52,52,52,52,52,52,52,52,52,52,52],"card_choices":[{"not_picked":["Second Wind","Sever Soul"],"picked":"Metallicize","floor":1.0},{"not_picked":["Clash","Wild Strike"],"picked":"Disarm","floor":3.0},{"not_picked":["Havoc","Rage","Sword Boomerang"],"picked":"SKIP","floor":4.0},{"not_picked":["Twin Strike","Armaments"],"picked":"Flame Barrier","floor":5.0},{"not_picked":["Perfected Strike","Sword Boomerang"],"picked":"Anger","floor":7.0},{"not_picked":["Thunderclap","Sentinel"],"picked":"Battle Trance","floor":11.0},{"not_picked":["Headbutt","Heavy Blade"],"picked":"Entrench","floor":12.0},{"not_picked":["Cleave","Clash"],"picked":"Body Slam","floor":13.0},{"not_picked":["Fiend Fire","Immolate"],"picked":"Bludgeon","floor":16},{"not_picked":["Flex","Thunderclap","Reckless Charge"],"picked":"SKIP","floor":18},{"not_picked":["Second Wind","Flex"],"picked":"Havoc+1","floor":19},{"not_picked":["Evolve","Wild Strike"],"picked":"Power Through","floor":22},{"not_picked":["Intimidate","Infernal Blade"],"picked":"Metallicize","floor":23},{"not_picked":["Clothesline","Feed"],"picked":"Metallicize+1","floor":25},{"not_picked":["Body Slam","Wild Strike"],"picked":"Infernal Blade+1","floor":28},{"not_picked":["Twin Strike+1","Second Wind+1"],"picked":"Spot Weakness+1","floor":30},{"not_picked":["Twin Strike","Sever Soul","Sword Boomerang"],"picked":"SKIP","floor":31}],"player_experience":691046,"relics_obtained":[{"floor":9.0,"key":"War Paint"},{"floor":11.0,"key":"Meat on the Bone"},{"floor":23,"key":"Lantern"},{"floor":26,"key":"Toxic Egg 2"},{"floor":28,"key":"Frozen Egg 2"},{"floor":30,"key":"Happy Flower"}],"event_choices":[{"damage_healed":0,"gold_gain":0,"player_choice":"Became a vampire","damage_taken":0,"max_hp_gain":0,"max_hp_loss":23,"event_name":"Vampires","floor":21,"gold_loss":0,"cards_obtained":["Bite","Bite","Bite","Bite","Bite"]},{"damage_healed":0,"gold_gain":0,"player_choice":"Read","damage_taken":0,"max_hp_gain":0,"max_hp_loss":0,"event_name":"The Library","floor":29,"gold_loss":0,"cards_obtained":["Shockwave"]}],"is_beta":false,"boss_relics":[{"not_picked":["Velvet Choker","Runic Pyramid"],"picked":"Philosopher\u0027s Stone"}],"items_purged_floors":[],"is_endless":false,"potions_floor_spawned":[1,5,12,13,22,25,30,31],"killed_by":"Champ","ascension_level":14}