{"gold_per_floor":[15,30,30,30,44,44,62,62,62,83,114,189,214,21,21,152,152,176,176,76,76],"floor_reached":21,"playtime":1807,"items_purged":["Strike_B","Strike_B"],"score":272,"play_id":"e8e9b100-e03c-4606-abe2-45150516f325","local_time":"20181101232203","is_ascension_mode":true,"campfire_choices":[{"data":"Dualcast","floor":6,"key":"SMITH"},{"data":"Chaos","floor":8,"key":"SMITH"},{"floor":15,"key":"REST"}],"neow_cost":"NO_GOLD","seed_source_timestamp":4136641010967,"circlet_count":0,"master_deck":["Strike_B","Strike_B","Defend_B","Defend_B","Defend_B","Defend_B","Zap+1","Dualcast+1","AscendersBane","Conserve Battery","Coolheaded","FTL","Chaos+1","Hologram","Defragment","Conserve Battery","Darkness","Recycle"],"relics":["FrozenCore","Golden Idol","Darkstone Periapt","Gambling Chip"],"potions_floor_usage":[11,13,19],"damage_taken":[{"damage":1,"enemies":"Cultist","floor":1,"turns":3},{"damage":13,"enemies":"Jaw Worm","floor":2,"turns":4},{"damage":0,"enemies":"Small Slimes","floor":5,"turns":3},{"damage":0,"enemies":"Looter","floor":7,"turns":3},{"damage":8,"enemies":"Large Slime","floor":10,"turns":5},{"damage":6,"enemies":"3 Sentries","floor":11,"turns":8},{"damage":2,"enemies":"Exordium Wildlife","floor":13,"turns":3},{"damage":25,"enemies":"Hexaghost","floor":16,"turns":11},{"damage":8,"enemies":"Shell Parasite","floor":18,"turns":7},{"damage":6,"enemies":"Chosen","floor":19,"turns":3},{"damage":5,"enemies":"Centurion and Healer","floor":21,"turns":3}],"seed_played":"3430651013078789795","potions_obtained":[{"floor":2,"key":"SpeedPotion"},{"floor":5,"key":"GamblersBrew"},{"floor":13,"key":"SmokeBomb"},{"floor":16,"key":"Explosive Potion"}],"is_trial":false,"path_per_floor":["M","M","?","?","M","R","M","R","T","M","E","?","M","$","R","B",null,"M","M","$"],"character_chosen":"DEFECT","items_purchased":["Darkness","Recycle"],"campfire_rested":1,"item_purchase_floors":[14,14],"current_hp_per_floor":[81,68,46,46,46,46,46,46,46,38,32,21,19,19,45,20,72,64,58,58,53],"gold":76,"neow_bonus":"TWENTY_PERCENT_HP_BONUS","is_prod":false,"is_daily":false,"chose_seed":false,"campfire_upgraded":2,"win_rate":0,"timestamp":1541074923,"path_taken":["M","?","?","?","M","R","M","R","T","M","E","?","M","$","R","BOSS","M","M","$","?"],"build_version":"2018-10-25v2","purchased_purges":2,"victory":false,"max_hp_per_floor":[89,89,89,89,89,89,89,89,89,89,89,89,89,89,89,89,89,89,89,89,89],"card_choices":[{"not_picked":["Sweeping Beam","Sunder"],"picked":"Conserve Battery","floor":1},{"not_picked":["Compile Driver","Reprogram"],"picked":"Coolheaded","floor":2},{"not_picked":["Stack","Leap"],"picked":"FTL","floor":5},{"not_picked":["Conserve Battery","Sunder"],"picked":"Chaos","floor":7},{"not_picked":["Gash","Leap"],"picked":"Hologram","floor":10},{"not_picked":["Barrage","Steam"],"picked":"Defragment","floor":11},{"not_picked":["Rebound","Core Surge"],"picked":"Conserve Battery","floor":13},{"not_picked":["Gash+1","Streamline","Melter"],"picked":"SKIP","floor":18}],"player_experience":714800,"relics_obtained":[{"floor":9,"key":"Darkstone Periapt"},{"floor":11,"key":"Gambling Chip"}],"event_choices":[{"damage_healed":0,"gold_gain":0,"player_choice":"Take Damage","damage_taken":22,"relics_obtained":["Golden Idol"],"max_hp_gain":0,"max_hp_loss":0,"event_name":"Golden Idol","floor":3,"gold_loss":0},{"damage_healed":0,"gold_gain":0,"player_choice":"Grow","damage_taken":0,"max_hp_gain":0,"max_hp_loss":0,"event_name":"Living Wall","floor":4,"gold_loss":0,"cards_upgraded":["Zap"]},{"damage_healed":0,"gold_gain":75,"player_choice":"Gather Gold","damage_taken":11,"max_hp_gain":0,"max_hp_loss":0,"event_name":"World of Goop","floor":12,"gold_loss":0}],"is_beta":false,"boss_relics":[{"not_picked":["Sozu","Runic Pyramid"],"picked":"FrozenCore"}],"items_purged_floors":[14,20],"is_endless":false,"potions_floor_spawned":[2,5,13,16,19],"killed_by":"Centurion and Healer","ascension_level":10}