{"gold_per_floor":[112,112,126,126,139,155,166,166,166,200,220,220,249,262,262,363,363,377,35,50,65,65],"floor_reached":22,"playtime":1840,"items_purged":[],"score":225,"play_id":"b4107d51-9cc8-4e7a-a3c8-6d61158c829a","local_time":"20181123021815","is_ascension_mode":false,"campfire_choices":[{"floor":12,"key":"REST"},{"data":"Noxious Fumes","floor":15,"key":"SMITH"}],"neow_cost":"NONE","seed_source_timestamp":104009708980014,"circlet_count":0,"master_deck":["Defend_G","Defend_G","Defend_G","Defend_G","Strike_G","Strike_G","Strike_G","Strike_G","Survivor","Neutralize","Deadly Poison","Poisoned Stab","Blur","Dagger Spray+1","Dash","Deadly Poison","Bouncing Flask","Noxious Fumes+1","Die Die Die","Caltrops+1","Underhanded Strike+1","Bullet Time+1","Backflip","Noxious Fumes","Flying Knee+1","Noxious Fumes"],"relics":["Runic Pyramid","Dodecahedron","Pantograph","Ornamental Fan","Astrolabe","Mercury Hourglass"],"potions_floor_usage":[],"damage_taken":[{"damage":0,"enemies":"Cultist","floor":1,"turns":4},{"damage":3,"enemies":"Jaw Worm","floor":3,"turns":3},{"damage":0,"enemies":"2 Louse","floor":5,"turns":3},{"damage":2,"enemies":"2 Fungi Beasts","floor":6,"turns":4},{"damage":4,"enemies":"3 Louse","floor":7,"turns":3},{"damage":11,"enemies":"3 Sentries","floor":10,"turns":7},{"damage":1,"enemies":"Exordium Wildlife","floor":11,"turns":5},{"damage":0,"enemies":"Gremlin Nob","floor":13,"turns":4},{"damage":0,"enemies":"Blue Slaver","floor":14,"turns":2},{"damage":38,"enemies":"Hexaghost","floor":16,"turns":8},{"damage":5,"enemies":"2 Thieves","floor":18,"turns":5},{"damage":12,"enemies":"Shell Parasite","floor":20,"turns":4},{"damage":21,"enemies":"3 Cultists","floor":21,"turns":5},{"damage":24,"enemies":"Colosseum Slavers","floor":22,"turns":5},{"damage":24,"enemies":"Colosseum Nobs","floor":22,"turns":3}],"seed_played":"-8210748024360444473","potions_obtained":[{"floor":1,"key":"LiquidBronze"},{"floor":7,"key":"Swift Potion"},{"floor":10,"key":"Dexterity Potion"}],"is_trial":false,"path_per_floor":["M","?","M","?","M","M","M","?","T","E","M","R","E","M","R","B",null,"M","$","M","M","?"],"character_chosen":"THE_SILENT","items_purchased":["Mercury Hourglass","Noxious Fumes"],"campfire_rested":1,"item_purchase_floors":[19,19],"current_hp_per_floor":[70,75,72,72,72,70,66,66,66,55,54,75,75,75,75,37,75,70,70,58,37,0],"gold":65,"neow_bonus":"BOSS_RELIC","is_prod":false,"is_daily":false,"chose_seed":false,"campfire_upgraded":1,"win_rate":0.0,"timestamp":1542957495,"path_taken":["M","?","M","?","M","M","M","?","T","E","M","R","E","M","R","BOSS","M","$","M","M","?"],"build_version":"2018-11-15","purchased_purges":0,"victory":false,"max_hp_per_floor":[70,75,75,75,75,75,75,75,75,75,75,75,75,75,75,75,75,75,75,75,75,75],"card_choices":[{"not_picked":["Riddle With Holes","Acrobatics"],"picked":"Deadly Poison","floor":1},{"not_picked":["Quick Slash","Adrenaline"],"picked":"Poisoned Stab","floor":3},{"not_picked":["Riddle With Holes","Prepared"],"picked":"Blur","floor":5},{"not_picked":["Acrobatics","Tactician"],"picked":"Dagger Spray","floor":6},{"not_picked":["Acrobatics","Deflect"],"picked":"Dash","floor":7},{"not_picked":["Quick Slash","Tactician"],"picked":"Calculated Gamble","floor":10},{"not_picked":["Acrobatics","Sucker Punch"],"picked":"Deadly Poison","floor":11},{"not_picked":["Infinite Blades","Masterful Stab"],"picked":"Bouncing Flask","floor":13},{"not_picked":["Bane","Backflip"],"picked":"Noxious Fumes","floor":14},{"not_picked":["Doppelganger","Tools of the Trade"],"picked":"Die Die Die","floor":16},{"not_picked":["Blade Dance","PiercingWail"],"picked":"Backflip","floor":18},{"not_picked":["Acrobatics+1","Venomology"],"picked":"Flying Knee+1","floor":20},{"not_picked":["Skewer","Underhanded Strike+1"],"picked":"Noxious Fumes","floor":21}],"player_experience":25959,"relics_obtained":[{"floor":9,"key":"Dodecahedron"},{"floor":10,"key":"Pantograph"},{"floor":13,"key":"Ornamental Fan"}],"event_choices":[{"damage_healed":0,"gold_gain":0,"player_choice":"Donut","damage_taken":0,"max_hp_gain":5,"max_hp_loss":0,"event_name":"Big Fish","floor":2,"gold_loss":0},{"damage_healed":0,"gold_gain":0,"player_choice":"Leave","damage_taken":0,"max_hp_gain":0,"max_hp_loss":0,"event_name":"The Cleric","floor":4,"gold_loss":0},{"damage_healed":0,"gold_gain":0,"player_choice":"Grow","damage_taken":0,"max_hp_gain":0,"max_hp_loss":0,"event_name":"Living Wall","floor":8,"gold_loss":0,"cards_upgraded":["Dagger Spray"]},{"damage_healed":0,"gold_gain":0,"player_choice":"Fight","damage_taken":0,"max_hp_gain":0,"max_hp_loss":0,"event_name":"Colosseum","floor":22,"gold_loss":0},{"damage_healed":0,"gold_gain":0,"player_choice":"Fought Nobs","damage_taken":0,"max_hp_gain":0,"max_hp_loss":0,"event_name":"Colosseum","floor":22,"gold_loss":0}],"is_beta":false,"boss_relics":[{"not_picked":["White Beast Statue","Calling Bell"],"picked":"Astrolabe"}],"items_purged_floors":[],"is_endless":false,"potions_floor_spawned":[1,7,10,11,13,16,20,21,22],"killed_by":"Colosseum Nobs","ascension_level":0}