{"gold_per_floor":[109,59,59,59,32,64,64,76,76,96,96,122,136,152,152,250,250,263,283,300,15,28,28],"floor_reached":23,"playtime":832,"items_purged":[],"score":244,"play_id":"2e71f13a-fd64-4811-a715-d406473b8852","local_time":"20190206023106","is_ascension_mode":true,"campfire_choices":[{"floor":11,"key":"DIG"},{"floor":15,"key":"REST"}],"neow_cost":"NONE","seed_source_timestamp":2202254400745687,"circlet_count":0,"master_deck":["Strike_R","Strike_R","Strike_R","Strike_R","Defend_R","Defend_R","Defend_R","Bash","Armaments","Clash","Pommel Strike","Cleave","Twin Strike","Barricade","Inflame","Demon Form","Cleave+1","Clash","Heavy Blade","Limit Break"],"relics":["Burning Blood","Question Card","Blue Candle","Shovel","Gambling Chip","Anchor","Sozu","Vajra"],"potions_floor_usage":[16,16,16],"damage_taken":[{"damage":0,"enemies":"Small Slimes","floor":1,"turns":3},{"damage":50,"enemies":"Lagavulin","floor":6,"turns":7},{"damage":3,"enemies":"2 Louse","floor":8,"turns":2},{"damage":4,"enemies":"Jaw Worm","floor":10,"turns":3},{"damage":32,"enemies":"Gremlin Nob","floor":12,"turns":4},{"damage":3,"enemies":"Blue Slaver","floor":13,"turns":2},{"damage":0,"enemies":"Looter","floor":14,"turns":2},{"damage":59,"enemies":"Hexaghost","floor":16,"turns":10},{"damage":25,"enemies":"Shell Parasite","floor":18,"turns":4},{"damage":13,"enemies":"2 Thieves","floor":19,"turns":3},{"damage":41,"enemies":"Snake Plant","floor":20,"turns":5},{"damage":7,"enemies":"Cultist and Chosen","floor":22,"turns":6},{"damage":40,"enemies":"Book of Stabbing","floor":23,"turns":3}],"seed_played":"-5322583893561478008","potions_obtained":[{"floor":1,"key":"LiquidBronze"},{"floor":6,"key":"LiquidBronze"},{"floor":12,"key":"Block Potion"},{"floor":14,"key":"Regen Potion"}],"is_trial":false,"path_per_floor":["M","?","?","?","$","E","T","M","T","M","R","E","M","M","R","B",null,"M","M","M","$","M","E"],"character_chosen":"IRONCLAD","items_purchased":["Clash","Limit Break","Vajra"],"campfire_rested":1,"item_purchase_floors":[5,21,21],"current_hp_per_floor":[88,88,81,86,86,42,42,45,45,47,47,21,24,30,57,9,93,74,67,32,32,31,0],"gold":28,"neow_bonus":"TEN_PERCENT_HP_BONUS","is_prod":false,"is_daily":false,"chose_seed":false,"campfire_upgraded":0,"win_rate":0,"timestamp":1549380666,"path_taken":["M","?","?","?","?","E","?","?","T","M","R","E","M","M","R","BOSS","M","M","M","$","M","E"],"build_version":"2019-01-23","purchased_purges":0,"victory":false,"max_hp_per_floor":[88,88,88,93,93,93,93,93,93,93,93,93,93,93,93,93,93,93,93,93,93,93,93],"card_choices":[{"not_picked":["Seeing Red","Reckless Charge"],"picked":"Armaments","floor":1},{"not_picked":["Rage","Sword Boomerang","Combust"],"picked":"SKIP","floor":6},{"not_picked":["Carnage","Pummel","Rupture"],"picked":"Pommel Strike","floor":8},{"not_picked":["Twin Strike","Uppercut","Wild Strike"],"picked":"Cleave","floor":10},{"not_picked":["Battle Trance","Pommel Strike","Wild Strike"],"picked":"Twin Strike","floor":12},{"not_picked":["Entrench","Shrug It Off","Intimidate"],"picked":"Barricade","floor":13},{"not_picked":["Flex","Flame Barrier","Rampage"],"picked":"Inflame","floor":14},{"not_picked":["Brutality","Bludgeon","Juggernaut"],"picked":"Demon Form","floor":16},{"not_picked":["Burning Pact","Shrug It Off","Sword Boomerang+1"],"picked":"Cleave+1","floor":18},{"not_picked":["Armaments+1","Metallicize+1","Body Slam"],"picked":"Clash","floor":19},{"not_picked":["Sword Boomerang+1","Searing Blow","Ghostly Armor+1"],"picked":"Heavy Blade","floor":20},{"not_picked":["Warcry","Metallicize","Exhume","Sentinel"],"picked":"SKIP","floor":22}],"player_experience":271727,"relics_obtained":[{"floor":6,"key":"Question Card"},{"floor":7,"key":"Blue Candle"},{"floor":9,"key":"Shovel"},{"floor":11,"key":"Gambling Chip"},{"floor":12,"key":"Anchor"}],"event_choices":[{"cards_removed":["Defend_R"],"damage_healed":0,"gold_gain":0,"player_choice":"Card Removal","damage_taken":0,"max_hp_gain":0,"max_hp_loss":0,"event_name":"The Cleric","floor":2,"gold_loss":50},{"cards_removed":["Strike_R"],"damage_healed":0,"gold_gain":0,"player_choice":"Card Removal","damage_taken":7,"max_hp_gain":0,"max_hp_loss":0,"event_name":"Golden Wing","floor":3,"gold_loss":0},{"damage_healed":0,"gold_gain":0,"player_choice":"Donut","damage_taken":0,"max_hp_gain":5,"max_hp_loss":0,"event_name":"Big Fish","floor":4,"gold_loss":0}],"is_beta":false,"boss_relics":[{"not_picked":["Eternal Feather","Fusion Hammer"],"picked":"Sozu"}],"items_purged_floors":[],"is_endless":false,"potions_floor_spawned":[1,6,12,14,19,22],"killed_by":"Book of Stabbing","ascension_level":4}