{"gold_per_floor":[116,135,23,0,15,15,15,28,101,116,116,66,66,79,79,155,155,171,171,181,199,218,218,88,88,113,113],"floor_reached":27,"playtime":832,"items_purged":["Strike_B","Strike_B"],"score":510,"play_id":"fdd77808-e193-4647-a466-1f1c41490c1b","local_time":"20190106220555","is_ascension_mode":true,"campfire_choices":[{"data":"Zap","floor":6,"key":"SMITH"},{"data":"Electrodynamics","floor":11,"key":"SMITH"},{"data":"Coolheaded","floor":13,"key":"SMITH"},{"data":"Capacitor","floor":15,"key":"SMITH"},{"data":"Electrodynamics","floor":23,"key":"SMITH"},{"floor":25,"key":"REST"}],"neow_cost":"TEN_PERCENT_HP_LOSS","seed_source_timestamp":72411548893272,"circlet_count":0,"master_deck":["AscendersBane","Strike_B","Defend_B","Defend_B","Defend_B","Defend_B","Zap+1","Dualcast","Electrodynamics+1","Self Repair","Capacitor+1","Coolheaded+1","Cold Snap","Electrodynamics+1","Rainbow","BootSequence","Conserve Battery"],"relics":["Cracked Core","Mercury Hourglass","Busted Crown","Bronze Scales","Orichalcum"],"potions_floor_usage":[],"damage_taken":[{"damage":5,"enemies":"Small Slimes","floor":1,"turns":3},{"damage":0,"enemies":"2 Louse","floor":2,"turns":1},{"damage":2,"enemies":"Cultist","floor":5,"turns":4},{"damage":8,"enemies":"3 Louse","floor":8,"turns":3},{"damage":12,"enemies":"Gremlin Gang","floor":10,"turns":3},{"damage":10,"enemies":"Exordium Thugs","floor":14,"turns":4},{"damage":0,"enemies":"Slime Boss","floor":16,"turns":6},{"damage":0,"enemies":"3 Byrds","floor":18,"turns":2},{"damage":25,"enemies":"2 Thieves","floor":20,"turns":3},{"damage":9,"enemies":"Chosen and Byrds","floor":21,"turns":5},{"damage":8,"enemies":"Centurion and Healer","floor":22,"turns":4},{"damage":48,"enemies":"Book of Stabbing","floor":27,"turns":3}],"seed_played":"-5027203603974401357","potions_obtained":[{"floor":1,"key":"Ancient Potion"},{"floor":5,"key":"FearPotion"},{"floor":20,"key":"SpeedPotion"},{"floor":22,"key":"Swift Potion"}],"is_trial":false,"path_per_floor":["M","M","$","?","M","R","?","M","T","M","R","$","R","M","R","B",null,"M","?","M","M","M","R","$","R","T","E"],"character_chosen":"DEFECT","items_purchased":["Self Repair","Cold Snap","Conserve Battery"],"campfire_rested":1,"item_purchase_floors":[3,12,24],"current_hp_per_floor":[59,59,59,59,64,64,64,63,63,51,51,51,51,48,48,55,62,62,62,37,35,27,27,27,46,46,0],"gold":113,"neow_bonus":"THREE_RARE_CARDS","is_prod":false,"is_daily":false,"chose_seed":false,"campfire_upgraded":5,"win_rate":0,"timestamp":1546772755,"path_taken":["M","M","$","?","M","R","?","M","T","?","R","$","R","M","R","BOSS","M","?","?","M","M","R","$","R","T","E"],"build_version":"2018-11-15","purchased_purges":2,"victory":false,"max_hp_per_floor":[64,64,64,64,64,64,64,64,64,64,64,64,64,64,64,64,64,64,64,64,64,64,64,64,64,64,64],"card_choices":[{"not_picked":["Seek","All For One"],"picked":"Electrodynamics","floor":0},{"not_picked":["Aggregate","Beam Cell","Steam"],"picked":"SKIP","floor":1},{"not_picked":["Rebound","Stack","Compile Driver"],"picked":"SKIP","floor":2},{"not_picked":["Coolheaded","Recycle"],"picked":"Capacitor","floor":5},{"not_picked":["Consume","Hello World","Beam Cell"],"picked":"SKIP","floor":8},{"not_picked":["Go for the Eyes","Hello World"],"picked":"Coolheaded","floor":10},{"not_picked":["Go for the Eyes","Streamline"],"picked":"Electrodynamics","floor":14},{"not_picked":["Amplify","All For One"],"picked":"Rainbow","floor":16},{"not_picked":[],"picked":"BootSequence","floor":18},{"not_picked":["Steam"],"picked":"SKIP","floor":20},{"not_picked":["Scrape"],"picked":"SKIP","floor":21},{"not_picked":["Streamline"],"picked":"SKIP","floor":22}],"player_experience":1002153,"relics_obtained":[{"floor":9,"key":"Mercury Hourglass"},{"floor":26,"key":"Orichalcum"}],"event_choices":[{"damage_healed":0,"gold_gain":0,"player_choice":"Left Gold","damage_taken":0,"max_hp_gain":0,"max_hp_loss":0,"event_name":"World of Goop","floor":4,"gold_loss":23},{"cards_removed":["Strike_B"],"damage_healed":0,"gold_gain":0,"player_choice":"Purged","damage_taken":0,"max_hp_gain":0,"max_hp_loss":0,"event_name":"Purifier","floor":7,"gold_loss":0},{"damage_healed":0,"gold_gain":0,"player_choice":"Gave Potion","damage_taken":0,"relics_obtained":["Bronze Scales"],"max_hp_gain":0,"max_hp_loss":0,"event_name":"WeMeetAgain","floor":19,"gold_loss":0}],"is_beta":true,"boss_relics":[{"not_picked":["Fusion Hammer","Lizard Tail"],"picked":"Busted Crown"}],"items_purged_floors":[3,24],"is_endless":false,"potions_floor_spawned":[1,5,14,16,20,22],"killed_by":"Book of Stabbing","ascension_level":20}