{"path_per_floor":["M","?","M","T","M","R","M","E","T","R","$","E","M","E","R","B",null,"M","M","?","$","?","E","M","R","T","E","R","$","M","$","R","B",null,"M","?","?","?","M","R","M","?","T","$","M","$","R","M","R","B"],"character_chosen":"IRONCLAD","items_purchased":["Power Through","Oddly Smooth Stone","Reckless Charge","Offering","Lee\u0027s Waffle","Magnetism"],"gold_per_floor":[218,218,234,234,247,247,264,298,298,298,63,92,104,138,138,237,237,248,263,292,158,83,110,125,125,174,207,207,207,223,92,92,195,195,214,214,436,436,448,448,468,468,494,327,340,90,90,104,104,104],"floor_reached":51,"campfire_rested":1,"playtime":4244,"item_purchase_floors":[],"current_hp_per_floor":[78,78,80,80,80,80,76,59,59,59,59,54,55,43,43,42,71,83,79,61,61,61,72,75,75,75,48,48,48,53,53,80,34,84,89,89,89,79,82,82,73,73,80,119,118,118,118,116,116,91],"items_purged":["Strike_R","Strike_R","Strike_R"],"gold":104,"score":998,"play_id":"7af700dc-22dc-4260-a666-ed31bfca377b","local_time":"20180613075843","is_prod":false,"is_daily":false,"chose_seed":false,"is_ascension_mode":true,"campfire_upgraded":8,"win_rate":0,"timestamp":1528901923,"campfire_choices":[{"data":"Bash","floor":6.0,"key":"SMITH"},{"data":"Twin Strike","floor":10.0,"key":"SMITH"},{"data":"Armaments","floor":15.0,"key":"SMITH"},{"data":"Disarm","floor":25.0,"key":"SMITH"},{"data":"Shockwave","floor":28.0,"key":"SMITH"},{"floor":32.0,"key":"REST"},{"data":"Dark Shackles","floor":40.0,"key":"SMITH"},{"data":"Offering","floor":47.0,"key":"SMITH"},{"data":"Inflame","floor":49.0,"key":"SMITH"}],"path_taken":["M","?","M","?","M","R","M","E","T","R","$","E","M","E","R","BOSS","M","M","?","$","?","E","M","R","T","E","R","?","?","$","R","BOSS","M","?","?","?","?","R","M","?","T","$","M","$","R","M","R","BOSS"],"build_version":"2018-06-07v3","seed_source_timestamp":0,"purchased_purges":3,"victory":true,"master_deck":["Strike_R","Defend_R","Defend_R","Defend_R+1","Defend_R+1","Bash+1","Twin Strike+1","Inflame+1","Spot Weakness","Disarm+1","Cleave","Power Through","Evolve","Armaments+1","Metallicize","Feed","Shockwave+1","Reckless Charge","Thunderclap","Offering+1","Offering","Clothesline+1","Sadistic Nature","Dark Shackles+1","Thinking Ahead","Heavy Blade+1","Magnetism","Uppercut"],"max_hp_per_floor":[80,80,80,80,80,80,80,80,80,80,80,80,80,80,80,80,80,83,83,86,86,86,89,89,89,89,89,89,89,92,92,92,92,98,98,98,98,98,102,102,105,105,112,119,119,119,119,119,119,119],"relics":["Burning Blood","Darkstone Periapt","The Courier","Magic Flower","Oddly Smooth Stone","War Paint","Torii","Sozu","Red Mask","Toolbox","Anchor","Omamori","Calling Bell","Lantern","Ornamental Fan","Unceasing Top","Spirit Poop","Strawberry","Lee\u0027s Waffle"],"card_choices":[{"not_picked":["Sword Boomerang","Havoc"],"picked":"Twin Strike","floor":1.0},{"not_picked":["Perfected Strike","Anger"],"picked":"Inflame","floor":3.0},{"not_picked":["Twin Strike","Inflame"],"picked":"Spot Weakness","floor":5.0},{"not_picked":["Thunderclap","Sword Boomerang"],"picked":"Disarm","floor":7.0},{"not_picked":["Combust","Body Slam"],"picked":"Cleave","floor":8.0},{"not_picked":["Anger","Sentinel"],"picked":"Evolve","floor":12.0},{"not_picked":["Entrench","Sword Boomerang"],"picked":"Armaments","floor":13.0},{"not_picked":["Demon Form","Seeing Red"],"picked":"Metallicize","floor":14.0},{"not_picked":["Bludgeon","Berserk"],"picked":"Feed","floor":16.0},{"not_picked":["Warcry","Burning Pact"],"picked":"Shockwave","floor":18.0},{"not_picked":["Burning Pact","Pommel Strike+1","Wild Strike"],"picked":"SKIP","floor":19.0},{"not_picked":["Blood for Blood","Berserk"],"picked":"Thunderclap","floor":23.0},{"not_picked":["Hemokinesis","Iron Wave","Wild Strike"],"picked":"SKIP","floor":24.0},{"not_picked":["Flex","Sword Boomerang","Infernal Blade"],"picked":"SKIP","floor":27.0},{"not_picked":["Sword Boomerang","Shockwave","Entrench"],"picked":"SKIP","floor":30.0},{"not_picked":["Fiend Fire","Berserk"],"picked":"Offering","floor":33.0},{"not_picked":["Blood for Blood","Spot Weakness+1"],"picked":"Clothesline","floor":35.0},{"not_picked":["Blind","Deep Breath"],"picked":"Sadistic Nature","floor":38.0},{"not_picked":["Flash of Steel","Bandage Up"],"picked":"Dark Shackles","floor":38.0},{"not_picked":["Bandage Up","Mind Blast"],"picked":"Thinking Ahead","floor":38.0},{"not_picked":["Uppercut","Perfected Strike+1"],"picked":"Heavy Blade+1","floor":39.0},{"not_picked":["Clash","Heavy Blade+1","Headbutt+1"],"picked":"SKIP","floor":41.0},{"not_picked":["Flex+1","Anger","Hemokinesis+1"],"picked":"SKIP","floor":45.0},{"not_picked":["Wild Strike","Warcry"],"picked":"Uppercut","floor":48.0}],"player_experience":847788,"potions_floor_usage":[],"damage_taken":[{"damage":0.0,"enemies":"Small Slimes","floor":1.0,"turns":3.0},{"damage":1.0,"enemies":"Cultist","floor":3.0,"turns":4.0},{"damage":3.0,"enemies":"Jaw Worm","floor":5.0,"turns":4.0},{"damage":10.0,"enemies":"Exordium Thugs","floor":7.0,"turns":5.0},{"damage":23.0,"enemies":"Lagavulin","floor":8.0,"turns":5.0},{"damage":14.0,"enemies":"Gremlin Nob","floor":12.0,"turns":4.0},{"damage":8.0,"enemies":"3 Louse","floor":13.0,"turns":3.0},{"damage":21.0,"enemies":"3 Sentries","floor":14.0,"turns":5.0},{"damage":10.0,"enemies":"Hexaghost","floor":16.0,"turns":11.0},{"damage":0.0,"enemies":"Chosen","floor":18.0,"turns":5.0},{"damage":13.0,"enemies":"Spheric Guardian","floor":19.0,"turns":5.0},{"damage":32.0,"floor":20.0,"turns":6.0},{"damage":3.0,"enemies":"Book of Stabbing","floor":23.0,"turns":6.0},{"damage":6.0,"enemies":"Snecko","floor":24.0,"turns":5.0},{"damage":36.0,"enemies":"Gremlin Leader","floor":27.0,"turns":7.0},{"damage":9.0,"enemies":"3 Cultists","floor":30.0,"turns":5.0},{"damage":55.0,"enemies":"Collector","floor":33.0,"turns":12.0},{"damage":4.0,"enemies":"3 Darklings","floor":35.0,"turns":5.0},{"damage":12.0,"enemies":"3 Shapes","floor":39.0,"turns":5.0},{"damage":23.0,"enemies":"Sphere and 2 Shapes","floor":41.0,"turns":6.0},{"damage":10.0,"enemies":"4 Shapes","floor":45.0,"turns":4.0},{"damage":17.0,"enemies":"3 Darklings","floor":48.0,"turns":6.0},{"damage":34,"enemies":"Donu and Deca","floor":50,"turns":9}],"relics_obtained":[{"floor":4.0,"key":"Darkstone Periapt"},{"floor":8.0,"key":"The Courier"},{"floor":9.0,"key":"Magic Flower"},{"floor":12.0,"key":"War Paint"},{"floor":14.0,"key":"Torii"},{"floor":20.0,"key":"Red Mask"},{"floor":23.0,"key":"Toolbox"},{"floor":26.0,"key":"Anchor"},{"floor":27.0,"key":"Omamori"},{"floor":34.0,"key":"Lantern"},{"floor":34.0,"key":"Ornamental Fan"},{"floor":34.0,"key":"Unceasing Top"},{"floor":43.0,"key":"Strawberry"}],"event_choices":[{"event_name":"The Woman in Blue","player_choice":"Bought 0 Potions","floor":2.0,"damage_taken":0.0},{"event_name":"Masked Bandits","player_choice":"Fought over 263 gold","floor":20.0,"damage_taken":0.0},{"event_name":"Beggar","player_choice":"Gave Gold","floor":22.0,"damage_taken":0.0},{"event_name":"Upgrade Shrine","player_choice":"Upgraded","floor":36.0,"damage_taken":0.0},{"event_name":"Tomb of Lord Red Mask","player_choice":"Wore Mask","floor":37.0,"damage_taken":0.0},{"event_name":"SensoryStone","player_choice":"Memory 3","floor":38.0,"damage_taken":0.0},{"event_name":"Bonfire Elementals","player_choice":"CURSE","floor":42.0,"damage_taken":0.0}],"boss_relics":[{"not_picked":["Cursed Key","Lizard Tail"],"picked":"Sozu"},{"not_picked":["Runic Dome","Philosopher\u0027s Stone"],"picked":"Calling Bell"}],"items_purged_floors":[],"potions_floor_spawned":[5,12,14,16,19,24,33,39,41,48],"seed_played":"-4389679091903997254","ascension_level":8,"potions_obtained":[{"floor":5.0,"key":"Energy Potion"},{"floor":12.0,"key":"PowerPotion"},{"floor":14.0,"key":"Swift Potion"},{"floor":16.0,"key":"Block Potion"}],"is_trial":false}