{"gold_per_floor":[209,223,223,31,31,65,65,77,77,0,16,29,29,40,40,143,143,156,9,24,43,43,43,43,43,43,43,86,108,135,159,171,283,295,323,335,447,178,178,236,246,260,260,280,298,298,314,330,330,330],"floor_reached":50,"playtime":2777,"items_purged":["Clash"],"score":697,"play_id":"a1f82a7a-44c0-4f84-ac9e-b038b38b6975","local_time":"20190203004729","is_ascension_mode":true,"campfire_choices":[{"data":"Armaments","floor":7,"key":"SMITH"},{"data":"Armaments","floor":13,"key":"SMITH"},{"data":"Uppercut","floor":15,"key":"SMITH"},{"floor":23,"key":"REST"},{"floor":27,"key":"DIG"},{"floor":32,"key":"REST"},{"floor":46,"key":"REST"},{"floor":49,"key":"REST"}],"neow_cost":"NONE","seed_source_timestamp":14040362080243,"circlet_count":0,"master_deck":["Bash","Headbutt","Body Slam","Armaments+1","Offering","Armaments+1","Uppercut+1","Iron Wave","Body Slam","Exhume","Shrug It Off+1","Shrug It Off+1","Body Slam+1","Limit Break+1","Infernal Blade+1","Disarm","Exhume","Infernal Blade","Pummel","Rampage","Clothesline","Headbutt+1","Spot Weakness","Master of Strategy","Havoc+1","Pommel Strike+1","Battle Trance+1"],"relics":["Burning Blood","Shuriken","Vajra","Regal Pillow","Fusion Hammer","PreservedInsect","Shovel","MawBank","Champion Belt","Pandora\u0027s Box","StoneCalendar","Tiny Chest","The Courier"],"potions_floor_usage":[11,37,40,41,42,50,50,50],"damage_taken":[{"damage":6,"enemies":"Cultist","floor":1,"turns":3},{"damage":4,"enemies":"2 Louse","floor":2,"turns":4},{"damage":36,"enemies":"3 Sentries","floor":6,"turns":9},{"damage":1,"enemies":"Small Slimes","floor":8,"turns":3},{"damage":6,"enemies":"Looter","floor":11,"turns":2},{"damage":0,"enemies":"Exordium Wildlife","floor":12,"turns":4},{"damage":6,"enemies":"Gremlin Gang","floor":14,"turns":7},{"damage":26,"enemies":"Hexaghost","floor":16,"turns":9},{"damage":6,"enemies":"Chosen","floor":18,"turns":4},{"damage":21,"enemies":"3 Byrds","floor":20,"turns":5},{"damage":9,"enemies":"Cultist and Chosen","floor":21,"turns":5},{"damage":7,"enemies":"Book of Stabbing","floor":28,"turns":2},{"damage":35,"enemies":"Shelled Parasite and Fungi","floor":29,"turns":5},{"damage":6,"enemies":"Snake Plant","floor":30,"turns":2},{"damage":12,"enemies":"3 Cultists","floor":31,"turns":5},{"damage":63,"enemies":"Automaton","floor":33,"turns":8},{"damage":28,"enemies":"3 Shapes","floor":35,"turns":3},{"damage":12,"enemies":"Mind Bloom Boss Battle","floor":37,"turns":5},{"damage":42,"enemies":"Reptomancer","floor":40,"turns":4},{"damage":6,"enemies":"3 Darklings","floor":41,"turns":4},{"damage":6,"enemies":"4 Shapes","floor":42,"turns":3},{"damage":13,"enemies":"Spire Growth","floor":44,"turns":3},{"damage":6,"enemies":"Maw","floor":45,"turns":6},{"damage":7,"enemies":"4 Shapes","floor":47,"turns":7},{"damage":22,"enemies":"3 Darklings","floor":48,"turns":4},{"damage":91,"enemies":"Awakened One","floor":50,"turns":6}],"seed_played":"-1271011033519234117","potions_obtained":[{"floor":6,"key":"Swift Potion"},{"floor":12,"key":"SteroidPotion"},{"floor":20,"key":"Swift Potion"},{"floor":29,"key":"BloodPotion"},{"floor":30,"key":"LiquidBronze"},{"floor":33,"key":"BloodPotion"},{"floor":37,"key":"EssenceOfSteel"},{"floor":41,"key":"Block Potion"},{"floor":44,"key":"SteroidPotion"},{"floor":48,"key":"AttackPotion"}],"is_trial":false,"path_per_floor":["M","M","?","$","?","E","R","M","T","$","M","M","R","M","R","B",null,"M","$","M","M","?","R","$","?","T","R","E","M","M","M","R","B",null,"M","?","?","$","?","E","M","M","T","M","M","R","M","M","R","B"],"character_chosen":"IRONCLAD","items_purchased":["Vajra","Armaments","Uppercut","PreservedInsect","Spot Weakness","Master of Strategy"],"campfire_rested":4,"item_purchase_floors":[4,4,10,19,38,38],"current_hp_per_floor":[72,74,56,56,56,26,26,31,31,31,31,37,37,37,37,17,64,64,64,49,46,46,80,80,80,80,80,79,50,50,44,80,23,66,44,44,46,46,46,18,18,18,18,11,11,50,49,33,72,0],"gold":330,"neow_bonus":"HUNDRED_GOLD","is_prod":false,"is_daily":false,"chose_seed":false,"campfire_upgraded":3,"win_rate":0,"timestamp":1549151249,"path_taken":["M","M","?","$","?","E","R","M","T","$","M","M","R","M","R","BOSS","M","?","M","M","?","R","$","?","T","R","E","M","M","?","R","BOSS","M","?","?","$","?","E","M","M","T","M","?","R","M","M","R","BOSS"],"build_version":"2019-01-23","purchased_purges":1,"victory":false,"max_hp_per_floor":[80,80,80,80,80,80,80,80,80,80,80,80,80,80,80,80,80,80,80,80,80,80,80,80,80,80,80,80,80,80,80,80,80,80,80,80,80,80,80,80,80,80,80,80,80,80,80,80,80,80],"card_choices":[{"not_picked":["Iron Wave","Ghostly Armor"],"picked":"Headbutt","floor":1},{"not_picked":["Sword Boomerang","Cleave"],"picked":"Body Slam","floor":2},{"not_picked":["Thunderclap","Hemokinesis","Dropkick"],"picked":"SKIP","floor":6},{"not_picked":["Perfected Strike","Combust"],"picked":"Armaments","floor":8},{"not_picked":["Cleave","Dropkick"],"picked":"Iron Wave","floor":11},{"not_picked":["Shrug It Off","True Grit"],"picked":"Body Slam","floor":12},{"not_picked":["Clothesline","Feel No Pain","Pommel Strike"],"picked":"SKIP","floor":14},{"not_picked":["Brutality","Immolate"],"picked":"Exhume","floor":16},{"not_picked":["Armaments","Second Wind"],"picked":"Shrug It Off+1","floor":18},{"not_picked":["Sword Boomerang","Anger"],"picked":"Shrug It Off+1","floor":20},{"not_picked":["Iron Wave","Shockwave"],"picked":"Body Slam+1","floor":21},{"not_picked":["Anger","Sever Soul"],"picked":"Limit Break","floor":28},{"not_picked":["Armaments","True Grit","Headbutt"],"picked":"SKIP","floor":29},{"not_picked":["Pommel Strike","Corruption","Feel No Pain+1"],"picked":"SKIP","floor":30},{"not_picked":["Uppercut","Perfected Strike"],"picked":"Infernal Blade+1","floor":31},{"not_picked":["Corruption","Body Slam+1"],"picked":"Headbutt+1","floor":35},{"not_picked":["Feel No Pain+1","Iron Wave","Dual Wield"],"picked":"SKIP","floor":40},{"not_picked":["Evolve","Pommel Strike"],"picked":"Havoc+1","floor":41},{"not_picked":["Seeing Red","Body Slam"],"picked":"Pommel Strike+1","floor":42},{"not_picked":["Havoc+1","Dark Embrace"],"picked":"Battle Trance+1","floor":44},{"not_picked":["Sentinel","Headbutt+1","Sword Boomerang+1"],"picked":"SKIP","floor":45},{"not_picked":["Pommel Strike","Cleave+1","Warcry"],"picked":"SKIP","floor":47},{"not_picked":["Perfected Strike+1","Blood for Blood+1","Fire Breathing"],"picked":"SKIP","floor":48}],"player_experience":236814,"relics_obtained":[{"floor":6,"key":"Regal Pillow"},{"floor":26,"key":"Shovel"},{"floor":27,"key":"MawBank"},{"floor":28,"key":"Champion Belt"},{"floor":37,"key":"StoneCalendar"},{"floor":40,"key":"Tiny Chest"},{"floor":43,"key":"The Courier"}],"event_choices":[{"damage_healed":0,"gold_gain":0,"player_choice":"Success","damage_taken":18,"relics_obtained":["Shuriken"],"max_hp_gain":0,"max_hp_loss":0,"event_name":"Scrap Ooze","floor":3,"gold_loss":0},{"damage_healed":0,"gold_gain":0,"cards_transformed":["Strike_R"],"player_choice":"Transformed","damage_taken":0,"max_hp_gain":0,"max_hp_loss":0,"event_name":"Transmorgrifier","floor":5,"gold_loss":0,"cards_obtained":["Offering"]},{"damage_healed":0,"gold_gain":0,"player_choice":"Ignored","damage_taken":0,"max_hp_gain":0,"max_hp_loss":0,"event_name":"Ghosts","floor":22,"gold_loss":0},{"damage_healed":0,"gold_gain":0,"player_choice":"0 cards matched","damage_taken":0,"max_hp_gain":0,"max_hp_loss":0,"event_name":"Match and Keep!","floor":25,"gold_loss":0,"cards_obtained":[]},{"cards_removed":["Rupture"],"damage_healed":0,"gold_gain":0,"player_choice":"Removed Power","damage_taken":0,"max_hp_gain":0,"max_hp_loss":0,"event_name":"Falling","floor":36,"gold_loss":0},{"damage_healed":0,"gold_gain":0,"player_choice":"Fight","damage_taken":0,"max_hp_gain":0,"max_hp_loss":0,"event_name":"MindBloom","floor":37,"gold_loss":0},{"damage_healed":0,"gold_gain":0,"player_choice":"Upgraded","damage_taken":0,"max_hp_gain":0,"max_hp_loss":0,"event_name":"Upgrade Shrine","floor":39,"gold_loss":0,"cards_upgraded":["Limit Break"]}],"is_beta":true,"boss_relics":[{"not_picked":["Mark of Pain","Black Star"],"picked":"Fusion Hammer"},{"not_picked":["Cursed Key","Runic Dome"],"picked":"Pandora\u0027s Box"}],"items_purged_floors":[38],"is_endless":false,"potions_floor_spawned":[6,12,20,29,30,33,37,41,44,48],"killed_by":"Awakened One","ascension_level":8}