{"path_per_floor":["M","M","?","M","M","R","M","E","T","R","M","$","M","T","R","B",null,"M","?","M","$","$","R","M","R","T","R","T","E","M","M","R"],"character_chosen":"THE_SILENT","items_purchased":["Noxious Fumes","Bandage Up","Finisher"],"gold_per_floor":[111,126,51,70,90,90,103,136,189,189,206,12,27,27,27,99,99,117,32,51,51,51,51,65,65,65,65,120,154,169,179,179,179],"floor_reached":33,"campfire_rested":0,"playtime":2481,"item_purchase_floors":[],"current_hp_per_floor":[58,57,57,57,51,51,40,33,33,33,33,33,37,37,37,19,54,40,40,38,38,38,38,40,40,40,40,40,34,40,46,46,0],"items_purged":[],"gold":179,"score":471,"play_id":"0915b416-1100-4112-98a6-41fb2e73959b","local_time":"20180619090752","is_prod":false,"is_daily":false,"chose_seed":false,"is_ascension_mode":true,"campfire_upgraded":7,"win_rate":0,"timestamp":1529424472,"campfire_choices":[{"data":"Phantasmal Killer","floor":6.0,"key":"SMITH"},{"data":"Cloak And Dagger","floor":10.0,"key":"SMITH"},{"data":"Malaise","floor":15.0,"key":"SMITH"},{"data":"Noxious Fumes","floor":23.0,"key":"SMITH"},{"data":"Blur","floor":25.0,"key":"SMITH"},{"data":"Finisher","floor":27.0,"key":"SMITH"},{"data":"Bane","floor":32.0,"key":"SMITH"}],"path_taken":["M","?","?","M","M","R","?","E","T","R","M","?","?","?","R","BOSS","M","?","M","?","$","R","M","R","T","R","?","E","M","M","R","BOSS"],"build_version":"2018-06-14v2","seed_source_timestamp":485148423046954,"purchased_purges":0,"victory":false,"master_deck":["Defend_G","Defend_G","Defend_G","Defend_G","Defend_G","Strike_G","Strike_G","Strike_G","Strike_G","Survivor","Neutralize","AscendersBane","Phantasmal Killer+1","Blade Dance","Backstab","Cloak And Dagger","Blur+1","Cloak And Dagger+1","Malaise+1","Noxious Fumes+1","Bandage Up","Finisher+1","Venomology","Deflect+1","Caltrops","Dagger Spray+1","Infinite Blades","Backstab","Bane+1"],"max_hp_per_floor":[66,66,66,66,66,66,66,66,66,66,66,66,66,66,66,66,66,66,66,66,66,66,66,66,66,66,66,66,66,66,66,66,66],"special_seed":0,"relics":["Ring of the Snake","Bird Faced Urn","Omamori","Orichalcum","Cursed Key","Matryoshka","Dream Catcher","Art of War","Blue Candle","Boot","Pen Nib"],"card_choices":[{"not_picked":["Underhanded Strike","Backflip"],"picked":"Blade Dance","floor":1.0},{"not_picked":["Concentrate","Deflect"],"picked":"Backstab","floor":2.0},{"not_picked":["Deflect","Calculated Gamble"],"picked":"Cloak And Dagger","floor":4.0},{"not_picked":["Calculated Gamble","Blade Dance"],"picked":"Blur","floor":5.0},{"not_picked":["Riddle With Holes","Dodge and Roll"],"picked":"Cloak And Dagger","floor":7.0},{"not_picked":["All Out Attack","Slice"],"picked":"Malaise","floor":8.0},{"not_picked":["Doppelganger","Eviscerate","Bane"],"picked":"SKIP","floor":11.0},{"not_picked":["PiercingWail","Quick Slash","Riddle With Holes"],"picked":"SKIP","floor":13.0},{"not_picked":["Night Terror","Bullet Time"],"picked":"Venomology","floor":16.0},{"not_picked":["Flying Knee","Masterful Stab+1"],"picked":"Deflect+1","floor":18.0},{"not_picked":["Backflip","Escape Plan"],"picked":"Caltrops","floor":20.0},{"not_picked":["Deadly Poison","Dagger Throw"],"picked":"Dagger Spray+1","floor":24.0},{"not_picked":["Grand Finale","Dagger Spray"],"picked":"Infinite Blades","floor":29.0},{"not_picked":["Quick Slash","PiercingWail"],"picked":"Backstab","floor":30.0},{"not_picked":["Sucker Punch","Poisoned Stab"],"picked":"Bane","floor":31.0}],"player_experience":885815,"potions_floor_usage":[33,33,33],"damage_taken":[{"damage":1.0,"enemies":"Cultist","floor":1.0,"turns":4.0},{"damage":1.0,"enemies":"Small Slimes","floor":2.0,"turns":5.0},{"damage":0.0,"enemies":"Jaw Worm","floor":4.0,"turns":5.0},{"damage":6.0,"enemies":"3 Louse","floor":5.0,"turns":4.0},{"damage":11.0,"enemies":"Large Slime","floor":7.0,"turns":12.0},{"damage":7.0,"enemies":"3 Sentries","floor":8.0,"turns":11.0},{"damage":0.0,"enemies":"Exordium Wildlife","floor":11.0,"turns":3.0},{"damage":0.0,"enemies":"Exordium Thugs","floor":13.0,"turns":5.0},{"damage":24.0,"enemies":"Hexaghost","floor":16.0,"turns":13.0},{"damage":20.0,"enemies":"3 Byrds","floor":18.0,"turns":6.0},{"damage":8.0,"enemies":"Shell Parasite","floor":20.0,"turns":6.0},{"damage":6.0,"enemies":"3 Cultists","floor":24.0,"turns":4.0},{"damage":14.0,"enemies":"Gremlin Leader","floor":29.0,"turns":8.0},{"damage":2.0,"enemies":"Centurion and Healer","floor":30.0,"turns":6.0},{"damage":4.0,"enemies":"Snecko","floor":31.0,"turns":5.0},{"damage":56,"enemies":"Collector","floor":33,"turns":6}],"relics_obtained":[{"floor":8.0,"key":"Bird Faced Urn"},{"floor":9.0,"key":"Omamori"},{"floor":14.0,"key":"Orichalcum"},{"floor":26.0,"key":"Dream Catcher"},{"floor":26.0,"key":"Art of War"},{"floor":28.0,"key":"Blue Candle"},{"floor":28.0,"key":"Boot"},{"floor":29.0,"key":"Pen Nib"}],"event_choices":[{"event_name":"The Cleric","player_choice":"Card Removal","floor":3.0,"damage_taken":0.0},{"event_name":"Addict","player_choice":"Obtained Relic","floor":19.0,"damage_taken":0.0}],"boss_relics":[{"not_picked":["Runic Dome","Ectoplasm"],"picked":"Cursed Key"}],"items_purged_floors":[],"is_endless":false,"potions_floor_spawned":[1,5,8,11,20,30],"seed_played":"6946575962398829722","killed_by":"Collector","ascension_level":15,"potions_obtained":[{"floor":1.0,"key":"GamblersBrew"},{"floor":5.0,"key":"SpeedPotion"},{"floor":20.0,"key":"Block Potion"},{"floor":30.0,"key":"Weak Potion"}],"is_trial":false}