{"gold_per_floor":[113,60,60,10,10,10,43,43,43,43,54,73,89,14,14,113,113,127,127,127,127,142,142,142],"floor_reached":24,"playtime":1048,"items_purged":["Strike_B+1"],"score":282,"play_id":"b539c9f9-73ea-41c6-9255-29f43c746f47","local_time":"20180730181205","is_ascension_mode":true,"campfire_choices":[{"data":"Zap","floor":6,"key":"SMITH"},{"data":"Consume","floor":8,"key":"SMITH"},{"data":"Capacitor","floor":15,"key":"SMITH"},{"data":"Dualcast","floor":23,"key":"SMITH"}],"neow_cost":"NONE","seed_source_timestamp":36096757359661,"circlet_count":0,"master_deck":["Strike_B+1","Strike_B+1","Defend_B","Defend_B","Defend_B+1","Defend_B","Zap+1","Dualcast+1","Reinforced Body","Conserve Battery","Consume+1","Capacitor+1","Ball Lightning","Cold Snap","Electrodynamics","Cold Snap+1","White Noise+1"],"relics":["Cracked Core","NeowsBlessing","Whetstone","Potion Belt","Inserter"],"potions_floor_usage":[16],"damage_taken":[{"damage":0,"enemies":"2 Louse","floor":1,"turns":1},{"damage":0,"enemies":"Gremlin Nob","floor":7,"turns":1},{"damage":0,"enemies":"Small Slimes","floor":11,"turns":1},{"damage":4,"enemies":"Jaw Worm","floor":12,"turns":3},{"damage":16,"enemies":"Exordium Wildlife","floor":13,"turns":5},{"damage":24,"enemies":"The Guardian","floor":16,"turns":7},{"damage":0,"enemies":"Chosen","floor":18,"turns":4},{"damage":1,"enemies":"3 Byrds","floor":22,"turns":3},{"damage":48,"enemies":"Slaver and Parasite","floor":24,"turns":3}],"seed_played":"569222477959820308","potions_obtained":[{"floor":1,"key":"Ancient Potion"},{"floor":11,"key":"LiquidBronze"},{"floor":18,"key":"SteroidPotion"},{"floor":22,"key":"Ancient Potion"}],"is_trial":false,"path_per_floor":["M","$","?","?","$","R","E","R","T","$","M","M","M","$","R","B",null,"M","?","$","?","M","R"],"character_chosen":"DEFECT","items_purchased":["Conserve Battery"],"campfire_rested":0,"item_purchase_floors":[2],"current_hp_per_floor":[68,68,53,53,53,53,53,53,53,53,53,49,33,33,33,9,59,59,45,45,45,44,44,0],"gold":142,"neow_bonus":"THREE_ENEMY_KILL","is_prod":false,"is_daily":false,"chose_seed":false,"campfire_upgraded":4,"win_rate":0,"timestamp":1532938325,"path_taken":["M","$","?","?","$","R","E","R","T","?","M","M","?","?","R","BOSS","M","?","$","?","?","R","?"],"build_version":"2018-07-26","purchased_purges":1,"victory":false,"max_hp_per_floor":[75,75,75,75,75,75,75,75,75,75,75,75,75,75,75,75,75,75,80,80,80,80,80,80],"card_choices":[{"not_picked":["Genetic Algorithm","Rebound"],"picked":"Reinforced Body","floor":1},{"not_picked":["Barrage","Hologram"],"picked":"Consume","floor":7},{"not_picked":["Genetic Algorithm","Go for the Eyes"],"picked":"Capacitor","floor":11},{"not_picked":["Hyperbeam","Leap"],"picked":"Ball Lightning","floor":12},{"not_picked":["Stack","Recycle"],"picked":"Cold Snap","floor":13},{"not_picked":["Fission","Reboot"],"picked":"Electrodynamics","floor":16},{"not_picked":["Rip and Tear","Compile Driver"],"picked":"Cold Snap+1","floor":18},{"not_picked":["Capacitor","Streamline"],"picked":"White Noise+1","floor":22}],"player_experience":568439,"relics_obtained":[{"floor":7,"key":"Whetstone"},{"floor":9,"key":"Potion Belt"}],"event_choices":[{"event_name":"Shining Light","player_choice":"Entered Light","floor":3,"damage_taken":0},{"event_name":"The Cleric","player_choice":"Card Removal","floor":4,"damage_taken":0},{"event_name":"Forgotten Altar","player_choice":"Shed Blood","floor":19,"damage_taken":0},{"event_name":"Ghosts","player_choice":"Ignored","floor":21,"damage_taken":0}],"is_beta":false,"boss_relics":[{"not_picked":["Philosopher\u0027s Stone","Astrolabe"],"picked":"Inserter"}],"items_purged_floors":[14],"is_endless":false,"potions_floor_spawned":[1,11,18,22],"killed_by":"Slaver and Parasite","ascension_level":6}