{"gold_per_floor":[112,112,125,125,145,145,172,172,240,258,258,284,284,341,341,443,473,490,540,132,148,247,278,292,310,337,337,337,168,191,225,225,329,329,348,348,360,5,5,5,18,18,72,102,102,121,46,62,62,62],"floor_reached":50,"playtime":4487,"items_purged":["Strike_B","Strike_B"],"score":629,"play_id":"264f618f-468f-445f-b6e5-c7d0ce82a4f3","local_time":"20180703234656","is_ascension_mode":true,"campfire_choices":[{"data":"Static Discharge","floor":6,"key":"SMITH"},{"data":"Tempest","floor":8,"key":"SMITH"},{"data":"Coolheaded","floor":11,"key":"SMITH"},{"data":"Conserve Battery","floor":15,"key":"SMITH"},{"data":"Creative AI","floor":28,"key":"SMITH"},{"floor":32,"key":"REST"},{"data":"Madness","floor":40,"key":"SMITH"},{"data":"Machine Learning","floor":42,"key":"SMITH"},{"floor":49,"key":"REST"}],"neow_cost":"NONE","seed_source_timestamp":575226314326353,"circlet_count":0,"master_deck":["Defend_B","Defend_B","Defend_B+1","Zap+1","Dualcast","Conserve Battery+1","Seek","Tempest+1","Static Discharge+1","Conserve Battery","Coolheaded+1","Creative AI+1","Capacitor","Loop","Chaos+1","Capacitor","Electrodynamics","Machine Learning","Loop","Machine Learning+1","Panache","Madness+1","Madness","Glacier+1","BootSequence+1","Storm"],"relics":["Cracked Core","DataDisk","Pear","Odd Mushroom","Tiny Chest","Tiny House","Mummified Hand","Potion Belt","Boot","Art of War","Whetstone","Nuclear Battery","Vajra","Strawberry","Ginger"],"potions_floor_usage":[12,16,16,23,25,27,41,44,45,50],"damage_taken":[{"damage":0,"enemies":"2 Louse","floor":1,"turns":2},{"damage":0,"enemies":"Cultist","floor":3,"turns":4},{"damage":17,"enemies":"Small Slimes","floor":5,"turns":2},{"damage":7,"enemies":"Lagavulin","floor":7,"turns":5},{"damage":14,"enemies":"3 Louse","floor":10,"turns":2},{"damage":0,"floor":12,"turns":2},{"damage":17,"enemies":"The Guardian","floor":16,"turns":7},{"damage":9,"enemies":"Shell Parasite","floor":18,"turns":7},{"damage":17,"enemies":"3 Byrds","floor":21,"turns":5},{"damage":28,"enemies":"Book of Stabbing","floor":23,"turns":5},{"damage":4,"enemies":"Centurion and Healer","floor":24,"turns":8},{"damage":0,"enemies":"Snecko","floor":25,"turns":5},{"damage":0,"enemies":"Gremlin Leader","floor":27,"turns":1},{"damage":8,"enemies":"Book of Stabbing","floor":31,"turns":5},{"damage":48,"enemies":"Automaton","floor":33,"turns":8},{"damage":0,"enemies":"Orb Walker","floor":35,"turns":3},{"damage":7,"enemies":"3 Shapes","floor":37,"turns":3},{"damage":12,"enemies":"Maw","floor":41,"turns":6},{"damage":28,"enemies":"Nemesis","floor":44,"turns":5},{"damage":32,"floor":45,"turns":5},{"damage":0,"enemies":"Sphere and 2 Shapes","floor":46,"turns":4},{"damage":0,"enemies":"3 Darklings","floor":48,"turns":2},{"damage":37,"enemies":"Awakened One","floor":50,"turns":2}],"seed_played":"-4227815141446927931","potions_obtained":[{"floor":1,"key":"AttackPotion"},{"floor":3,"key":"Ancient Potion"},{"floor":10,"key":"Energy Potion"},{"floor":12,"key":"AttackPotion"},{"floor":17,"key":"SmokeBomb"},{"floor":21,"key":"Poison Potion"},{"floor":23,"key":"Energy Potion"},{"floor":24,"key":"SteroidPotion"},{"floor":33,"key":"Weak Potion"},{"floor":41,"key":"SkillPotion"},{"floor":45,"key":"SteroidPotion"},{"floor":48,"key":"Energy Potion"}],"is_trial":false,"path_per_floor":["M","?","M","?","M","R","E","R","T","M","R","?","?","T","R","B",null,"M","?","$","M","?","E","M","M","T","E","R","$","T","E","R","B",null,"M","?","M","$","?","R","M","R","T","E","?","M","$","M","R"],"character_chosen":"DEFECT","items_purchased":["Mummified Hand","Capacitor","Capacitor","Machine Learning","Panache","Storm"],"campfire_rested":2,"item_purchase_floors":[20,20,29,38,38,47],"current_hp_per_floor":[75,75,75,75,58,58,51,51,61,47,47,47,47,47,47,30,90,81,81,81,64,64,36,32,32,32,32,32,32,32,24,51,3,90,90,90,83,83,72,72,60,60,60,39,7,7,7,7,36,0],"gold":62,"neow_bonus":"UPGRADE_CARD","is_prod":false,"is_daily":false,"chose_seed":false,"campfire_upgraded":7,"win_rate":0,"timestamp":1530625616,"path_taken":["M","?","M","?","M","R","E","R","T","?","R","?","?","?","R","BOSS","M","?","$","M","?","E","M","?","T","E","R","$","?","E","R","BOSS","M","?","?","$","?","R","M","R","T","E","?","M","$","M","R","BOSS"],"build_version":"2018-06-28","purchased_purges":2,"victory":false,"max_hp_per_floor":[75,75,75,75,75,75,75,75,85,85,85,85,85,85,85,85,90,90,90,90,90,90,90,90,90,90,90,90,90,90,90,90,90,90,90,90,90,90,90,90,90,90,90,97,97,97,97,97,97,97],"card_choices":[{"not_picked":["Lockon","Leap"],"picked":"Conserve Battery","floor":1},{"not_picked":["Gash","Hologram"],"picked":"Tempest","floor":3},{"not_picked":["Reinforced Body","Beam Cell","Stack"],"picked":"SKIP","floor":5},{"not_picked":["Scrape","BootSequence"],"picked":"Conserve Battery","floor":7},{"not_picked":["Turbo","Aggregate"],"picked":"Coolheaded","floor":10},{"not_picked":["Core Surge","Rainbow"],"picked":"Creative AI","floor":16},{"not_picked":["Steam","Tempest+1","Capacitor"],"picked":"SKIP","floor":18},{"not_picked":["Tempest","Sweeping Beam"],"picked":"Loop","floor":21},{"not_picked":["Go for the Eyes+1","Streamline","Glacier"],"picked":"SKIP","floor":23},{"not_picked":["Beam Cell","Streamline","Stack"],"picked":"SKIP","floor":24},{"not_picked":["Lockon","Go for the Eyes"],"picked":"Chaos+1","floor":25},{"not_picked":["Hologram","BootSequence"],"picked":"Electrodynamics","floor":31},{"not_picked":["Core Surge","Fission"],"picked":"Machine Learning","floor":33},{"not_picked":["Skim+1","Sunder+1","Compile Driver+1"],"picked":"SKIP","floor":35},{"not_picked":["Cold Snap+1","Stack+1"],"picked":"Loop","floor":37},{"not_picked":["Ball Lightning+1","Coolheaded+1"],"picked":"Glacier+1","floor":41},{"not_picked":["Redo","Ball Lightning+1","Barrage+1"],"picked":"SKIP","floor":44},{"not_picked":["Beam Cell+1","Rainbow"],"picked":"BootSequence+1","floor":45},{"not_picked":["Stack+1","Chaos+1","Beam Cell+1"],"picked":"SKIP","floor":46},{"not_picked":["Rebound","Stack+1","Redo"],"picked":"SKIP","floor":48}],"player_experience":477849,"relics_obtained":[{"floor":7,"key":"DataDisk"},{"floor":9,"key":"Pear"},{"floor":12,"key":"Odd Mushroom"},{"floor":14,"key":"Tiny Chest"},{"floor":23,"key":"Potion Belt"},{"floor":26,"key":"Boot"},{"floor":30,"key":"Art of War"},{"floor":31,"key":"Whetstone"},{"floor":43,"key":"Vajra"},{"floor":44,"key":"Strawberry"},{"floor":45,"key":"Ginger"}],"event_choices":[{"event_name":"Transmorgrifier","player_choice":"Transform","floor":2,"damage_taken":0},{"event_name":"Living Wall","player_choice":"Change","floor":4,"damage_taken":0},{"event_name":"Mushrooms","player_choice":"Fought Mushrooms","floor":12,"damage_taken":0},{"event_name":"Liars Game","player_choice":"disagreed","floor":13,"damage_taken":0},{"event_name":"The Joust","player_choice":"Bet on Murderer","floor":19,"damage_taken":0},{"event_name":"Nest","player_choice":"Stole From Cult","floor":22,"damage_taken":0},{"event_name":"Bonfire Elementals","player_choice":"BASIC","floor":36,"damage_taken":0},{"event_name":"Winding Halls","player_choice":"Embrace Madness","floor":39,"damage_taken":0},{"event_name":"MindBloom","player_choice":"Fight","floor":45,"damage_taken":0}],"boss_relics":[{"not_picked":["Cursed Key","Snecko Eye"],"picked":"Tiny House"},{"not_picked":["Philosopher\u0027s Stone","Lizard Tail"],"picked":"Nuclear Battery"}],"items_purged_floors":[20,29],"is_endless":false,"potions_floor_spawned":[1,3,10,12,21,23,24,33,41,45,48],"killed_by":"Awakened One","ascension_level":1}