{"path_per_floor":["M","T","M","?","$","R","M","R","T","E","R","M","E","M","R","B",null,"M","M","M","?","?","E","R","E","T","$","E","?","M","M","R","B",null,"M","?","M","M","$","R","M","R","T","?","B"],"character_chosen":"IRONCLAD","items_purchased":["Flex","Thunderclap","Ornamental Fan","Whetstone","Flash of Steel"],"gold_per_floor":[114,114,131,131,61,61,71,71,96,126,126,143,176,190,190,291,291,310,323,335,335,335,360,360,388,415,99,127,127,138,154,154,259,259,272,272,284,298,48,48,65,65,65,65,65],"floor_reached":46,"campfire_rested":3,"playtime":1960,"item_purchase_floors":[],"current_hp_per_floor":[80,80,80,80,80,80,80,80,80,66,80,80,80,78,78,57,84,84,79,84,84,84,81,81,55,55,55,51,80,88,91,91,91,92,83,73,64,21,21,49,34,62,62,62,11],"items_purged":["Writhe"],"gold":65,"score":837,"play_id":"39836158-2076-4b4c-902e-efc50392d85d","local_time":"20180529214819","is_prod":false,"is_daily":false,"chose_seed":false,"is_ascension_mode":true,"campfire_upgraded":5,"win_rate":0,"timestamp":1527623299,"campfire_choices":[{"data":"Flex","floor":6.0,"key":"SMITH"},{"data":"Pommel Strike","floor":8.0,"key":"SMITH"},{"floor":11.0,"key":"REST"},{"data":"Warcry","floor":15.0,"key":"SMITH"},{"data":"Fire Breathing","floor":24.0,"key":"SMITH"},{"data":"Inflame","floor":32,"key":"SMITH"},{"floor":40,"key":"REST"},{"floor":42,"key":"REST"}],"path_taken":["M","?","?","?","$","R","M","R","T","E","R","?","E","M","R","BOSS","M","M","M","?","?","E","R","E","T","$","E","?","M","?","R","BOSS","M","?","M","M","$","R","M","R","T","?","BOSS"],"build_version":"2018-05-28","seed_source_timestamp":0,"purchased_purges":1,"victory":true,"master_deck":["Strike_R","Strike_R","Strike_R","Strike_R","Strike_R","Defend_R","Defend_R","Defend_R","Defend_R","Clash","Pommel Strike+1","Flex+1","Thunderclap","Warcry+1","Clash+1","Twin Strike","Clash+1","Inflame+1","Fire Breathing+1","Pommel Strike+1","Twin Strike+1","Sword Boomerang+1","Limit Break","Heavy Blade+1","Mind Blast","Dark Shackles","Jack Of All Trades","Warcry+1","Flash of Steel"],"max_hp_per_floor":[80,80,80,80,80,80,80,80,80,80,80,80,82,82,82,84,84,84,86,86,86,86,86,86,86,86,86,88,88,90,92,92,92,92,92,92,92,94,94,94,96,96,96,96,96],"relics":["Burning Blood","Paper Frog","Bronze Scales","Potion Belt","Singing Bowl","White Beast Statue","Mercury Hourglass","Bird Faced Urn","Champion Belt","Pen Nib","Ornamental Fan","Art of War","Runic Pyramid","Whetstone","Pantograph"],"card_choices":[{"not_picked":["Pommel Strike","Anger"],"picked":"Clash","floor":1.0},{"not_picked":["Second Wind","Carnage"],"picked":"Pommel Strike","floor":3.0},{"not_picked":["Armaments","Perfected Strike"],"picked":"Warcry","floor":7.0},{"not_picked":["Warcry","Bludgeon"],"picked":"Clash","floor":10.0},{"not_picked":["True Grit","Anger"],"picked":"Twin Strike","floor":12.0},{"not_picked":["Demon Form","Headbutt","Pommel Strike"],"picked":"Singing Bowl","floor":13.0},{"not_picked":["Body Slam","Flex"],"picked":"Clash","floor":14.0},{"not_picked":["Exhume","Immolate","Berserk"],"picked":"Singing Bowl","floor":16.0},{"not_picked":["Clothesline","Heavy Blade"],"picked":"Inflame","floor":18.0},{"not_picked":["Anger+1","Seeing Red","Pommel Strike"],"picked":"Singing Bowl","floor":19.0},{"not_picked":["Rampage","Metallicize"],"picked":"Fire Breathing","floor":20.0},{"not_picked":["Warcry","Corruption"],"picked":"Twin Strike+1","floor":23.0},{"not_picked":["Anger","Perfected Strike+1"],"picked":"Sword Boomerang+1","floor":25.0},{"not_picked":["Combust","Reckless Charge","Shockwave"],"picked":"Singing Bowl","floor":28.0},{"not_picked":["True Grit","Wild Strike","Immolate"],"picked":"Singing Bowl","floor":30.0},{"not_picked":["Rampage","Flame Barrier","Combust"],"picked":"Singing Bowl","floor":31.0},{"not_picked":["Double Tap","Exhume"],"picked":"Limit Break","floor":33},{"not_picked":["Whirlwind+1","Perfected Strike+1"],"picked":"Heavy Blade+1","floor":35},{"not_picked":["Madness","Finesse"],"picked":"Mind Blast","floor":36},{"not_picked":["Bandage Up","Swift Strike"],"picked":"Dark Shackles","floor":36},{"not_picked":["Secret Technique","Magnetism"],"picked":"Jack Of All Trades","floor":36},{"not_picked":["Thunderclap+1","Wild Strike+1"],"picked":"Warcry+1","floor":37},{"not_picked":["Seeing Red","Shrug It Off+1","Thunderclap+1"],"picked":"Singing Bowl","floor":38},{"not_picked":["Headbutt+1","Sentinel","Anger+1"],"picked":"Singing Bowl","floor":41}],"player_experience":178850,"potions_floor_usage":[33,33,33,37,41,45,45,45],"damage_taken":[{"damage":1.0,"enemies":"Cultist","floor":1.0,"turns":4.0},{"damage":2.0,"enemies":"Jaw Worm","floor":3.0,"turns":4.0},{"damage":0.0,"enemies":"Small Slimes","floor":7.0,"turns":2.0},{"damage":20.0,"enemies":"3 Sentries","floor":10.0,"turns":6.0},{"damage":0.0,"enemies":"2 Fungi Beasts","floor":12.0,"turns":2.0},{"damage":8.0,"enemies":"Gremlin Nob","floor":13.0,"turns":3.0},{"damage":8.0,"enemies":"Blue Slaver","floor":14.0,"turns":2.0},{"damage":29.0,"enemies":"Hexaghost","floor":16.0,"turns":6.0},{"damage":4.0,"enemies":"3 Byrds","floor":18.0,"turns":4.0},{"damage":13.0,"enemies":"2 Thieves","floor":19.0,"turns":3.0},{"damage":1.0,"enemies":"3 Cultists","floor":20.0,"turns":3.0},{"damage":18.0,"enemies":"Gremlin Leader","floor":23.0,"turns":5.0},{"damage":36.0,"enemies":"Slavers","floor":25.0,"turns":4.0},{"damage":16.0,"enemies":"Book of Stabbing","floor":28.0,"turns":3.0},{"damage":4.0,"enemies":"Centurion and Healer","floor":30.0,"turns":4.0},{"damage":7.0,"enemies":"Sentry and Sphere","floor":31.0,"turns":3.0},{"damage":9,"enemies":"Collector","floor":33,"turns":5},{"damage":17,"enemies":"Flame Bruiser 1 Orb","floor":35,"turns":6},{"damage":33,"enemies":"3 Darklings","floor":37,"turns":5},{"damage":53,"enemies":"4 Shapes","floor":38,"turns":4},{"damage":25,"enemies":"Flame Bruiser 2 Orb","floor":41,"turns":5},{"damage":86,"enemies":"Awakened One","floor":45,"turns":8}],"relics_obtained":[{"floor":2.0,"key":"Paper Frog"},{"floor":9.0,"key":"Bronze Scales"},{"floor":10.0,"key":"Potion Belt"},{"floor":13.0,"key":"Singing Bowl"},{"floor":23.0,"key":"Bird Faced Urn"},{"floor":25.0,"key":"Champion Belt"},{"floor":26.0,"key":"Pen Nib"},{"floor":28.0,"key":"Art of War"},{"floor":43,"key":"Pantograph"}],"event_choices":[{"event_name":"Bonfire Elementals","player_choice":"UNCOMMON","floor":4.0,"damage_taken":0.0},{"event_name":"The Mausoleum","player_choice":"Yes","floor":21.0,"damage_taken":0.0},{"event_name":"Duplicator","player_choice":"One dupe","floor":22.0,"damage_taken":0.0},{"event_name":"The Library","player_choice":"Heal","floor":29.0,"damage_taken":0.0},{"event_name":"SensoryStone","player_choice":"Memory 3","floor":36,"damage_taken":0},{"event_name":"SecretPortal","player_choice":"Took Portal.","floor":44,"damage_taken":0}],"boss_relics":[{"not_picked":["Runic Cube","Tiny House"],"picked":"Runic Pyramid"}],"items_purged_floors":[],"potions_floor_spawned":[7,12,14,16,18,19,20,23,25,28,30,31,33,35,37,38,41],"seed_played":"6436781228943568301","ascension_level":3,"potions_obtained":[{"floor":7.0,"key":"Swift Potion"},{"floor":12.0,"key":"SpeedPotion"},{"floor":14.0,"key":"Poison Potion"},{"floor":16.0,"key":"Energy Potion"},{"floor":18.0,"key":"EntropicBrew"},{"floor":19.0,"key":"Energy Potion"},{"floor":20.0,"key":"LiquidBronze"},{"floor":23.0,"key":"Dexterity Potion"},{"floor":25.0,"key":"Ancient Potion"},{"floor":28.0,"key":"EssenceOfSteel"},{"floor":30.0,"key":"Strength Potion"},{"floor":31.0,"key":"Strength Potion"},{"floor":33,"key":"Regen Potion"},{"floor":35,"key":"Energy Potion"},{"floor":37,"key":"LiquidBronze"},{"floor":38,"key":"Dexterity Potion"},{"floor":41,"key":"Ancient Potion"}],"is_trial":false}