{"gold_per_floor":[109,129,148,159,159,159,182,220,220,220],"floor_reached":10,"playtime":329,"items_purged":[],"score":130,"play_id":"eb351f6f-b8ff-4e86-a671-9938d360cef2","local_time":"20181028225718","is_ascension_mode":true,"campfire_choices":[{"data":"Neutralize","floor":6,"key":"SMITH"}],"neow_cost":"NONE","seed_source_timestamp":532818264355030,"circlet_count":0,"master_deck":["Defend_G","Defend_G","Defend_G","Defend_G","Defend_G","Strike_G","Strike_G","Strike_G","Strike_G","Strike_G","Survivor","Neutralize+1","AscendersBane","Cloak And Dagger","Blade Dance","Accuracy","Well Laid Plans"],"relics":["Ring of the Snake","Golden Idol","Tough Bandages","Bottled Lightning"],"potions_floor_usage":[7,8],"damage_taken":[{"damage":0,"enemies":"Cultist","floor":1,"turns":4},{"damage":0,"enemies":"2 Louse","floor":2,"turns":4},{"damage":0,"enemies":"Small Slimes","floor":3,"turns":3},{"damage":0,"enemies":"Red Slaver","floor":4,"turns":5},{"damage":5,"enemies":"Looter","floor":7,"turns":3},{"damage":29,"enemies":"Lagavulin","floor":8,"turns":12},{"damage":10,"enemies":"Gremlin Gang","floor":10,"turns":3}],"seed_played":"4063508648250521507","potions_obtained":[{"floor":2,"key":"GamblersBrew"},{"floor":3,"key":"PowerPotion"}],"is_trial":false,"path_per_floor":["M","M","M","M","?","R","M","E","T"],"character_chosen":"THE_SILENT","items_purchased":[],"campfire_rested":0,"item_purchase_floors":[],"current_hp_per_floor":[65,65,65,65,40,40,35,6,6,0],"gold":220,"neow_bonus":"TEN_PERCENT_HP_BONUS","is_prod":false,"is_daily":false,"chose_seed":false,"campfire_upgraded":1,"win_rate":0,"timestamp":1540792638,"path_taken":["M","M","?","M","?","R","M","E","T","M"],"build_version":"2018-10-25v2","purchased_purges":0,"victory":false,"max_hp_per_floor":[72,72,72,72,72,72,72,72,72,72],"card_choices":[{"not_picked":["Sucker Punch","Deflect"],"picked":"Cloak And Dagger","floor":1},{"not_picked":["Outmaneuver","Setup","Bane"],"picked":"SKIP","floor":2},{"not_picked":["Poisoned Stab","Slice"],"picked":"Blade Dance","floor":3},{"not_picked":["Outmaneuver","Catalyst","Bane"],"picked":"SKIP","floor":4},{"not_picked":["Outmaneuver","Flechettes"],"picked":"Accuracy","floor":7},{"not_picked":["Expertise","Dagger Throw"],"picked":"Well Laid Plans","floor":8}],"player_experience":896208,"relics_obtained":[{"floor":8,"key":"Tough Bandages"},{"floor":9,"key":"Bottled Lightning"}],"event_choices":[{"damage_healed":0,"gold_gain":0,"player_choice":"Take Damage","damage_taken":25,"relics_obtained":["Golden Idol"],"max_hp_gain":0,"max_hp_loss":0,"event_name":"Golden Idol","floor":5,"gold_loss":0}],"is_beta":true,"boss_relics":[],"items_purged_floors":[],"is_endless":false,"potions_floor_spawned":[2,3],"killed_by":"Gremlin Gang","ascension_level":17}