{"gold_per_floor":[18,18,36,56,71,71,89,100,100,100,114,114,134,134,134,134],"floor_reached":16,"playtime":547,"items_purged":[],"score":168,"play_id":"c008c781-0b7e-41ce-8f9d-9d9233110550","local_time":"20180923182951","is_ascension_mode":true,"campfire_choices":[{"data":"Entrench","floor":6,"key":"SMITH"},{"data":"True Grit","floor":10,"key":"SMITH"},{"data":"Warcry","floor":12,"key":"SMITH"},{"floor":15,"key":"REST"}],"neow_cost":"NO_GOLD","seed_source_timestamp":93099955136876,"circlet_count":0,"master_deck":["Strike_R","Strike_R","Strike_R","Strike_R","Defend_R","Defend_R","Defend_R","Defend_R","Bash","AscendersBane","Barricade","Entrench+1","Bloodletting","Headbutt","Warcry+1","Pommel Strike","True Grit+1","Intimidate","Feed","Havoc"],"relics":["Burning Blood","Pear"],"potions_floor_usage":[4,7,16],"damage_taken":[{"damage":6,"enemies":"Cultist","floor":1,"turns":4},{"damage":15,"enemies":"Small Slimes","floor":3,"turns":4},{"damage":11,"enemies":"2 Louse","floor":4,"turns":2},{"damage":31,"enemies":"Exordium Wildlife","floor":5,"turns":7},{"damage":21,"enemies":"Large Slime","floor":7,"turns":9},{"damage":9,"enemies":"Red Slaver","floor":8,"turns":5},{"damage":12,"enemies":"3 Louse","floor":11,"turns":4},{"damage":15,"enemies":"2 Fungi Beasts","floor":13,"turns":3},{"damage":21,"enemies":"Hexaghost","floor":16,"turns":5}],"seed_played":"3401540076680766819","potions_obtained":[{"floor":3,"key":"Swift Potion"},{"floor":4,"key":"GamblersBrew"},{"floor":7,"key":"SpeedPotion"}],"is_trial":false,"path_per_floor":["M","?","M","M","M","R","M","M","T","R","M","R","M","?","R"],"character_chosen":"IRONCLAD","items_purchased":[],"campfire_rested":1,"item_purchase_floors":[],"current_hp_per_floor":[68,68,59,54,29,29,14,11,21,21,15,15,9,9,35,14],"gold":134,"neow_bonus":"THREE_RARE_CARDS","is_prod":false,"is_daily":false,"chose_seed":false,"campfire_upgraded":3,"win_rate":0,"timestamp":1537752591,"path_taken":["M","?","M","M","?","R","M","M","T","R","M","R","M","?","R","BOSS"],"build_version":"2018-09-20","purchased_purges":0,"victory":false,"max_hp_per_floor":[75,75,75,75,75,75,75,75,85,85,85,85,88,88,88,88],"card_choices":[{"not_picked":["Fiend Fire","Offering"],"picked":"Barricade","floor":0},{"not_picked":["Pommel Strike","Rage"],"picked":"Entrench","floor":1},{"not_picked":["Inflame","Warcry"],"picked":"Headbutt","floor":3},{"not_picked":["Combust","Wild Strike"],"picked":"Warcry","floor":4},{"not_picked":["Inflame","Flex"],"picked":"Pommel Strike","floor":5},{"not_picked":["Warcry","Thunderclap"],"picked":"True Grit","floor":7},{"not_picked":["Shockwave","Dual Wield"],"picked":"Intimidate","floor":8},{"not_picked":["Wild Strike","True Grit"],"picked":"Feed","floor":11},{"not_picked":["True Grit","Infernal Blade"],"picked":"Havoc","floor":13}],"player_experience":827416,"relics_obtained":[{"floor":9,"key":"Pear"}],"event_choices":[{"event_name":"Living Wall","player_choice":"Change","floor":2,"damage_taken":0},{"event_name":"Shining Light","player_choice":"Ignored","floor":14,"damage_taken":0}],"is_beta":true,"boss_relics":[],"items_purged_floors":[],"is_endless":false,"potions_floor_spawned":[3,4,7],"killed_by":"Hexaghost","ascension_level":15}