{"gold_per_floor":[113,113,125,90,105,105,134,134,134,99,99,99,12,30,30,128,128,148,148,162,175,175,175,192,192,215,250,250,51,51],"floor_reached":30,"playtime":1653,"items_purged":[],"score":369,"play_id":"d055e148-b591-4f5a-b56b-bed25a7e7bf6","local_time":"20190117201533","is_ascension_mode":true,"campfire_choices":[{"data":"Core Surge","floor":6,"key":"SMITH"},{"data":"White Noise","floor":8,"key":"SMITH"},{"floor":12,"key":"REST"},{"data":"Zap","floor":15,"key":"SMITH"},{"floor":23,"key":"REST"},{"floor":25,"key":"REST"},{"floor":28,"key":"REST"}],"neow_cost":"TEN_PERCENT_HP_LOSS","seed_source_timestamp":250137088040120,"circlet_count":0,"master_deck":["AscendersBane","Strike_B","Strike_B","Strike_B","Strike_B","Defend_B","Defend_B","Defend_B","Defend_B","Zap+1","Dualcast","Core Surge+1","White Noise+1","Regret","Compile Driver","Self Repair","Sweeping Beam","Bandage Up+1","Steam+1","Fission+1","Go for the Eyes","Coolheaded+1","Coolheaded+1","Glacier+1","Genetic Algorithm+1","Streamline+1","Necronomicurse","Rebound+1","Redo+1","Glacier+1","Buffer"],"relics":["Cracked Core","Peace Pipe","Toxic Egg 2","Cables","Mango","Orrery","Necronomicon","GremlinMask","Bronze Scales","Incense Burner","PrismaticShard"],"potions_floor_usage":[7,16,21,30],"damage_taken":[{"damage":6,"enemies":"2 Louse","floor":1,"turns":3},{"damage":13,"enemies":"Small Slimes","floor":3,"turns":3},{"damage":10,"enemies":"Jaw Worm","floor":5,"turns":2},{"damage":25,"enemies":"3 Sentries","floor":7,"turns":7},{"damage":11,"enemies":"Blue Slaver","floor":14,"turns":3},{"damage":72,"enemies":"The Guardian","floor":16,"turns":14},{"damage":16,"enemies":"Shell Parasite","floor":18,"turns":11},{"damage":0,"enemies":"Chosen","floor":20,"turns":3},{"damage":22,"enemies":"Sentry and Sphere","floor":21,"turns":4},{"damage":31,"enemies":"Centurion and Healer","floor":24,"turns":9},{"damage":63,"enemies":"Gremlin Leader","floor":27,"turns":8},{"damage":38,"enemies":"Shelled Parasite and Fungi","floor":30,"turns":3}],"seed_played":"-1704503810760351803","potions_obtained":[{"floor":5,"key":"Explosive Potion"},{"floor":7,"key":"Explosive Potion"},{"floor":18,"key":"Swift Potion"},{"floor":27,"key":"Weak Potion"}],"is_trial":false,"path_per_floor":["M","?","M","?","M","R","E","R","T","?","T","R","$","M","R","B",null,"M","?","M","M","?","R","M","R","T","E","R","$","M"],"character_chosen":"DEFECT","items_purchased":["Bandage Up+1","PrismaticShard"],"campfire_rested":4,"item_purchase_floors":[13,29],"current_hp_per_floor":[62,62,49,66,56,56,38,38,38,38,52,76,76,78,78,19,66,63,47,47,31,31,55,37,61,61,11,35,35,0],"gold":51,"neow_bonus":"THREE_RARE_CARDS","is_prod":false,"is_daily":false,"chose_seed":false,"campfire_upgraded":3,"win_rate":0,"timestamp":1547774133,"path_taken":["M","?","M","?","M","R","E","R","T","?","?","R","$","M","R","BOSS","M","?","M","M","?","R","M","R","T","E","R","$","M"],"build_version":"2019-01-10","purchased_purges":0,"victory":false,"max_hp_per_floor":[68,68,68,68,68,68,68,68,68,68,82,82,82,82,82,82,82,82,82,82,82,82,82,82,82,82,82,82,82,82],"card_choices":[{"not_picked":["Meteor Strike","Biased Cognition"],"picked":"Core Surge","floor":0},{"not_picked":["Hologram","Sweeping Beam"],"picked":"White Noise","floor":1},{"not_picked":["Stack","Chill"],"picked":"Compile Driver","floor":3},{"not_picked":["Melter","Streamline"],"picked":"Self Repair","floor":5},{"not_picked":["Thunder Strike","Undo"],"picked":"Sweeping Beam","floor":7},{"not_picked":["Auto Shields+1","Coolheaded+1"],"picked":"Steam+1","floor":14},{"not_picked":["Core Surge","Buffer"],"picked":"Fission+1","floor":16},{"not_picked":["Stack+1","Force Field+1"],"picked":"Go for the Eyes","floor":17},{"not_picked":["Sweeping Beam","Rebound"],"picked":"Coolheaded+1","floor":17},{"not_picked":["Stack+1","Compile Driver"],"picked":"Coolheaded+1","floor":17},{"not_picked":["Stack+1","Compile Driver"],"picked":"Glacier+1","floor":17},{"not_picked":["Cold Snap","Sunder"],"picked":"Genetic Algorithm+1","floor":17},{"not_picked":["Rainbow+1","Skim+1"],"picked":"Streamline+1","floor":18},{"not_picked":["Genetic Algorithm+1","Go for the Eyes"],"picked":"Rebound+1","floor":20},{"not_picked":["Barrage","Stack+1"],"picked":"Redo+1","floor":21},{"not_picked":["Cold Snap+1","Sweeping Beam"],"picked":"Glacier+1","floor":24},{"not_picked":["Gash+1","FTL"],"picked":"Buffer","floor":27}],"player_experience":525486,"relics_obtained":[{"floor":7,"key":"Toxic Egg 2"},{"floor":9,"key":"Cables"},{"floor":11,"key":"Mango"},{"floor":19,"key":"Necronomicon"},{"floor":26,"key":"Bronze Scales"},{"floor":27,"key":"Incense Burner"}],"event_choices":[{"damage_healed":0,"gold_gain":0,"player_choice":"Box","damage_taken":0,"relics_obtained":["Peace Pipe"],"max_hp_gain":0,"max_hp_loss":0,"event_name":"Big Fish","floor":2,"gold_loss":0,"cards_obtained":["Regret"]},{"damage_healed":17,"gold_gain":0,"player_choice":"Healed","damage_taken":0,"max_hp_gain":0,"max_hp_loss":0,"event_name":"The Cleric","floor":4,"gold_loss":35},{"damage_healed":0,"gold_gain":0,"player_choice":"Left Gold","damage_taken":0,"max_hp_gain":0,"max_hp_loss":0,"event_name":"World of Goop","floor":10,"gold_loss":35},{"damage_healed":0,"gold_gain":0,"player_choice":"Obtained Book","damage_taken":16,"max_hp_gain":0,"max_hp_loss":0,"event_name":"Cursed Tome","floor":19,"gold_loss":0},{"damage_healed":0,"gold_gain":0,"player_choice":"Trade","damage_taken":0,"relics_obtained":["GremlinMask"],"max_hp_gain":0,"max_hp_loss":0,"event_name":"FaceTrader","floor":22,"gold_loss":0}],"is_beta":false,"boss_relics":[{"not_picked":["Lizard Tail","Runic Pyramid"],"picked":"Orrery"}],"items_purged_floors":[],"is_endless":false,"potions_floor_spawned":[5,7,18,27],"killed_by":"Shelled Parasite and Fungi","ascension_level":10}