{"gold_per_floor":[117,137,22,122,133,133,151,151,151,181,181,201,51,69,69,143,143,158,174,174,174,174,174,174],"floor_reached":24,"playtime":2248,"items_purged":["Strike_R"],"score":323,"play_id":"82fd985a-2e32-4118-8178-b3e27d4f02d6","local_time":"20181008080553","is_ascension_mode":true,"campfire_choices":[{"data":"Uppercut","floor":6.0,"key":"SMITH"},{"data":"Sword Boomerang","floor":8.0,"key":"SMITH"},{"floor":11.0,"key":"REST"},{"floor":15,"key":"REST"},{"data":"Armaments","floor":23,"key":"SMITH"}],"neow_cost":"NONE","seed_source_timestamp":0,"circlet_count":0,"master_deck":["Strike_R","Defend_R","Defend_R","Defend_R","Defend_R","Bash","AscendersBane","Shockwave","Sword Boomerang+1","Pommel Strike","Uppercut+1","Clothesline","Armaments+1","Uppercut","Impervious","Offering+1","Feed+1","Intimidate+1","Spot Weakness"],"special_seed":0,"relics":["Burning Blood","Letter Opener","Frozen Egg 2","Anchor","Astrolabe"],"potions_floor_usage":[16,16,18],"damage_taken":[{"damage":12.0,"enemies":"Small Slimes","floor":1.0,"turns":3.0},{"damage":4.0,"enemies":"Cultist","floor":2.0,"turns":3.0},{"damage":4.0,"enemies":"Jaw Worm","floor":5.0,"turns":3.0},{"damage":20.0,"enemies":"Red Slaver","floor":7.0,"turns":3.0},{"damage":54.0,"enemies":"3 Sentries","floor":10.0,"turns":7.0},{"damage":26,"enemies":"Lots of Slimes","floor":12,"turns":4},{"damage":0,"enemies":"Blue Slaver","floor":14,"turns":2},{"damage":37,"enemies":"The Guardian","floor":16,"turns":14},{"damage":6,"enemies":"Chosen","floor":18,"turns":3},{"damage":10,"enemies":"3 Byrds","floor":19,"turns":4},{"damage":69,"enemies":"Book of Stabbing","floor":24,"turns":6}],"seed_played":"-378025852094601963","potions_obtained":[{"floor":2.0,"key":"SpeedPotion"},{"floor":12,"key":"SkillPotion"},{"floor":16,"key":"Ancient Potion"},{"floor":19,"key":"Explosive Potion"}],"is_trial":false,"path_per_floor":["M","M","$","?","M","R","M","R","T","E","R","M","$","M","R","B",null,"M","M","$","?","$","R"],"character_chosen":"IRONCLAD","items_purchased":["Uppercut","Anchor"],"campfire_rested":2,"item_purchase_floors":[3,13],"current_hp_per_floor":[66,68,68,68,70,70,56,56,56,8,32,12,12,18,42,11,63,67,67,67,67,67,67,0],"gold":174,"neow_bonus":"THREE_CARDS","is_prod":false,"is_daily":false,"chose_seed":false,"campfire_upgraded":3,"win_rate":0,"timestamp":1539011153,"path_taken":["M","M","$","?","M","R","?","R","T","E","R","?","?","M","R","BOSS","M","M","$","?","?","R","E"],"build_version":"2018-10-04v2","purchased_purges":1,"victory":false,"max_hp_per_floor":[80,80,80,80,80,80,80,80,80,80,80,80,80,80,80,80,80,84,88,88,88,88,88,88],"card_choices":[{"not_picked":["Pommel Strike","Clash"],"picked":"Shockwave","floor":0.0},{"not_picked":["Anger","Entrench"],"picked":"Sword Boomerang","floor":1.0},{"not_picked":["Shockwave","Twin Strike"],"picked":"Pommel Strike","floor":2.0},{"not_picked":["Perfected Strike","Reckless Charge","Body Slam"],"picked":"SKIP","floor":5.0},{"not_picked":["Heavy Blade","Feed"],"picked":"Clothesline","floor":7.0},{"not_picked":["Headbutt","Pommel Strike"],"picked":"Armaments","floor":10.0},{"not_picked":["Thunderclap","Twin Strike","Sword Boomerang"],"picked":"SKIP","floor":12},{"not_picked":["Infernal Blade","Warcry"],"picked":"Uppercut","floor":14},{"not_picked":["Brutality+1","Exhume"],"picked":"Impervious","floor":16},{"not_picked":["Havoc","Thunderclap"],"picked":"Spot Weakness","floor":18},{"not_picked":["Dual Wield","Rampage","Clothesline"],"picked":"SKIP","floor":19}],"player_experience":1133895,"relics_obtained":[{"floor":9.0,"key":"Letter Opener"},{"floor":10.0,"key":"Frozen Egg 2"}],"event_choices":[{"event_name":"Golden Shrine","player_choice":"Pray","floor":4.0,"damage_taken":0.0},{"event_name":"Vampires","player_choice":"Ignored","floor":21,"damage_taken":0}],"is_beta":false,"boss_relics":[{"not_picked":["Tiny House","Pandora\u0027s Box"],"picked":"Astrolabe"}],"items_purged_floors":[3],"is_endless":false,"potions_floor_spawned":[2,12,16,19],"killed_by":"Book of Stabbing","ascension_level":13}