{"gold_per_floor":[115,115,132,144,94,94,166,166,191,46,62,96,96,126,126,225,225,245,261,0,14,114,114],"floor_reached":23,"playtime":2665,"items_purged":["Strike_B"],"score":299,"play_id":"f76f6e8f-a9a0-49b8-a372-ea9e484b89c0","local_time":"20181101223453","is_ascension_mode":true,"campfire_choices":[{"data":"Creative AI","floor":6,"key":"SMITH"},{"data":"Zap","floor":13,"key":"SMITH"},{"floor":15,"key":"REST"}],"neow_cost":"NONE","seed_source_timestamp":448388264477,"circlet_count":0,"master_deck":["Strike_B","Defend_B","Defend_B","Defend_B","Defend_B","Zap+1","Dualcast","AscendersBane","Go for the Eyes","Creative AI+1","Chill","Coolheaded","Heatsinks","Cold Snap","Conserve Battery","Amplify","Conserve Battery","Go for the Eyes+1"],"relics":["Cracked Core","Oddly Smooth Stone","Singing Bowl","Potion Belt","Question Card","Art of War","Black Star"],"potions_floor_usage":[9,14,16],"damage_taken":[{"damage":6,"enemies":"Jaw Worm","floor":1,"turns":3},{"damage":8,"enemies":"Cultist","floor":3,"turns":4},{"damage":9,"enemies":"Small Slimes","floor":4,"turns":3},{"damage":13,"enemies":"Exordium Wildlife","floor":11,"turns":8},{"damage":7,"enemies":"Lagavulin","floor":12,"turns":9},{"damage":22,"enemies":"Gremlin Nob","floor":14,"turns":6},{"damage":13,"enemies":"Slime Boss","floor":16,"turns":9},{"damage":11,"enemies":"Spheric Guardian","floor":18,"turns":7},{"damage":7,"enemies":"Chosen","floor":19,"turns":7},{"damage":13,"enemies":"Shelled Parasite and Fungi","floor":21,"turns":10},{"damage":39,"enemies":"Book of Stabbing","floor":23,"turns":5}],"seed_played":"-3467099016945817149","potions_obtained":[{"floor":3,"key":"Fruit Juice"},{"floor":11,"key":"Explosive Potion"},{"floor":12,"key":"SkillPotion"}],"is_trial":false,"path_per_floor":["M","?","M","M","?","R","T","$","T","$","M","E","R","E","R","B",null,"M","M","?","M","?"],"character_chosen":"DEFECT","items_purchased":["Heatsinks"],"campfire_rested":1,"item_purchase_floors":[10],"current_hp_per_floor":[62,62,54,45,45,45,45,45,50,50,39,32,32,10,34,21,67,58,51,51,38,38,0],"gold":114,"neow_bonus":"RANDOM_COMMON_RELIC","is_prod":false,"is_daily":false,"chose_seed":false,"campfire_upgraded":2,"win_rate":0,"timestamp":1541072093,"path_taken":["M","?","?","M","?","R","?","$","T","$","M","E","R","E","R","BOSS","M","M","?","?","?","E"],"build_version":"2018-10-25v2","purchased_purges":1,"victory":false,"max_hp_per_floor":[75,75,75,75,75,75,75,75,80,80,82,82,82,82,82,82,82,84,84,84,84,84,84],"card_choices":[{"not_picked":["Leap","Streamline"],"picked":"Go for the Eyes","floor":1},{"not_picked":["Gash","Ball Lightning"],"picked":"Chill","floor":3},{"not_picked":["Leap","Doom and Gloom"],"picked":"Coolheaded","floor":4},{"not_picked":["Compile Driver","Beam Cell","Redo"],"picked":"Singing Bowl","floor":11},{"not_picked":["Fission","Seek"],"picked":"Cold Snap","floor":12},{"not_picked":["Go for the Eyes","Compile Driver","Gash"],"picked":"Conserve Battery","floor":14},{"not_picked":["Biased Cognition","Echo Form","Seek"],"picked":"Amplify","floor":16},{"not_picked":["Ball Lightning","Hologram","Hello World","Steam"],"picked":"Singing Bowl","floor":18},{"not_picked":["Self Repair","Skim","Chill"],"picked":"Conserve Battery","floor":19},{"not_picked":["Turbo+1","Steam","Fusion"],"picked":"Go for the Eyes+1","floor":21}],"player_experience":711150,"relics_obtained":[{"floor":7,"key":"Singing Bowl"},{"floor":9,"key":"Potion Belt"},{"floor":12,"key":"Question Card"},{"floor":14,"key":"Art of War"}],"event_choices":[{"damage_healed":0,"gold_gain":0,"cards_transformed":["Strike_B"],"player_choice":"Transformed","damage_taken":0,"max_hp_gain":0,"max_hp_loss":0,"event_name":"Transmorgrifier","floor":2,"gold_loss":0,"cards_obtained":["Creative AI"]},{"cards_removed":["Strike_B"],"damage_healed":0,"gold_gain":0,"player_choice":"Card Removal","damage_taken":0,"max_hp_gain":0,"max_hp_loss":0,"event_name":"The Cleric","floor":5,"gold_loss":50},{"damage_healed":0,"gold_gain":0,"player_choice":"Paid Fearfully","damage_taken":0,"max_hp_gain":0,"max_hp_loss":0,"event_name":"Masked Bandits","floor":20,"gold_loss":261},{"damage_healed":0,"gold_gain":100,"player_choice":"Pray","damage_taken":0,"max_hp_gain":0,"max_hp_loss":0,"event_name":"Golden Shrine","floor":22,"gold_loss":0}],"is_beta":false,"boss_relics":[{"not_picked":["Philosopher\u0027s Stone","Calling Bell"],"picked":"Black Star"}],"items_purged_floors":[10],"is_endless":false,"potions_floor_spawned":[3,11,12],"killed_by":"Book of Stabbing","ascension_level":10}