{"path_per_floor":["M","?","$","?","M","E","R","M","T","R","M","?","M","E","R"],"character_chosen":"IRONCLAD","items_purchased":[],"gold_per_floor":[112,112,112,112,129,164,164,180,180,180,200,200,219,244,244,244],"floor_reached":16,"campfire_rested":2,"playtime":762,"item_purchase_floors":[],"current_hp_per_floor":[68,68,68,73,73,23,48,44,44,44,46,39,44,33,58,0],"items_purged":[],"gold":244,"score":149,"play_id":"f45d31b7-e04f-4264-9731-5d356f99be99","local_time":"20180528190534","is_prod":false,"is_daily":false,"chose_seed":false,"is_ascension_mode":true,"campfire_upgraded":1,"win_rate":0,"timestamp":1527552334,"campfire_choices":[{"floor":7,"key":"REST"},{"data":"Armaments","floor":10,"key":"SMITH"},{"floor":15,"key":"REST"}],"path_taken":["M","?","$","?","?","E","R","M","T","R","?","?","M","E","R","BOSS"],"build_version":"2018-05-24","seed_source_timestamp":860264625416900,"purchased_purges":0,"victory":false,"master_deck":["Strike_R","Strike_R","Strike_R","Strike_R","Strike_R","Defend_R","Defend_R","Defend_R","Defend_R","Bash","Exhume","Warcry","Twin Strike","Seeing Red","Armaments+1","Warcry","Seeing Red","Exhume"],"max_hp_per_floor":[80,80,80,85,85,85,85,85,85,85,85,85,85,85,85,85],"relics":["Burning Blood","Mercury Hourglass","Smiling Mask","Pen Nib","Ornamental Fan"],"card_choices":[{"not_picked":["Clothesline","Havoc"],"picked":"Warcry","floor":1},{"not_picked":["Shrug It Off","Pommel Strike"],"picked":"Twin Strike","floor":5},{"not_picked":["Clothesline","Thunderclap"],"picked":"Seeing Red","floor":6},{"not_picked":["Flex","Fire Breathing"],"picked":"Armaments","floor":8},{"not_picked":["Cleave","Twin Strike"],"picked":"Warcry","floor":11},{"not_picked":["Evolve","Twin Strike"],"picked":"Seeing Red","floor":13},{"not_picked":["Evolve","Heavy Blade"],"picked":"Exhume","floor":14}],"player_experience":205095,"potions_floor_usage":[16,16,16,16],"damage_taken":[{"damage":10,"enemies":"2 Louse","floor":1,"turns":3},{"damage":6,"enemies":"Cultist","floor":5,"turns":3},{"damage":56,"enemies":"Gremlin Nob","floor":6,"turns":5},{"damage":10,"enemies":"Small Slimes","floor":8,"turns":3},{"damage":4,"enemies":"Exordium Wildlife","floor":11,"turns":4},{"damage":1,"enemies":"2 Fungi Beasts","floor":13,"turns":3},{"damage":17,"enemies":"3 Sentries","floor":14,"turns":7},{"damage":60,"enemies":"The Guardian","floor":16,"turns":10}],"relics_obtained":[{"floor":6,"key":"Mercury Hourglass"},{"floor":9,"key":"Smiling Mask"},{"floor":14,"key":"Ornamental Fan"}],"event_choices":[{"event_name":"The Woman in Blue","player_choice":"Bought 0 Potions","floor":2,"damage_taken":0},{"event_name":"Big Fish","player_choice":"Donut","floor":4,"damage_taken":0},{"event_name":"Scrap Ooze","player_choice":"success","floor":12,"damage_taken":7}],"boss_relics":[],"items_purged_floors":[],"potions_floor_spawned":[6,11],"seed_played":"-6973228485328869011","killed_by":"The Guardian","ascension_level":7,"potions_obtained":[{"floor":6,"key":"GamblersBrew"},{"floor":11,"key":"EntropicBrew"}],"is_trial":false}