{"gold_per_floor":[115,131,181,197,210,241,241,275,328,340],"floor_reached":10,"playtime":248,"items_purged":[],"score":148,"play_id":"a3722172-41e1-472f-9412-99cd32fa0326","local_time":"20181221160932","is_ascension_mode":true,"campfire_choices":[{"floor":7,"key":"REST"}],"neow_cost":"NONE","seed_source_timestamp":29563544686443,"circlet_count":0,"master_deck":["AscendersBane","Strike_B","Strike_B","Strike_B","Strike_B","Defend_B","Defend_B","Defend_B","Defend_B","Zap","Dualcast","Sunder","Coolheaded","Consume","Streamline","Capacitor","Echo Form"],"relics":["Cracked Core","NeowsBlessing","Centennial Puzzle","Darkstone Periapt","MawBank"],"potions_floor_usage":[6,8],"damage_taken":[{"damage":0,"enemies":"2 Louse","floor":1,"turns":1},{"damage":0,"enemies":"Cultist","floor":2,"turns":1},{"damage":0,"enemies":"Small Slimes","floor":4,"turns":1},{"damage":16,"enemies":"2 Fungi Beasts","floor":5,"turns":3},{"damage":28,"enemies":"Lagavulin","floor":6,"turns":7},{"damage":25,"enemies":"Gremlin Nob","floor":8,"turns":4},{"damage":17,"enemies":"Large Slime","floor":10,"turns":4}],"seed_played":"2788244463011937832","potions_obtained":[{"floor":1,"key":"EssenceOfSteel"},{"floor":2,"key":"SpeedPotion"},{"floor":5,"key":"Weak Potion"}],"is_trial":false,"path_per_floor":["M","M","?","M","M","E","R","E","T","M"],"character_chosen":"DEFECT","items_purchased":[],"campfire_rested":1,"item_purchase_floors":[],"current_hp_per_floor":[64,64,64,64,48,20,41,16,16,0],"gold":340,"neow_bonus":"THREE_ENEMY_KILL","is_prod":false,"is_daily":false,"chose_seed":false,"campfire_upgraded":0,"win_rate":0,"timestamp":1545437372,"path_taken":["M","M","?","M","?","E","R","E","T","M"],"build_version":"2018-12-20","purchased_purges":0,"victory":false,"max_hp_per_floor":[71,71,71,71,71,71,71,71,71,71],"card_choices":[{"not_picked":["Gash","Steam Power"],"picked":"Sunder","floor":1},{"not_picked":["Static Discharge","Fusion"],"picked":"Coolheaded","floor":2},{"not_picked":["Go for the Eyes","Gash"],"picked":"Consume","floor":4},{"not_picked":["Rebound","Beam Cell"],"picked":"Streamline","floor":5},{"not_picked":["Chill","Skim"],"picked":"Capacitor","floor":6},{"not_picked":["Chill","Leap"],"picked":"Echo Form","floor":8}],"player_experience":1613040,"relics_obtained":[{"floor":6,"key":"Centennial Puzzle"},{"floor":8,"key":"Darkstone Periapt"},{"floor":9,"key":"MawBank"}],"event_choices":[{"damage_healed":0,"gold_gain":50,"player_choice":"Pray","damage_taken":0,"max_hp_gain":0,"max_hp_loss":0,"event_name":"Golden Shrine","floor":3,"gold_loss":0}],"is_beta":false,"boss_relics":[],"items_purged_floors":[],"is_endless":false,"potions_floor_spawned":[1,2,5],"killed_by":"Large Slime","ascension_level":18}