{"gold_per_floor":[114,127,139,157,177,177,188,216,216,216,216,242,40,68,68,163,163,182,200,217,58,69,94,94,44,44,62,81,108,130,67,79,187,199,221,233,265,37,37,71,85,101,178,198,527,527,541,352,352,352,352,352,98,129,129],"floor_reached":56,"playtime":3865,"items_purged":["Strike_R","Parasite"],"score":1374,"play_id":"03d12c3d-7cb5-4940-8f84-a05aa60126d0","local_time":"20190203230121","is_ascension_mode":true,"campfire_choices":[{"data":"Whirlwind","floor":6,"key":"SMITH"},{"data":"Bludgeon","floor":11,"key":"SMITH"},{"data":"Bash","floor":15,"key":"SMITH"},{"data":"Barricade","floor":24,"key":"SMITH"},{"data":"Entrench","floor":32,"key":"SMITH"},{"floor":46,"key":"RECALL"},{"data":"True Grit","floor":49,"key":"SMITH"},{"data":"Impervious","floor":52,"key":"SMITH"}],"neow_cost":"NONE","seed_source_timestamp":111525212495633,"circlet_count":0,"master_deck":["Strike_R+1","Strike_R+1","Defend_R","Defend_R","Defend_R","Bash+1","Battle Trance","Clothesline","Whirlwind+1","Headbutt","Pommel Strike","Bludgeon+1","Feel No Pain","True Grit+1","Barricade+1","Power Through+1","True Grit+1","Impervious+1","Uppercut+1","Pommel Strike+1","Entrench+1","Immolate+1","Bloodletting+1","Havoc+1","Body Slam+1","Dual Wield+1","Shrug It Off","Shrug It Off+1","Disarm"],"relics":["Burning Blood","Whetstone","Singing Bowl","Happy Flower","Ancient Tea Set","Oddly Smooth Stone","Philosopher\u0027s Stone","Molten Egg 2","Self Forming Clay","MawBank","Astrolabe","Bottled Tornado","Sundial","Old Coin","Paper Frog","Dodecahedron"],"potions_floor_usage":[8,12,16,18,23,23,29,44,45,50,54,55],"damage_taken":[{"damage":1,"enemies":"Cultist","floor":1,"turns":3},{"damage":2,"enemies":"2 Louse","floor":2,"turns":3},{"damage":0,"enemies":"Small Slimes","floor":3,"turns":2},{"damage":3,"enemies":"Exordium Wildlife","floor":4,"turns":4},{"damage":0,"enemies":"Lots of Slimes","floor":5,"turns":1},{"damage":7,"enemies":"2 Fungi Beasts","floor":7,"turns":3},{"damage":10,"enemies":"Gremlin Nob","floor":8,"turns":3},{"damage":9,"enemies":"3 Sentries","floor":12,"turns":3},{"damage":4,"enemies":"Gremlin Nob","floor":14,"turns":3},{"damage":13,"enemies":"Slime Boss","floor":16,"turns":10},{"damage":2,"enemies":"Chosen","floor":18,"turns":3},{"damage":11,"enemies":"2 Thieves","floor":19,"turns":2},{"damage":6,"enemies":"Snecko","floor":20,"turns":4},{"damage":9,"enemies":"Shelled Parasite and Fungi","floor":22,"turns":9},{"damage":21,"enemies":"Slavers","floor":23,"turns":5},{"damage":10,"enemies":"Snake Plant","floor":27,"turns":4},{"damage":9,"enemies":"Centurion and Healer","floor":28,"turns":5},{"damage":15,"enemies":"Book of Stabbing","floor":29,"turns":5},{"damage":6,"enemies":"Sentry and Sphere","floor":30,"turns":11},{"damage":0,"enemies":"Champ","floor":33,"turns":17},{"damage":2,"enemies":"Orb Walker","floor":35,"turns":4},{"damage":3,"enemies":"3 Darklings","floor":37,"turns":3},{"damage":14,"enemies":"Giant Head","floor":40,"turns":14},{"damage":7,"enemies":"Sphere and 2 Shapes","floor":41,"turns":7},{"damage":0,"enemies":"Writhing Mass","floor":42,"turns":7},{"damage":13,"enemies":"Transient","floor":44,"turns":5},{"damage":20,"enemies":"Reptomancer","floor":45,"turns":8},{"damage":0,"enemies":"Jaw Worm Horde","floor":47,"turns":4},{"damage":3,"enemies":"Donu and Deca","floor":50,"turns":16},{"damage":29,"enemies":"Shield and Spear","floor":54,"turns":6},{"damage":45,"enemies":"The Heart","floor":55,"turns":11}],"seed_played":"8368550951092855752","potions_obtained":[{"floor":1,"key":"Weak Potion"},{"floor":2,"key":"PowerPotion"},{"floor":7,"key":"Fire Potion"},{"floor":8,"key":"Regen Potion"},{"floor":10,"key":"AttackPotion"},{"floor":12,"key":"Block Potion"},{"floor":18,"key":"LiquidBronze"},{"floor":19,"key":"AttackPotion"},{"floor":30,"key":"SteroidPotion"},{"floor":37,"key":"Fire Potion"},{"floor":41,"key":"Regen Potion"},{"floor":44,"key":"LiquidBronze"},{"floor":54,"key":"GamblersBrew"}],"is_trial":false,"path_per_floor":["M","M","M","M","M","R","M","E","T","?","R","E","$","E","R","B",null,"M","M","M","$","M","E","R","?","T","M","M","E","M","?","R","B",null,"M","?","M","$","?","E","M","M","T","M","E","R","M","$","R","B",null,"R","$","E","B",null],"character_chosen":"IRONCLAD","items_purchased":["Feel No Pain","True Grit","Impervious","Bottled Tornado","Disarm","Energy Potion","Paper Frog"],"campfire_rested":0,"item_purchase_floors":[13,13,21,38,48,48,53],"current_hp_per_floor":[80,80,80,80,80,80,79,75,75,75,75,74,74,78,78,71,84,86,81,81,81,80,67,67,67,67,63,60,51,53,53,53,59,92,94,94,96,96,96,88,89,95,95,100,86,86,92,92,92,95,97,97,97,76,37],"gold":129,"neow_bonus":"RANDOM_COMMON_RELIC","is_prod":false,"is_daily":false,"chose_seed":false,"campfire_upgraded":7,"win_rate":0,"timestamp":1549263681,"path_taken":["M","M","M","M","M","R","M","E","T","?","R","E","$","E","R","BOSS","M","M","M","$","?","E","R","?","T","M","M","E","?","?","R","BOSS","M","?","?","$","?","E","M","M","T","M","E","R","M","?","R","BOSS","R","$","E","BOSS"],"build_version":"2019-01-23","purchased_purges":2,"victory":true,"max_hp_per_floor":[80,80,80,80,80,80,80,80,80,80,80,82,82,84,84,84,84,86,86,86,86,88,90,90,90,90,90,90,90,92,92,92,92,92,94,94,96,96,96,96,98,98,98,100,100,100,100,97,97,97,97,97,97,99,99],"card_choices":[{"not_picked":["Pummel","Cleave"],"picked":"Battle Trance","floor":1},{"not_picked":["Heavy Blade","Rupture"],"picked":"Clothesline","floor":2},{"not_picked":["Evolve","Twin Strike"],"picked":"Whirlwind","floor":3},{"not_picked":["Flex","Warcry"],"picked":"Heavy Blade","floor":4},{"not_picked":["Searing Blow","Intimidate"],"picked":"Headbutt","floor":5},{"not_picked":["Flex","Heavy Blade"],"picked":"Pommel Strike","floor":7},{"not_picked":["Wild Strike","Warcry"],"picked":"Bludgeon","floor":8},{"not_picked":["Clash","Brutality","Perfected Strike"],"picked":"Singing Bowl","floor":12},{"not_picked":["Warcry","Iron Wave","Twin Strike"],"picked":"Singing Bowl","floor":14},{"not_picked":["Juggernaut","Exhume"],"picked":"Barricade","floor":16},{"not_picked":["Intimidate","Warcry","Clash+1"],"picked":"Singing Bowl","floor":18},{"not_picked":["Anger","Havoc"],"picked":"Power Through+1","floor":19},{"not_picked":["Clash","Intimidate"],"picked":"True Grit","floor":20},{"not_picked":["Clash","Perfected Strike","Second Wind+1"],"picked":"Singing Bowl","floor":22},{"not_picked":["Thunderclap","Hemokinesis+1","Flex+1"],"picked":"Singing Bowl","floor":23},{"not_picked":["Shrug It Off","Berserk"],"picked":"Uppercut+1","floor":27},{"not_picked":["Iron Wave+1","Twin Strike+1"],"picked":"Pommel Strike+1","floor":28},{"not_picked":["Flex","Shockwave"],"picked":"Entrench","floor":29},{"not_picked":["Pommel Strike+1","Clash+1","Wild Strike+1"],"picked":"Singing Bowl","floor":30},{"not_picked":["Brutality","Limit Break"],"picked":"Immolate+1","floor":33},{"not_picked":["Inflame","Heavy Blade+1","Cleave+1"],"picked":"Singing Bowl","floor":35},{"not_picked":["Sever Soul+1","Thunderclap+1","Havoc"],"picked":"Singing Bowl","floor":37},{"not_picked":["Armaments+1","Pommel Strike+1"],"picked":"Body Slam+1","floor":40},{"not_picked":["Intimidate+1","Twin Strike+1","Headbutt+1"],"picked":"Singing Bowl","floor":41},{"not_picked":["Dark Embrace","Thunderclap+1"],"picked":"Dual Wield+1","floor":42},{"not_picked":["Spot Weakness+1","Clothesline+1","Sword Boomerang+1"],"picked":"Singing Bowl","floor":44},{"not_picked":["Bloodletting+1","Sword Boomerang+1"],"picked":"Shrug It Off","floor":45},{"not_picked":["Burning Pact","Warcry+1"],"picked":"Shrug It Off+1","floor":47},{"not_picked":["True Grit","Blood for Blood+1","Sentinel+1"],"picked":"Singing Bowl","floor":54}],"player_experience":1008148,"relics_obtained":[{"floor":8,"key":"Singing Bowl"},{"floor":9,"key":"Happy Flower"},{"floor":12,"key":"Ancient Tea Set"},{"floor":14,"key":"Oddly Smooth Stone"},{"floor":23,"key":"Molten Egg 2"},{"floor":26,"key":"Self Forming Clay"},{"floor":29,"key":"MawBank"},{"floor":40,"key":"Sundial"},{"floor":45,"key":"Old Coin"},{"floor":54,"key":"Dodecahedron"}],"event_choices":[{"damage_healed":0,"gold_gain":0,"player_choice":"Got Potions","damage_taken":0,"max_hp_gain":0,"max_hp_loss":0,"event_name":"Lab","floor":10,"gold_loss":0},{"damage_healed":0,"gold_gain":0,"player_choice":"Bet on Owner","damage_taken":0,"max_hp_gain":0,"max_hp_loss":0,"event_name":"The Joust","floor":25,"gold_loss":50},{"cards_removed":["Strike_R"],"damage_healed":0,"gold_gain":0,"player_choice":"Gave Gold","damage_taken":0,"max_hp_gain":0,"max_hp_loss":0,"event_name":"Beggar","floor":31,"gold_loss":75},{"damage_healed":0,"gold_gain":0,"player_choice":"Forge","damage_taken":0,"max_hp_gain":0,"max_hp_loss":0,"event_name":"Accursed Blacksmith","floor":36,"gold_loss":0,"cards_upgraded":["True Grit"]},{"cards_removed":["Reaper"],"damage_healed":0,"gold_gain":0,"player_choice":"Removed Attack","damage_taken":0,"max_hp_gain":0,"max_hp_loss":0,"event_name":"Falling","floor":39,"gold_loss":0}],"is_beta":true,"boss_relics":[{"not_picked":["Fusion Hammer","Runic Cube"],"picked":"Philosopher\u0027s Stone"},{"not_picked":["Pandora\u0027s Box","Black Star"],"picked":"Astrolabe"}],"items_purged_floors":[13,48],"is_endless":false,"potions_floor_spawned":[1,2,7,8,12,18,19,22,30,37,41,44,54],"ascension_level":1}