{"gold_per_floor":[115,135,14,89,69,95,105,137,137,153,153,165,183,198,198,303,303,313,313,413,413,487,487,88,88,162,174,174,174,174,191,191,289,289,299,399,399,399,414,414],"floor_reached":40,"playtime":1826,"items_purged":["Strike_G","Strike_G"],"score":394,"play_id":"d2e017d5-3d39-4719-a875-a4d0677548eb","local_time":"20190205203757","is_ascension_mode":false,"campfire_choices":[{"data":"Terror","floor":11.0,"key":"SMITH"},{"floor":15.0,"key":"REST"},{"data":"1","floor":23,"key":"LIFT"},{"floor":25,"key":"REST"},{"data":"2","floor":30,"key":"LIFT"},{"data":"3","floor":32,"key":"LIFT"}],"neow_cost":"NONE","seed_source_timestamp":0,"circlet_count":0,"master_deck":["Defend_G","Defend_G","Defend_G+1","Defend_G","Defend_G+1","Strike_G","Strike_G","Survivor","Neutralize+1","Predator","Sucker Punch","Deflect","Dagger Spray","Terror+1","Footwork","Sucker Punch","Backflip","Skewer","Unload","PiercingWail+1","Dagger Spray","Backstab","Writhe","A Thousand Cuts","Escape Plan+1","Eviscerate"],"special_seed":0,"relics":["Ring of the Snake","Regal Pillow","Dodecahedron","Oddly Smooth Stone","Black Star","Ancient Tea Set","Girya","Kunai","MutagenicStrength","Gremlin Horn","War Paint","Bottled Tornado","Thread and Needle","Snecko Eye","Shovel"],"potions_floor_usage":[33,33,40],"damage_taken":[{"damage":3.0,"enemies":"Jaw Worm","floor":1.0,"turns":6.0},{"damage":0.0,"enemies":"Cultist","floor":2.0,"turns":3.0},{"damage":19.0,"enemies":"Lagavulin","floor":6.0,"turns":8.0},{"damage":0.0,"enemies":"Small Slimes","floor":7.0,"turns":3.0},{"damage":12.0,"enemies":"Gremlin Nob","floor":8.0,"turns":4.0},{"damage":0.0,"enemies":"Blue Slaver","floor":10.0,"turns":3.0},{"damage":10.0,"enemies":"Looter","floor":12.0,"turns":3.0},{"damage":2.0,"enemies":"3 Louse","floor":13.0,"turns":4.0},{"damage":0.0,"enemies":"2 Fungi Beasts","floor":14.0,"turns":3.0},{"damage":30.0,"enemies":"Hexaghost","floor":16.0,"turns":11.0},{"damage":15.0,"enemies":"Shell Parasite","floor":18.0,"turns":6.0},{"damage":14.0,"enemies":"Colosseum Slavers","floor":20.0,"turns":5.0},{"damage":24.0,"enemies":"Colosseum Nobs","floor":20.0,"turns":6.0},{"damage":0,"enemies":"3 Byrds","floor":27,"turns":4},{"damage":0,"enemies":"Snecko","floor":31,"turns":3},{"damage":69,"enemies":"Collector","floor":33,"turns":9},{"damage":9,"enemies":"3 Shapes","floor":35,"turns":4},{"damage":32,"enemies":"Mind Bloom Boss Battle","floor":36,"turns":5},{"damage":6,"enemies":"Orb Walker","floor":39,"turns":5},{"damage":30,"enemies":"Nemesis","floor":40,"turns":3}],"seed_played":"7105671943117522447","potions_obtained":[{"floor":1.0,"key":"SpeedPotion"},{"floor":2.0,"key":"FearPotion"},{"floor":5.0,"key":"SpeedPotion"},{"floor":6.0,"key":"SteroidPotion"},{"floor":10.0,"key":"Energy Potion"},{"floor":16.0,"key":"GhostInAJar"},{"floor":18.0,"key":"Explosive Potion"},{"floor":31,"key":"Weak Potion"},{"floor":35,"key":"Dexterity Potion"}],"is_trial":false,"path_per_floor":["M","M","$","?","?","E","M","E","T","M","R","M","M","M","R","B",null,"M","T","?","?","T","R","$","R","T","M","?","?","R","M","R","B",null,"M","?","?","?","M","E"],"character_chosen":"THE_SILENT","items_purchased":["Deflect","War Paint","FairyPotion","Weak Potion"],"campfire_rested":2,"item_purchase_floors":[3,24,24,24],"current_hp_per_floor":[67,67,67,67,67,48,48,36,36,36,36,26,24,24,60,30,70,55,55,17,17,17,17,17,53,53,53,53,53,53,53,53,7,70,61,29,29,29,23,0],"gold":414,"neow_bonus":"UPGRADE_CARD","is_prod":false,"is_daily":false,"chose_seed":false,"campfire_upgraded":1,"win_rate":0,"timestamp":1549420677,"path_taken":["M","M","$","?","?","E","M","E","T","M","R","M","M","M","R","BOSS","M","?","?","?","?","R","?","R","T","M","?","?","R","M","R","BOSS","M","?","?","?","?","E"],"build_version":"2019-01-23","purchased_purges":2,"victory":false,"max_hp_per_floor":[70,70,70,70,70,70,70,70,70,70,70,70,70,70,70,70,70,70,70,70,70,70,70,70,70,70,70,70,70,70,70,70,70,70,70,70,70,70,70,70],"card_choices":[{"not_picked":["Bane","Backstab"],"picked":"Predator","floor":1.0},{"not_picked":["Masterful Stab","Flying Knee"],"picked":"Sucker Punch","floor":2.0},{"not_picked":["Prepared","Deadly Poison"],"picked":"Dagger Spray","floor":6.0},{"not_picked":["Flying Knee","PiercingWail"],"picked":"Terror","floor":7.0},{"not_picked":["Bane","Deadly Poison","Underhanded Strike"],"picked":"SKIP","floor":8.0},{"not_picked":["Bouncing Flask","All Out Attack"],"picked":"Footwork","floor":10.0},{"not_picked":["Catalyst","Setup"],"picked":"Sucker Punch","floor":12.0},{"not_picked":["Venomology","Outmaneuver"],"picked":"Backflip","floor":13.0},{"not_picked":["Deadly Poison","Reflex"],"picked":"Skewer","floor":14.0},{"not_picked":["Malaise","Tools of the Trade"],"picked":"Unload","floor":16.0},{"not_picked":["Dagger Throw","Deadly Poison"],"picked":"PiercingWail+1","floor":18.0},{"not_picked":["Outmaneuver","Choke"],"picked":"Dagger Spray","floor":27},{"not_picked":["Caltrops+1","Footwork","Cloak And Dagger+1"],"picked":"SKIP","floor":31},{"not_picked":["Burst","Night Terror"],"picked":"A Thousand Cuts","floor":33},{"not_picked":["Endless Agony+1","Reflex+1"],"picked":"Escape Plan+1","floor":35},{"not_picked":["Endless Agony+1","Poisoned Stab"],"picked":"Eviscerate","floor":39}],"player_experience":119467,"relics_obtained":[{"floor":6.0,"key":"Regal Pillow"},{"floor":8.0,"key":"Dodecahedron"},{"floor":9.0,"key":"Oddly Smooth Stone"},{"floor":19.0,"key":"Ancient Tea Set"},{"floor":20,"key":"Girya"},{"floor":20,"key":"Kunai"},{"floor":22,"key":"Gremlin Horn"},{"floor":26,"key":"Bottled Tornado"},{"floor":36,"key":"Shovel"}],"event_choices":[{"damage_healed":0.0,"max_hp_gain":0.0,"max_hp_loss":0.0,"gold_gain":75.0,"event_name":"Golden Wing","player_choice":"Gained Gold","floor":4.0,"gold_loss":0.0,"damage_taken":0.0},{"damage_healed":0.0,"max_hp_gain":0.0,"max_hp_loss":0.0,"gold_gain":0.0,"event_name":"The Woman in Blue","player_choice":"Bought 1 Potion","floor":5.0,"gold_loss":0.0,"damage_taken":0.0},{"damage_healed":0.0,"max_hp_gain":0.0,"max_hp_loss":0.0,"gold_gain":0.0,"event_name":"Colosseum","player_choice":"Fight","floor":20.0,"gold_loss":0.0,"damage_taken":0.0},{"damage_healed":0.0,"max_hp_gain":0.0,"max_hp_loss":0.0,"gold_gain":0.0,"event_name":"Colosseum","player_choice":"Fought Nobs","floor":20.0,"gold_loss":0.0,"damage_taken":0.0},{"damage_healed":0,"gold_gain":0,"player_choice":"Inject Mutagens","damage_taken":0,"relics_obtained":["MutagenicStrength"],"max_hp_gain":0,"max_hp_loss":0,"event_name":"Drug Dealer","floor":21,"gold_loss":0},{"damage_healed":0,"gold_gain":0,"player_choice":"Read","damage_taken":0,"max_hp_gain":0,"max_hp_loss":0,"event_name":"The Library","floor":28,"gold_loss":0,"cards_obtained":["Backstab"]},{"damage_healed":0,"gold_gain":0,"player_choice":"Opened","damage_taken":0,"relics_obtained":["Thread and Needle"],"max_hp_gain":0,"max_hp_loss":0,"event_name":"The Mausoleum","floor":29,"gold_loss":0,"cards_obtained":["Writhe"]},{"damage_healed":0,"gold_gain":0,"player_choice":"Fight","damage_taken":0,"max_hp_gain":0,"max_hp_loss":0,"event_name":"MindBloom","floor":36,"gold_loss":0},{"damage_healed":0,"gold_gain":0,"player_choice":"Ignored","damage_taken":0,"max_hp_gain":0,"max_hp_loss":0,"event_name":"Tomb of Lord Red Mask","floor":37,"gold_loss":0},{"cards_removed":["Strike_G"],"damage_healed":0,"gold_gain":0,"player_choice":"Removed Attack","damage_taken":0,"max_hp_gain":0,"max_hp_loss":0,"event_name":"Falling","floor":38,"gold_loss":0}],"is_beta":false,"boss_relics":[{"not_picked":["Runic Dome","Busted Crown"],"picked":"Black Star"},{"not_picked":["Orrery","Calling Bell"],"picked":"Snecko Eye"}],"items_purged_floors":[3,24],"is_endless":false,"potions_floor_spawned":[1,2,6,10,16,18,31,35],"killed_by":"Nemesis","ascension_level":0}