{"gold_per_floor":[364,364,9,22,33,63,63,75,75,100,100,100],"floor_reached":12,"playtime":1339,"items_purged":[],"score":163,"play_id":"ef62d33e-df9a-4a17-b5af-c9e9c04f49d5","local_time":"20181121090301","is_ascension_mode":true,"campfire_choices":[{"data":"Whirlwind","floor":7,"key":"SMITH"},{"floor":11,"key":"REST"}],"neow_cost":"TEN_PERCENT_HP_LOSS","seed_source_timestamp":486100292691897,"circlet_count":0,"master_deck":["AscendersBane","Strike_R","Strike_R","Strike_R","Strike_R","Strike_R","Defend_R","Defend_R","Defend_R","Defend_R","Bash","Uppercut+1","Whirlwind+1","Disarm","Shrug It Off","Iron Wave","Rampage"],"special_seed":0,"relics":["Burning Blood","Kunai","Oddly Smooth Stone","Question Card","Mercury Hourglass"],"potions_floor_usage":[6,10],"damage_taken":[{"damage":7,"enemies":"Jaw Worm","floor":1,"turns":3},{"damage":0,"enemies":"Cultist","floor":4,"turns":3},{"damage":0,"enemies":"Small Slimes","floor":5,"turns":3},{"damage":42,"enemies":"3 Sentries","floor":6,"turns":9},{"damage":2,"enemies":"Looter","floor":8,"turns":3},{"damage":43,"enemies":"Lagavulin","floor":10,"turns":8},{"damage":34,"enemies":"Exordium Thugs","floor":12,"turns":3}],"seed_played":"-6293267425731701420","potions_obtained":[{"floor":4,"key":"AttackPotion"},{"floor":6,"key":"Regen Potion"},{"floor":8,"key":"SpeedPotion"}],"is_trial":false,"path_per_floor":["M","?","$","M","M","E","R","M","T","E","R","M"],"character_chosen":"IRONCLAD","items_purchased":["Kunai","Whirlwind"],"campfire_rested":1,"item_purchase_floors":[3,3],"current_hp_per_floor":[67,67,67,68,68,32,32,36,36,14,34,0],"gold":100,"neow_bonus":"TWO_FIFTY_GOLD","is_prod":false,"is_daily":false,"chose_seed":false,"campfire_upgraded":1,"win_rate":0,"timestamp":1542819781,"path_taken":["M","?","$","M","M","E","R","M","T","E","R","M"],"build_version":"2018-11-15","purchased_purges":0,"victory":false,"max_hp_per_floor":[68,68,68,68,68,68,68,68,68,68,68,68],"card_choices":[{"not_picked":["Havoc","Shrug It Off"],"picked":"Uppercut","floor":1},{"not_picked":["Anger","Wild Strike"],"picked":"Disarm","floor":4},{"not_picked":["Havoc","Warcry"],"picked":"Shrug It Off","floor":5},{"not_picked":["True Grit","Sword Boomerang"],"picked":"Iron Wave","floor":6},{"not_picked":["Havoc","Rupture"],"picked":"Rampage","floor":8},{"not_picked":["Brutality","Havoc","Wild Strike","Berserk"],"picked":"SKIP","floor":10}],"player_experience":1343752,"relics_obtained":[{"floor":6,"key":"Oddly Smooth Stone"},{"floor":9,"key":"Question Card"},{"floor":10,"key":"Mercury Hourglass"}],"event_choices":[{"damage_healed":0,"gold_gain":0,"player_choice":"Upgraded","damage_taken":0,"max_hp_gain":0,"max_hp_loss":0,"event_name":"Upgrade Shrine","floor":2,"gold_loss":0,"cards_upgraded":["Uppercut"]}],"is_beta":false,"boss_relics":[],"items_purged_floors":[],"is_endless":false,"potions_floor_spawned":[4,6,8],"killed_by":"Exordium Thugs","ascension_level":17}