{"gold_per_floor":[116,116,38,38,58,58,68,84,84,84,142,142,169,169,169,272,272,285,43,55,55,154,154,186,197,197,197,44,74,74,86,86,185,185,202,277,21,21,34,66,66,80,80,92,106,106,120,131,131,131,131,131,60,93,93],"floor_reached":56,"playtime":3442,"items_purged":["Strike_R","Strike_R"],"score":1500,"play_id":"1b7c6fc6-0c1b-413c-bad6-b2d0363b7610","local_time":"20190128200634","is_ascension_mode":true,"campfire_choices":[{"data":"Corruption","floor":6,"key":"SMITH"},{"data":"Bash","floor":10,"key":"SMITH"},{"data":"Body Slam","floor":12,"key":"SMITH"},{"floor":15,"key":"REST"},{"data":"Flame Barrier","floor":23,"key":"SMITH"},{"data":"Barricade","floor":27,"key":"SMITH"},{"data":"Shockwave","floor":30,"key":"SMITH"},{"floor":32,"key":"RECALL"},{"data":"Fiend Fire","floor":41,"key":"SMITH"},{"floor":46,"key":"REST"},{"data":"Sever Soul","floor":49,"key":"SMITH"},{"data":"Headbutt","floor":52,"key":"SMITH"}],"neow_cost":"TEN_PERCENT_HP_LOSS","seed_source_timestamp":1557629813778514,"circlet_count":0,"master_deck":["Strike_R","Strike_R","Defend_R","Defend_R","Defend_R","Defend_R","Bash+1","Sentinel","Flame Barrier+1","Corruption+1","Headbutt+1","Sever Soul+1","Body Slam+1","Power Through","Evolve+1","Seeing Red","Barricade+1","Warcry","Power Through","Shockwave+1","Battle Trance","Offering","Shrug It Off","Battle Trance","Metallicize","Fiend Fire+1","Second Wind","Flame Barrier","Corruption+1"],"relics":["Burning Blood","Dead Branch","Meat on the Bone","Singing Bowl","Dream Catcher","Red Skull","Sozu","Letter Opener","Ice Cream","Potion Belt","Orrery","Happy Flower","Paper Frog","Juzu Bracelet","Boot","Lantern"],"potions_floor_usage":[8,24,55],"damage_taken":[{"damage":4,"enemies":"Small Slimes","floor":1,"turns":4},{"damage":6,"enemies":"Cultist","floor":5,"turns":3},{"damage":2,"enemies":"2 Louse","floor":7,"turns":2},{"damage":8,"enemies":"Exordium Thugs","floor":8,"turns":3},{"damage":17,"enemies":"Gremlin Nob","floor":11,"turns":4},{"damage":33,"enemies":"3 Sentries","floor":13,"turns":6},{"damage":15,"enemies":"The Guardian","floor":16,"turns":10},{"damage":0,"enemies":"3 Byrds","floor":18,"turns":4},{"damage":1,"enemies":"Spheric Guardian","floor":20,"turns":4},{"damage":14,"enemies":"Slavers","floor":24,"turns":4},{"damage":7,"enemies":"Snake Plant","floor":25,"turns":2},{"damage":0,"enemies":"Book of Stabbing","floor":29,"turns":2},{"damage":3,"enemies":"Chosen and Byrds","floor":31,"turns":5},{"damage":0,"enemies":"Collector","floor":33,"turns":2},{"damage":6,"enemies":"3 Shapes","floor":35,"turns":4},{"damage":12,"enemies":"3 Darklings","floor":39,"turns":3},{"damage":6,"enemies":"Nemesis","floor":40,"turns":3},{"damage":28,"enemies":"Jaw Worm Horde","floor":42,"turns":3},{"damage":25,"enemies":"4 Shapes","floor":44,"turns":3},{"damage":6,"enemies":"Sphere and 2 Shapes","floor":45,"turns":4},{"damage":6,"enemies":"Transient","floor":47,"turns":5},{"damage":3,"enemies":"3 Darklings","floor":48,"turns":3},{"damage":45,"enemies":"Time Eater","floor":50,"turns":7},{"damage":6,"enemies":"Shield and Spear","floor":54,"turns":2},{"damage":76,"enemies":"The Heart","floor":55,"turns":6}],"seed_played":"-413974556695020703","potions_obtained":[{"floor":1,"key":"SmokeBomb"},{"floor":7,"key":"Poison Potion"},{"floor":13,"key":"Poison Potion"},{"floor":16,"key":"SkillPotion"}],"is_trial":false,"path_per_floor":["M","?","$","?","M","R","M","M","T","R","?","R","E","?","R","B",null,"M","$","M","?","?","R","E","M","T","R","$","E","R","M","R","B",null,"M","?","$","T","M","E","R","M","T","M","M","R","M","M","R","B",null,"R","$","E","B",null],"character_chosen":"IRONCLAD","items_purchased":["Flame Barrier","Letter Opener","Power Through","Happy Flower","Flame Barrier"],"campfire_rested":2,"item_purchase_floors":[3,19,28,37,53],"current_hp_per_floor":[72,72,72,72,72,72,72,70,70,70,59,59,44,37,60,53,76,76,76,76,76,76,76,68,67,67,67,67,73,73,76,76,76,82,82,74,74,74,70,70,70,62,62,57,57,85,87,92,92,65,94,94,94,94,36],"gold":93,"neow_bonus":"ONE_RARE_RELIC","is_prod":false,"is_daily":false,"chose_seed":false,"campfire_upgraded":9,"win_rate":0,"timestamp":1548673594,"path_taken":["M","?","?","?","M","R","M","?","T","R","?","R","E","?","R","BOSS","M","$","M","?","?","R","E","M","T","R","$","E","R","M","R","BOSS","M","?","$","?","M","E","R","M","T","M","M","R","M","M","R","BOSS","R","$","E","BOSS"],"build_version":"2019-01-23","purchased_purges":2,"victory":true,"max_hp_per_floor":[72,72,72,72,72,72,72,72,72,72,72,72,72,72,74,76,76,76,76,76,76,76,76,76,76,76,76,76,76,76,76,76,76,82,82,82,82,82,84,84,84,86,86,88,88,90,92,94,94,94,94,94,94,94,94],"card_choices":[{"not_picked":["Shockwave","Flex"],"picked":"Sentinel","floor":1},{"not_picked":["Flame Barrier","Armaments"],"picked":"Corruption","floor":5},{"not_picked":["Wild Strike","Thunderclap"],"picked":"Headbutt","floor":7},{"not_picked":["Bludgeon","Warcry"],"picked":"Sever Soul","floor":8},{"not_picked":["Rampage","Entrench"],"picked":"Body Slam","floor":11},{"not_picked":["Shockwave","Infernal Blade"],"picked":"Power Through","floor":13},{"not_picked":["Heavy Blade","Uppercut","Pommel Strike"],"picked":"Singing Bowl","floor":15},{"not_picked":["Limit Break","Bludgeon","Brutality"],"picked":"Singing Bowl","floor":16},{"not_picked":["Armaments","Inflame"],"picked":"Evolve+1","floor":18},{"not_picked":["Sword Boomerang","Power Through"],"picked":"Seeing Red","floor":20},{"not_picked":["Shockwave","Headbutt"],"picked":"Barricade","floor":24},{"not_picked":["Evolve","Cleave"],"picked":"Warcry","floor":25},{"not_picked":["Pommel Strike","Wild Strike"],"picked":"Shockwave","floor":29},{"not_picked":["Thunderclap","Sever Soul"],"picked":"Battle Trance","floor":31},{"not_picked":["Feed","Reaper"],"picked":"Offering","floor":33},{"not_picked":["Pommel Strike","Twin Strike","Perfected Strike"],"picked":"Singing Bowl","floor":34},{"not_picked":["Pommel Strike+1","Headbutt+1","Cleave+1"],"picked":"Singing Bowl","floor":34},{"not_picked":["Evolve","Combust","Rampage"],"picked":"Singing Bowl","floor":34},{"not_picked":["Thunderclap+1","Twin Strike"],"picked":"Shrug It Off","floor":34},{"not_picked":["Barricade","Hemokinesis+1"],"picked":"Battle Trance","floor":34},{"not_picked":["Carnage","Rupture"],"picked":"Metallicize","floor":35},{"not_picked":["Thunderclap","Heavy Blade+1","Clash+1"],"picked":"Singing Bowl","floor":39},{"not_picked":["Heavy Blade","Havoc+1"],"picked":"Fiend Fire","floor":40},{"not_picked":["Iron Wave+1","Uppercut+1","Blood for Blood"],"picked":"Singing Bowl","floor":42},{"not_picked":["Spot Weakness","Twin Strike","Blood for Blood"],"picked":"Singing Bowl","floor":44},{"not_picked":["Burning Pact+1","Body Slam+1"],"picked":"Second Wind","floor":45},{"not_picked":["Sword Boomerang+1","Armaments+1","Rage+1"],"picked":"Singing Bowl","floor":46},{"not_picked":["Perfected Strike","Twin Strike","Heavy Blade"],"picked":"Singing Bowl","floor":47},{"not_picked":["Iron Wave+1","Clothesline+1","Anger"],"picked":"Singing Bowl","floor":48},{"not_picked":["Sever Soul","Blood for Blood"],"picked":"Corruption+1","floor":54}],"player_experience":717868,"relics_obtained":[{"floor":9,"key":"Singing Bowl"},{"floor":11,"key":"Dream Catcher"},{"floor":13,"key":"Red Skull"},{"floor":24,"key":"Ice Cream"},{"floor":29,"key":"Potion Belt"},{"floor":38,"key":"Paper Frog"},{"floor":40,"key":"Juzu Bracelet"},{"floor":43,"key":"Boot"},{"floor":54,"key":"Lantern"}],"event_choices":[{"damage_healed":0,"gold_gain":0,"player_choice":"Gave Potion","damage_taken":0,"relics_obtained":["Meat on the Bone"],"max_hp_gain":0,"max_hp_loss":0,"event_name":"WeMeetAgain","floor":2,"gold_loss":0},{"damage_healed":0,"gold_gain":0,"player_choice":"Ignored","damage_taken":0,"max_hp_gain":0,"max_hp_loss":0,"event_name":"NoteForYourself","floor":4,"gold_loss":0},{"damage_healed":0,"gold_gain":0,"player_choice":"Searched \u00271\u0027 times","damage_taken":0,"max_hp_gain":0,"max_hp_loss":0,"event_name":"Dead Adventurer","floor":11,"gold_loss":0},{"cards_removed":["Strike_R"],"damage_healed":0,"gold_gain":0,"player_choice":"Card Removal","damage_taken":7,"max_hp_gain":0,"max_hp_loss":0,"event_name":"Golden Wing","floor":14,"gold_loss":0},{"damage_healed":0,"gold_gain":0,"player_choice":"Ignored","damage_taken":0,"max_hp_gain":0,"max_hp_loss":0,"event_name":"Beggar","floor":21,"gold_loss":0},{"damage_healed":0,"gold_gain":99,"player_choice":"Stole From Cult","damage_taken":0,"max_hp_gain":0,"max_hp_loss":0,"event_name":"Nest","floor":22,"gold_loss":0},{"damage_healed":0,"gold_gain":75,"player_choice":"Touch","damage_taken":8,"max_hp_gain":0,"max_hp_loss":0,"event_name":"FaceTrader","floor":36,"gold_loss":0}],"is_beta":false,"boss_relics":[{"not_picked":["Runic Cube","Cursed Key"],"picked":"Sozu"},{"not_picked":["Calling Bell","Pandora\u0027s Box"],"picked":"Orrery"}],"items_purged_floors":[28,37],"is_endless":false,"potions_floor_spawned":[1,7,13,16,24,25,29,33,35,40,47],"ascension_level":3}