{"gold_per_floor":[211,222,472,483,494,494,526,526,526,542,542],"floor_reached":11,"playtime":438,"items_purged":[],"score":120,"play_id":"48b794ad-280b-453f-9671-129f981d54f7","local_time":"20180713134345","is_ascension_mode":true,"campfire_choices":[{"data":"Armaments","floor":6,"key":"SMITH"},{"floor":8,"key":"REST"}],"neow_cost":"NONE","seed_source_timestamp":173737006741517,"circlet_count":0,"master_deck":["Strike_R","Strike_R","Strike_R","Strike_R","Strike_R","Defend_R","Defend_R","Defend_R","Defend_R","Bash","AscendersBane","Pummel","Battle Trance","Regret","Armaments+1","Clothesline","Shrug It Off"],"relics":["Burning Blood","Ornamental Fan","Pear"],"potions_floor_usage":[7,7],"damage_taken":[{"damage":12,"enemies":"Jaw Worm","floor":1,"turns":3},{"damage":1,"enemies":"Cultist","floor":2,"turns":3},{"damage":13,"enemies":"Small Slimes","floor":4,"turns":4},{"damage":21,"enemies":"Red Slaver","floor":5,"turns":4},{"damage":39,"enemies":"Lagavulin","floor":7,"turns":9},{"damage":43,"enemies":"Exordium Thugs","floor":10,"turns":6},{"damage":16,"enemies":"Lots of Slimes","floor":11,"turns":1}],"seed_played":"-6444030996048120400","potions_obtained":[{"floor":2,"key":"Poison Potion"},{"floor":4,"key":"Weak Potion"},{"floor":5,"key":"Dexterity Potion"}],"is_trial":false,"path_per_floor":["M","M","?","M","M","R","E","R","T","M"],"character_chosen":"IRONCLAD","items_purchased":[],"campfire_rested":1,"item_purchase_floors":[],"current_hp_per_floor":[66,71,71,64,49,49,16,40,50,13,0],"gold":542,"neow_bonus":"HUNDRED_GOLD","is_prod":false,"is_daily":false,"chose_seed":false,"campfire_upgraded":1,"win_rate":0,"timestamp":1531514625,"path_taken":["M","M","?","M","M","R","E","R","T","M","M"],"build_version":"2018-07-12","purchased_purges":0,"victory":false,"max_hp_per_floor":[80,80,80,80,80,80,80,80,90,90,90],"card_choices":[{"not_picked":["Thunderclap","Havoc"],"picked":"Pummel","floor":1},{"not_picked":["Sentinel","Shockwave"],"picked":"Battle Trance","floor":2},{"not_picked":["Havoc","Dropkick"],"picked":"Armaments","floor":4},{"not_picked":["Seeing Red","Heavy Blade","Reckless Charge"],"picked":"SKIP","floor":5},{"not_picked":["Armaments","Clash"],"picked":"Clothesline","floor":7},{"not_picked":["Twin Strike","Bludgeon"],"picked":"Shrug It Off","floor":10}],"player_experience":961559,"relics_obtained":[{"floor":7,"key":"Ornamental Fan"},{"floor":9,"key":"Pear"}],"event_choices":[{"event_name":"Golden Shrine","player_choice":"Desecrate","floor":3,"damage_taken":0}],"boss_relics":[],"items_purged_floors":[],"is_endless":false,"potions_floor_spawned":[2,4,5],"killed_by":"Lots of Slimes","ascension_level":12}