{"gold_per_floor":[111,111,125,144,144,144,179,179,179,179,190,190,204,204,204,302,302,313,313],"floor_reached":19,"playtime":708,"items_purged":[],"score":251,"play_id":"c2f633c0-55d4-4a3d-80fa-bc912a6d0fca","local_time":"20190115235410","is_ascension_mode":true,"campfire_choices":[{"data":"White Noise","floor":6.0,"key":"SMITH"},{"data":"Creative AI","floor":8.0,"key":"SMITH"},{"floor":10.0,"key":"REST"},{"floor":12.0,"key":"REST"},{"floor":15.0,"key":"REST"}],"neow_cost":"NONE","seed_source_timestamp":91280998411268,"circlet_count":0,"master_deck":["AscendersBane","Strike_B","Strike_B","Defend_B","Defend_B","Defend_B","Defend_B","Zap","Dualcast","Streamline","White Noise+1","Creative AI+1","Leap","Sweeping Beam","Hyperbeam","White Noise"],"special_seed":0,"relics":["Cracked Core","NeowsBlessing","Question Card","Shuriken","Philosopher\u0027s Stone"],"potions_floor_usage":[16],"damage_taken":[{"damage":0.0,"enemies":"Jaw Worm","floor":1.0,"turns":1.0},{"damage":0.0,"enemies":"Cultist","floor":3.0,"turns":1.0},{"damage":0.0,"enemies":"Small Slimes","floor":4.0,"turns":1.0},{"damage":40.0,"enemies":"Lagavulin","floor":7.0,"turns":4.0},{"damage":6.0,"enemies":"2 Fungi Beasts","floor":11.0,"turns":4.0},{"damage":14.0,"enemies":"Lots of Slimes","floor":13.0,"turns":6.0},{"damage":41,"enemies":"The Guardian","floor":16,"turns":9},{"damage":59,"enemies":"Shell Parasite","floor":18,"turns":7},{"damage":0,"enemies":"3 Byrds","floor":19,"turns":1}],"seed_played":"-4141398702686750240","potions_obtained":[{"floor":3.0,"key":"GamblersBrew"},{"floor":4.0,"key":"FocusPotion"},{"floor":13.0,"key":"Dexterity Potion"},{"floor":14.0,"key":"Fruit Juice"},{"floor":14.0,"key":"Dexterity Potion"},{"floor":14.0,"key":"SneckoOil"}],"is_trial":false,"path_per_floor":["M","?","M","M","?","R","E","R","T","R","M","R","M","?","R","B",null,"M","M"],"character_chosen":"DEFECT","items_purchased":[],"campfire_rested":3,"item_purchase_floors":[],"current_hp_per_floor":[68,68,68,68,68,68,28,28,28,50,44,66,52,57,80,39,70,11,11],"gold":313,"neow_bonus":"THREE_ENEMY_KILL","is_prod":false,"is_daily":false,"chose_seed":false,"campfire_upgraded":2,"win_rate":0,"timestamp":1547614450,"path_taken":["M","?","M","?","?","R","E","R","T","R","M","R","?","?","R","BOSS","M","M"],"build_version":"2019-01-10","purchased_purges":0,"victory":false,"max_hp_per_floor":[75,75,75,75,75,75,75,75,75,75,75,75,75,80,80,80,80,80,80],"card_choices":[{"not_picked":["Stack","Compile Driver"],"picked":"Streamline","floor":1.0},{"not_picked":["Sweeping Beam","Rebound"],"picked":"White Noise","floor":3.0},{"not_picked":["Steam Power","Barrage","Streamline"],"picked":"SKIP","floor":4.0},{"not_picked":["Reprogram","Hello World"],"picked":"Creative AI","floor":7.0},{"not_picked":["Undo","BootSequence","Barrage"],"picked":"Leap","floor":11.0},{"not_picked":["Ball Lightning","Coolheaded","Consume"],"picked":"Sweeping Beam","floor":13.0},{"not_picked":["Machine Learning","All For One","Fission"],"picked":"Hyperbeam","floor":16},{"not_picked":["Double Energy","Undo","Go for the Eyes"],"picked":"White Noise","floor":18}],"player_experience":493027,"relics_obtained":[{"floor":7.0,"key":"Question Card"},{"floor":9.0,"key":"Shuriken"}],"event_choices":[{"cards_removed":["Strike_B"],"damage_healed":0.0,"max_hp_gain":0.0,"max_hp_loss":0.0,"gold_gain":0.0,"event_name":"Bonfire Elementals","player_choice":"Offered Basic","floor":2.0,"gold_loss":0.0,"damage_taken":0.0},{"cards_removed":["Strike_B"],"damage_healed":0.0,"max_hp_gain":0.0,"max_hp_loss":0.0,"gold_gain":0.0,"event_name":"Purifier","player_choice":"Purged","floor":5.0,"gold_loss":0.0,"damage_taken":0.0},{"damage_healed":0.0,"max_hp_gain":0.0,"max_hp_loss":0.0,"gold_gain":0.0,"event_name":"Lab","player_choice":"Got Potions","floor":14.0,"gold_loss":0.0,"damage_taken":0.0}],"is_beta":false,"boss_relics":[{"not_picked":["White Beast Statue","Calling Bell"],"picked":"Philosopher\u0027s Stone"}],"items_purged_floors":[],"is_endless":false,"potions_floor_spawned":[3,4,13],"killed_by":"3 Byrds","ascension_level":10}