{"gold_per_floor":[115,127,138,206,220,255,255,290,365,376,394,406,425,106,106,210,210,230,241,8,23,23,23,54,54,80,118,145,157],"floor_reached":29,"playtime":1097,"items_purged":[],"score":279,"play_id":"2287c952-2dd0-479b-914b-994a16b8bb53","local_time":"20180822231002","is_ascension_mode":false,"campfire_choices":[{"floor":7,"key":"REST"},{"floor":15,"key":"REST"},{"floor":23,"key":"REST"},{"floor":25,"key":"REST"}],"neow_cost":"NONE","seed_source_timestamp":4427236380057,"circlet_count":0,"master_deck":["Defend_G","Defend_G","Defend_G","Defend_G","Defend_G","Strike_G","Strike_G","Strike_G","Strike_G","Strike_G","Survivor","Neutralize","Slice","Heel Hook","Choke","Poisoned Stab","Backflip","Terror","Prepared","Sucker Punch","Backflip","Poisoned Stab","Slice","Accuracy","Dagger Spray","Burst","Cloak And Dagger","Predator","Choke","The Bomb","Poisoned Stab","Flechettes+1","Footwork"],"relics":["Runic Dome","Ninja Scroll","Ice Cream","Darkstone Periapt","Regal Pillow","Snecko Eye","Strawberry","Orichalcum","MawBank","Omamori"],"potions_floor_usage":[6,6,16,21,24,27,29],"damage_taken":[{"damage":10,"enemies":"Jaw Worm","floor":1,"turns":4},{"damage":0,"enemies":"Cultist","floor":2,"turns":4},{"damage":0,"enemies":"Small Slimes","floor":3,"turns":3},{"damage":7,"enemies":"3 Louse","floor":5,"turns":4},{"damage":19,"enemies":"Lagavulin","floor":6,"turns":6},{"damage":20,"enemies":"3 Sentries","floor":8,"turns":8},{"damage":0,"enemies":"Blue Slaver","floor":10,"turns":2},{"damage":5,"enemies":"Looter","floor":11,"turns":2},{"damage":3,"enemies":"Large Slime","floor":12,"turns":2},{"damage":6,"enemies":"Exordium Wildlife","floor":13,"turns":3},{"damage":33,"enemies":"The Guardian","floor":16,"turns":7},{"damage":17,"enemies":"Spheric Guardian","floor":18,"turns":5},{"damage":7,"enemies":"Shell Parasite","floor":19,"turns":4},{"damage":0,"enemies":"Snecko","floor":21,"turns":3},{"damage":43,"enemies":"Slavers","floor":24,"turns":6},{"damage":33,"enemies":"Book of Stabbing","floor":27,"turns":5},{"damage":17,"enemies":"Sentry and Sphere","floor":28,"turns":4},{"damage":22,"enemies":"Gremlin Leader","floor":29,"turns":2}],"seed_played":"-6040633576443169883","potions_obtained":[{"floor":1,"key":"Energy Potion"},{"floor":2,"key":"FearPotion"},{"floor":5,"key":"Dexterity Potion"},{"floor":12,"key":"FearPotion"},{"floor":13,"key":"Fire Potion"},{"floor":16,"key":"Swift Potion"},{"floor":19,"key":"Block Potion"},{"floor":24,"key":"SkillPotion"},{"floor":28,"key":"Explosive Potion"}],"is_trial":false,"path_per_floor":["M","M","M","?","M","E","R","E","T","M","M","M","M","$","R","B",null,"M","M","$","M","T","R","E","R","T","E","M"],"character_chosen":"THE_SILENT","items_purchased":["Regal Pillow","Slice","Accuracy","Dagger Spray","Choke","The Bomb"],"campfire_rested":4,"item_purchase_floors":[14,14,14,14,20,20],"current_hp_per_floor":[60,60,60,60,53,34,55,35,35,35,30,27,21,21,57,24,70,53,46,46,46,53,77,34,72,72,39,22,0],"gold":157,"neow_bonus":"BOSS_RELIC","is_prod":false,"is_daily":false,"chose_seed":false,"campfire_upgraded":0,"win_rate":0.0,"timestamp":1534972202,"path_taken":["M","M","M","?","M","E","R","E","T","M","M","M","M","$","R","BOSS","M","M","$","M","?","R","E","R","T","E","M","E"],"build_version":"2018-08-21","purchased_purges":0,"victory":false,"max_hp_per_floor":[70,70,70,70,70,70,70,70,70,70,70,70,70,70,70,70,70,70,70,70,70,77,77,77,77,77,77,77,77],"card_choices":[{"not_picked":["Choke","Caltrops"],"picked":"Slice","floor":1},{"not_picked":["Deflect","Backflip"],"picked":"Heel Hook","floor":2},{"not_picked":["Sucker Punch","Backflip"],"picked":"Choke","floor":3},{"not_picked":["Masterful Stab","Underhanded Strike"],"picked":"Poisoned Stab","floor":5},{"not_picked":["PiercingWail","Deadly Poison"],"picked":"Backflip","floor":6},{"not_picked":["Malaise","Catalyst"],"picked":"Terror","floor":8},{"not_picked":["Distraction","Catalyst"],"picked":"Prepared","floor":10},{"not_picked":["Dodge and Roll","Dagger Spray"],"picked":"Sucker Punch","floor":11},{"not_picked":["Poisoned Stab","Masterful Stab"],"picked":"Backflip","floor":12},{"not_picked":["Dagger Throw","Deadly Poison"],"picked":"Poisoned Stab","floor":13},{"not_picked":["Unload","Night Terror"],"picked":"Burst","floor":16},{"not_picked":["Catalyst","Prepared"],"picked":"Cloak And Dagger","floor":18},{"not_picked":["Deflect","Tools of the Trade"],"picked":"Predator","floor":19},{"not_picked":["Dagger Throw","Dodge and Roll"],"picked":"Poisoned Stab","floor":21},{"not_picked":["Distraction","Backflip"],"picked":"Flechettes+1","floor":24},{"not_picked":["Unload","Outmaneuver","Poisoned Stab"],"picked":"SKIP","floor":27},{"not_picked":["Masterful Stab+1","Underhanded Strike"],"picked":"Footwork","floor":28}],"player_experience":35035,"relics_obtained":[{"floor":6,"key":"Ninja Scroll"},{"floor":8,"key":"Ice Cream"},{"floor":9,"key":"Darkstone Periapt"},{"floor":22,"key":"Strawberry"},{"floor":24,"key":"Orichalcum"},{"floor":26,"key":"MawBank"},{"floor":27,"key":"Omamori"}],"event_choices":[{"event_name":"Golden Wing","player_choice":"Gained Gold","floor":4,"damage_taken":0}],"is_beta":true,"boss_relics":[{"not_picked":["Runic Pyramid","Philosopher\u0027s Stone"],"picked":"Snecko Eye"}],"items_purged_floors":[],"is_endless":false,"potions_floor_spawned":[1,2,5,12,13,16,19,24,28],"killed_by":"Gremlin Leader","ascension_level":0}