{"gold_per_floor":[119,133,148,160,176,176,187,203,203,203,231,231,256,272,272,272],"floor_reached":16,"playtime":594,"items_purged":[],"score":232,"play_id":"90ea745e-1b3b-4af0-b606-1c6c4026ebac","local_time":"20181203212044","is_ascension_mode":true,"campfire_choices":[{"data":"Armaments","floor":6,"key":"SMITH"},{"floor":12,"key":"REST"},{"data":"Intimidate","floor":15,"key":"SMITH"}],"neow_cost":"NONE","seed_source_timestamp":935733845951326,"circlet_count":0,"master_deck":["AscendersBane","Strike_R","Strike_R","Strike_R","Strike_R","Strike_R","Defend_R","Defend_R","Defend_R","Defend_R","Bash","Armaments+1","Spot Weakness","Uppercut+1","Intimidate+1","Clothesline","Shrug It Off","Evolve","Heavy Blade+1","Feed+1","Shrug It Off"],"relics":["Burning Blood","Lantern","Pen Nib","Molten Egg 2","Happy Flower"],"potions_floor_usage":[11,16,16],"damage_taken":[{"damage":7,"enemies":"Jaw Worm","floor":1,"turns":5},{"damage":7,"enemies":"Cultist","floor":2,"turns":4},{"damage":1,"enemies":"2 Louse","floor":3,"turns":4},{"damage":11,"enemies":"Blue Slaver","floor":4,"turns":4},{"damage":7,"enemies":"Looter","floor":5,"turns":4},{"damage":24,"enemies":"Exordium Thugs","floor":7,"turns":4},{"damage":3,"enemies":"Exordium Wildlife","floor":8,"turns":5},{"damage":24,"enemies":"Gremlin Nob","floor":11,"turns":4},{"damage":37,"enemies":"Lagavulin","floor":13,"turns":9},{"damage":0,"enemies":"2 Fungi Beasts","floor":14,"turns":3},{"damage":34,"enemies":"The Guardian","floor":16,"turns":7}],"seed_played":"-4597414010032504938","potions_obtained":[{"floor":2,"key":"EssenceOfSteel"},{"floor":4,"key":"FearPotion"},{"floor":13,"key":"SteroidPotion"},{"floor":14,"key":"FearPotion"}],"is_trial":false,"path_per_floor":["M","M","M","M","M","R","M","M","T","?","E","R","E","M","R","B"],"character_chosen":"IRONCLAD","items_purchased":[],"campfire_rested":1,"item_purchase_floors":[],"current_hp_per_floor":[67,66,71,66,65,65,47,50,50,50,32,54,23,29,29,0],"gold":272,"neow_bonus":"RANDOM_COMMON_RELIC","is_prod":false,"is_daily":false,"chose_seed":false,"campfire_upgraded":2,"win_rate":0,"timestamp":1543900844,"path_taken":["M","M","M","M","M","R","M","M","T","?","E","R","E","M","R","BOSS"],"build_version":"2018-11-15","purchased_purges":0,"victory":false,"max_hp_per_floor":[75,75,75,75,75,75,75,75,75,75,75,75,75,75,75,75],"card_choices":[{"not_picked":["True Grit","Entrench"],"picked":"Armaments","floor":1},{"not_picked":["Pommel Strike","Thunderclap"],"picked":"Spot Weakness","floor":2},{"not_picked":["Wild Strike","Battle Trance"],"picked":"Uppercut","floor":3},{"not_picked":["Thunderclap","Reckless Charge"],"picked":"Intimidate","floor":4},{"not_picked":["Second Wind","Sever Soul"],"picked":"Clothesline","floor":5},{"not_picked":["Pommel Strike","True Grit"],"picked":"Shrug It Off","floor":7},{"not_picked":["Dual Wield","Pummel"],"picked":"Evolve","floor":8},{"not_picked":["Fire Breathing","Thunderclap"],"picked":"Heavy Blade","floor":11},{"not_picked":["Clash+1","Flex"],"picked":"Feed+1","floor":13},{"not_picked":["Twin Strike+1","Bloodletting"],"picked":"Shrug It Off","floor":14}],"player_experience":956598,"relics_obtained":[{"floor":9,"key":"Pen Nib"},{"floor":11,"key":"Molten Egg 2"},{"floor":13,"key":"Happy Flower"}],"event_choices":[{"damage_healed":0,"gold_gain":0,"player_choice":"Upgraded","damage_taken":0,"max_hp_gain":0,"max_hp_loss":0,"event_name":"Upgrade Shrine","floor":10,"gold_loss":0,"cards_upgraded":["Uppercut"]}],"is_beta":true,"boss_relics":[],"items_purged_floors":[],"is_endless":false,"potions_floor_spawned":[2,4,13,14],"killed_by":"The Guardian","ascension_level":20}