{"gold_per_floor":[115,115,125,139,156,156,190,190,190,225,235,247,260,64,64,166,166,181,195,120,120,20,20,50,50,76,102,48,48,48,48,48,146,146,159,27,40,54,54,54,0,30,56,117,117,127,139,151,151,151],"floor_reached":50,"playtime":4751,"items_purged":["Strike_B","Strike_B"],"score":603,"play_id":"73fe2afb-40d7-4eaa-a176-e5a15a0e4fca","local_time":"20180703223140","is_ascension_mode":true,"campfire_choices":[{"data":"Barrage","floor":6,"key":"SMITH"},{"floor":8,"key":"REST"},{"floor":15,"key":"REST"},{"data":"Seek","floor":23,"key":"SMITH"},{"floor":25,"key":"REST"},{"floor":29,"key":"REST"},{"floor":32,"key":"REST"},{"floor":40,"key":"REST"},{"floor":49,"key":"REST"}],"neow_cost":"NONE","seed_source_timestamp":570445376754462,"circlet_count":0,"master_deck":["Defend_B","Defend_B","Defend_B","Defend_B","Zap+1","Dualcast","Seek+1","Barrage+1","Cold Snap","Tempest+1","Aggregate+1","Darkness+1","Auto Shields+1","Fission+1","Ball Lightning","Rainbow+1","Conserve Battery+1","Undo+1","Aggregate+1","Cold Snap","Conserve Battery+1","Machine Learning","Self Repair+1","Chill+1","Coolheaded+1","Conserve Battery+1","Consume+1","Darkness+1","Barrage+1"],"relics":["Cracked Core","Happy Flower","Toxic Egg 2","Bottled Lightning","Inserter","Sundial","Lantern","Ornamental Fan","Nuclear Battery","Red Mask","Gremlin Horn","Dream Catcher","Tiny Chest"],"potions_floor_usage":[7,7,7,16,19,35,38,44],"damage_taken":[{"damage":2,"enemies":"2 Louse","floor":1,"turns":2},{"damage":11,"enemies":"Jaw Worm","floor":3,"turns":2},{"damage":0,"enemies":"Cultist","floor":4,"turns":2},{"damage":19,"enemies":"Lots of Slimes","floor":5,"turns":4},{"damage":14,"enemies":"Lagavulin","floor":7,"turns":6},{"damage":6,"enemies":"Gremlin Nob","floor":10,"turns":3},{"damage":8,"enemies":"Exordium Thugs","floor":11,"turns":3},{"damage":13,"enemies":"3 Louse","floor":12,"turns":2},{"damage":0,"enemies":"Looter","floor":13,"turns":2},{"damage":12,"enemies":"Hexaghost","floor":16,"turns":7},{"damage":10,"enemies":"3 Byrds","floor":18,"turns":3},{"damage":24,"enemies":"2 Thieves","floor":19,"turns":4},{"damage":32,"enemies":"Slavers","floor":24,"turns":5},{"damage":7,"enemies":"Book of Stabbing","floor":27,"turns":5},{"damage":44,"enemies":"Champ","floor":33,"turns":11},{"damage":62,"enemies":"3 Shapes","floor":35,"turns":5},{"damage":11,"enemies":"Orb Walker","floor":37,"turns":4},{"damage":0,"enemies":"Maw","floor":38,"turns":8},{"damage":9,"enemies":"Giant Head","floor":42,"turns":9},{"damage":6,"enemies":"Nemesis","floor":44,"turns":9},{"damage":8,"enemies":"Sphere and 2 Shapes","floor":46,"turns":7},{"damage":19,"enemies":"3 Darklings","floor":47,"turns":7},{"damage":2,"enemies":"4 Shapes","floor":48,"turns":6},{"damage":81,"enemies":"Donu and Deca","floor":50,"turns":7}],"seed_played":"8380519069107419340","potions_obtained":[{"floor":1,"key":"EssenceOfSteel"},{"floor":4,"key":"Ancient Potion"},{"floor":5,"key":"Swift Potion"},{"floor":13,"key":"SkillPotion"},{"floor":18,"key":"Explosive Potion"},{"floor":33,"key":"Regen Potion"},{"floor":35,"key":"SteroidPotion"},{"floor":37,"key":"GamblersBrew"},{"floor":42,"key":"Swift Potion"}],"is_trial":false,"path_per_floor":["M","?","M","M","M","R","E","R","T","E","M","M","M","$","R","B",null,"M","M","?","?","$","R","E","R","T","E","$","R","?","?","R","B",null,"M","$","M","M","$","R","?","E","T","E","?","M","M","M","R"],"character_chosen":"DEFECT","items_purchased":["Fission+1","Ball Lightning","Conserve Battery+1","Chill+1","Coolheaded+1"],"campfire_rested":7,"item_purchase_floors":[14,14,28,36,36],"current_hp_per_floor":[73,58,47,47,28,28,14,36,36,30,22,9,9,9,31,19,75,65,41,41,41,41,41,9,31,31,24,24,46,46,46,68,24,75,22,22,21,31,31,53,53,54,54,58,58,60,51,59,75,0],"gold":151,"neow_bonus":"ONE_RANDOM_RARE_CARD","is_prod":false,"is_daily":false,"chose_seed":false,"campfire_upgraded":2,"win_rate":0,"timestamp":1530621100,"path_taken":["M","?","M","?","M","R","E","R","T","E","?","M","M","$","R","BOSS","M","M","?","?","?","R","E","R","T","E","$","R","?","?","R","BOSS","M","$","?","?","?","R","?","E","T","E","?","?","?","M","R","BOSS"],"build_version":"2018-06-28","purchased_purges":2,"victory":false,"max_hp_per_floor":[75,75,75,75,75,75,75,75,75,75,75,75,75,75,75,75,75,75,75,75,75,75,75,75,75,75,75,75,75,75,75,75,75,75,75,75,75,75,75,75,75,75,75,75,75,75,75,75,75,75],"card_choices":[{"not_picked":["Lockon","Conserve Battery"],"picked":"Barrage","floor":1},{"not_picked":["Steam","Redo","Reinforced Body"],"picked":"SKIP","floor":3},{"not_picked":["Gash","Hello World","Compile Driver"],"picked":"SKIP","floor":4},{"not_picked":["Lockon","Streamline","Leap"],"picked":"SKIP","floor":5},{"not_picked":["Gash","Reboot"],"picked":"Cold Snap","floor":7},{"not_picked":["Turbo+1","Storm"],"picked":"Tempest+1","floor":10},{"not_picked":["Go for the Eyes","Sweeping Beam"],"picked":"Aggregate+1","floor":11},{"not_picked":["Consume+1","Melter"],"picked":"Darkness+1","floor":12},{"not_picked":["Turbo+1","Beam Cell"],"picked":"Auto Shields+1","floor":13},{"not_picked":["Reboot+1","Biased Cognition"],"picked":"Rainbow+1","floor":16},{"not_picked":["Leap+1","Skim+1"],"picked":"Conserve Battery+1","floor":18},{"not_picked":["Go for the Eyes","Rebound"],"picked":"Undo+1","floor":19},{"not_picked":["Redo+1","Leap+1"],"picked":"Aggregate+1","floor":24},{"not_picked":["Sunder+1","Loop"],"picked":"Cold Snap","floor":27},{"not_picked":["Thunder Strike","Seek+1"],"picked":"Machine Learning","floor":33},{"not_picked":["Sweeping Beam+1","Auto Shields+1"],"picked":"Self Repair+1","floor":35},{"not_picked":["Go for the Eyes","Compile Driver+1"],"picked":"Conserve Battery+1","floor":37},{"not_picked":["Steam Power+1","Compile Driver+1"],"picked":"Consume+1","floor":38},{"not_picked":["Leap+1","Meteor Strike","Rip and Tear+1"],"picked":"SKIP","floor":42},{"not_picked":["Skim+1","Reprogram+1","Sweeping Beam+1"],"picked":"SKIP","floor":44},{"not_picked":["Steam Power+1","Turbo+1","Gash+1"],"picked":"SKIP","floor":46},{"not_picked":["Streamline+1","FTL","Leap+1"],"picked":"SKIP","floor":47},{"not_picked":["Double Energy+1","Steam+1"],"picked":"Darkness+1","floor":48},{"not_picked":["Sweeping Beam+1","Stack+1"],"picked":"Barrage+1","floor":49}],"player_experience":473098,"relics_obtained":[{"floor":7,"key":"Happy Flower"},{"floor":9,"key":"Toxic Egg 2"},{"floor":10,"key":"Bottled Lightning"},{"floor":24,"key":"Sundial"},{"floor":26,"key":"Lantern"},{"floor":27,"key":"Ornamental Fan"},{"floor":42,"key":"Gremlin Horn"},{"floor":43,"key":"Dream Catcher"},{"floor":44,"key":"Tiny Chest"}],"event_choices":[{"event_name":"Shining Light","player_choice":"Entered Light","floor":2,"damage_taken":0},{"event_name":"Beggar","player_choice":"Gave Gold","floor":20,"damage_taken":0},{"event_name":"Drug Dealer","player_choice":"Ignored","floor":21,"damage_taken":0},{"event_name":"Vampires","player_choice":"Ignored","floor":30,"damage_taken":0},{"event_name":"Ghosts","player_choice":"Ignored","floor":31,"damage_taken":0},{"event_name":"Tomb of Lord Red Mask","player_choice":"Paid","floor":41,"damage_taken":0},{"event_name":"Bonfire Elementals","player_choice":"BASIC","floor":45,"damage_taken":0}],"boss_relics":[{"not_picked":["Snecko Eye","Calling Bell"],"picked":"Inserter"},{"not_picked":["Runic Pyramid","Tiny House"],"picked":"Nuclear Battery"}],"items_purged_floors":[14,22],"is_endless":false,"potions_floor_spawned":[1,4,5,13,18,33,35,37,42],"killed_by":"Donu and Deca","ascension_level":1}