{"gold_per_floor":[110,20,20,20,35,35,67,80,80,80,107,123,152,152,152,152],"floor_reached":16,"playtime":639,"items_purged":[],"score":328,"play_id":"2d409700-def6-425d-904d-8585d6d9d882","local_time":"20190121103458","is_ascension_mode":true,"campfire_choices":[{"data":"A Thousand Cuts","floor":6,"key":"SMITH"},{"data":"Leg Sweep","floor":10,"key":"SMITH"},{"data":"Strike_G","floor":15,"key":"PURGE"}],"neow_cost":"NONE","seed_source_timestamp":46180329032094,"circlet_count":0,"master_deck":["AscendersBane","Defend_G","Defend_G","Defend_G","Defend_G","Defend_G","Strike_G","Strike_G","Strike_G","Survivor","Neutralize","Leg Sweep+1","Die Die Die+1","A Thousand Cuts+1","Backstab","Backflip","Backflip","Dodge and Roll"],"relics":["Ring of the Snake","NeowsBlessing","Mummified Hand","Bag of Preparation","Peace Pipe","Art of War","Ninja Scroll"],"potions_floor_usage":[11,16],"damage_taken":[{"damage":0,"enemies":"Cultist","floor":1,"turns":1},{"damage":0,"enemies":"Small Slimes","floor":5,"turns":2},{"damage":0,"enemies":"Gremlin Nob","floor":7,"turns":1},{"damage":0,"enemies":"2 Louse","floor":8,"turns":3},{"damage":4,"enemies":"Lagavulin","floor":11,"turns":11},{"damage":1,"enemies":"Exordium Wildlife","floor":12,"turns":7},{"damage":0,"enemies":"3 Sentries","floor":13,"turns":4},{"damage":59,"enemies":"Slime Boss","floor":16,"turns":11}],"seed_played":"-3277009361944209469","potions_obtained":[{"floor":5,"key":"EssenceOfSteel"},{"floor":7,"key":"Energy Potion"}],"is_trial":false,"path_per_floor":["?","?","M","?"],"character_chosen":"THE_SILENT","items_purchased":["Die Die Die"],"campfire_rested":0,"item_purchase_floors":[2],"current_hp_per_floor":[59,59,59,59,59,59,59,59,59,59,55,54,54,54,54,0],"gold":152,"neow_bonus":"THREE_ENEMY_KILL","is_prod":false,"is_daily":false,"chose_seed":false,"campfire_upgraded":2,"win_rate":0,"timestamp":1548095698,"path_taken":["M","$","?","?","?","R","E","M","T","R","E","M","E","?","R","BOSS"],"build_version":"2019-01-20","purchased_purges":0,"victory":false,"max_hp_per_floor":[66,66,66,66,66,66,66,66,66,66,66,66,66,66,66,66],"card_choices":[{"not_picked":["Slice","Prepared"],"picked":"Leg Sweep","floor":1},{"not_picked":["Backflip","Slice"],"picked":"A Thousand Cuts","floor":5},{"not_picked":["Flying Knee","Blur"],"picked":"Backstab","floor":7},{"not_picked":["Dodge and Roll","Flying Knee"],"picked":"Backflip","floor":8},{"not_picked":["Unload","Outmaneuver","Concentrate"],"picked":"SKIP","floor":11},{"not_picked":["Bane","Dagger Throw"],"picked":"Backflip","floor":12},{"not_picked":["Backflip","Outmaneuver"],"picked":"Dodge and Roll","floor":13}],"player_experience":984491,"relics_obtained":[{"floor":7,"key":"Mummified Hand"},{"floor":9,"key":"Bag of Preparation"},{"floor":11,"key":"Peace Pipe"},{"floor":13,"key":"Art of War"}],"event_choices":[{"damage_healed":0,"gold_gain":0,"player_choice":"Grow","damage_taken":0,"max_hp_gain":0,"max_hp_loss":0,"event_name":"Living Wall","floor":3,"gold_loss":0,"cards_upgraded":["Die Die Die"]},{"cards_removed":["Strike_G"],"damage_healed":0,"gold_gain":0,"player_choice":"Purged","damage_taken":0,"max_hp_gain":0,"max_hp_loss":0,"event_name":"Purifier","floor":4,"gold_loss":0},{"damage_healed":0,"gold_gain":0,"player_choice":"Searched \u00271\u0027 times","damage_taken":0,"relics_obtained":["Ninja Scroll"],"max_hp_gain":0,"max_hp_loss":0,"event_name":"Dead Adventurer","floor":14,"gold_loss":0}],"is_beta":true,"boss_relics":[],"items_purged_floors":[],"is_endless":false,"potions_floor_spawned":[5,7,8],"killed_by":"Slime Boss","ascension_level":19}