{"gold_per_floor":[113,113,31,106,123,148,148,158,158,169,169,204,204,21,21,93,93,105,140,140,156,1,1,34,54,79,79,79,79,95,106,106,184,184,203,213,213],"floor_reached":37,"playtime":140631,"items_purged":["Strike_B","Writhe"],"score":734,"play_id":"d633a647-2928-4f4d-ad04-08407076d40b","local_time":"20181128085006","is_ascension_mode":true,"campfire_choices":[{"floor":7.0,"key":"REST"},{"data":"Sunder","floor":11.0,"key":"SMITH"},{"data":"Zap","floor":13.0,"key":"SMITH"},{"data":"Hologram","floor":15.0,"key":"SMITH"},{"floor":23.0,"key":"DIG"},{"floor":27.0,"key":"DIG"},{"floor":32.0,"key":"REST"}],"neow_cost":"TEN_PERCENT_HP_LOSS","seed_source_timestamp":0,"circlet_count":0,"master_deck":["AscendersBane","Strike_B","Strike_B","Strike_B","Defend_B","Defend_B","Defend_B","Defend_B","Zap+1","Dualcast","Compile Driver","Sweeping Beam","Gash","Coolheaded","Hologram+1","Sunder+1","Go for the Eyes","Self Repair","Cold Snap","Creative AI","Compile Driver+1","Ball Lightning","Buffer"],"special_seed":0,"relics":["Cracked Core","Girya","FaceOfCleric","Dodecahedron","Mercury Hourglass","Pantograph","Busted Crown","Red Mask","Shovel","Incense Burner","Bottled Tornado","Happy Flower","Omamori","Cursed Key"],"potions_floor_usage":[],"damage_taken":[{"damage":10.0,"enemies":"Small Slimes","floor":1.0,"turns":3.0},{"damage":0.0,"enemies":"Cultist","floor":5.0,"turns":3.0},{"damage":31.0,"enemies":"Lagavulin","floor":6.0,"turns":7.0},{"damage":4.0,"enemies":"Jaw Worm","floor":8.0,"turns":3.0},{"damage":0.0,"enemies":"2 Fungi Beasts","floor":10.0,"turns":2.0},{"damage":24.0,"enemies":"3 Sentries","floor":12.0,"turns":6.0},{"damage":32.0,"enemies":"The Guardian","floor":16.0,"turns":10.0},{"damage":14.0,"enemies":"2 Thieves","floor":18.0,"turns":4.0},{"damage":14.0,"enemies":"Masked Bandits","floor":19.0,"turns":3.0},{"damage":2.0,"enemies":"Spheric Guardian","floor":21.0,"turns":4.0},{"damage":29.0,"enemies":"Slavers","floor":24.0,"turns":5.0},{"damage":16.0,"enemies":"Snake Plant","floor":25.0,"turns":4.0},{"damage":0.0,"enemies":"Snecko","floor":30.0,"turns":5.0},{"damage":23.0,"enemies":"Centurion and Healer","floor":31.0,"turns":5.0},{"damage":11.0,"enemies":"Champ","floor":33.0,"turns":15.0},{"damage":23.0,"enemies":"3 Shapes","floor":35.0,"turns":4.0},{"damage":24,"enemies":"Orb Walker","floor":36,"turns":4},{"damage":29,"enemies":"Writhing Mass","floor":37,"turns":5}],"seed_played":"9205356726634322558","potions_obtained":[{"floor":1.0,"key":"Ancient Potion"},{"floor":8.0,"key":"Poison Potion"},{"floor":16.0,"key":"AttackPotion"},{"floor":19.0,"key":"AttackPotion"},{"floor":25.0,"key":"Energy Potion"},{"floor":30.0,"key":"Strength Potion"}],"is_trial":false,"path_per_floor":["M","?","$","?","M","E","R","M","T","M","R","E","R","$","R","B",null,"M","?","?","M","$","R","E","M","T","R","?","?","M","M","R","B",null,"M","M","M"],"character_chosen":"DEFECT","items_purchased":["Sweeping Beam","Gash","Poison Potion","Cold Snap","Block Potion"],"campfire_rested":2,"item_purchase_floors":[3,3,14,14,22],"current_hp_per_floor":[54,54,54,43,44,14,33,30,30,31,31,8,8,8,8,9,55,49,43,43,49,49,49,28,20,20,20,20,20,28,13,36,58,73,58,42,13],"gold":213,"neow_bonus":"ONE_RARE_RELIC","is_prod":false,"is_daily":false,"chose_seed":false,"campfire_upgraded":3,"win_rate":0,"timestamp":1543423806,"path_taken":["M","?","?","?","M","E","R","?","T","M","R","E","R","$","R","BOSS","M","?","?","?","$","R","E","M","T","R","?","?","M","M","R","BOSS","M","M","M"],"build_version":"2018-11-15","purchased_purges":2,"victory":false,"max_hp_per_floor":[64,64,64,64,65,66,66,67,67,68,68,69,69,69,69,70,70,71,72,72,73,73,73,74,75,75,75,75,75,76,77,77,78,78,79,80,80],"card_choices":[{"not_picked":["Lockon","Rebound"],"picked":"Compile Driver","floor":1.0},{"not_picked":["Sweeping Beam","Stack"],"picked":"Coolheaded","floor":5.0},{"not_picked":["Gash","Coolheaded"],"picked":"Hologram","floor":6.0},{"not_picked":["Rebound","Storm"],"picked":"Sunder","floor":8.0},{"not_picked":["Redo","Machine Learning"],"picked":"Go for the Eyes","floor":10.0},{"not_picked":["Chaos","Force Field"],"picked":"Self Repair","floor":12.0},{"not_picked":["Reboot","Hyperbeam"],"picked":"Creative AI","floor":16.0},{"not_picked":[],"picked":"Compile Driver+1","floor":18.0},{"not_picked":[],"picked":"Ball Lightning","floor":21.0},{"not_picked":["Static Discharge"],"picked":"SKIP","floor":24.0},{"not_picked":["Doom and Gloom"],"picked":"SKIP","floor":25.0},{"not_picked":["Chaos"],"picked":"SKIP","floor":30.0},{"not_picked":["Tempest"],"picked":"SKIP","floor":31.0},{"not_picked":[],"picked":"Buffer","floor":33.0},{"not_picked":["Compile Driver"],"picked":"SKIP","floor":35.0},{"not_picked":["Barrage"],"picked":"SKIP","floor":36}],"player_experience":1374815,"relics_obtained":[{"floor":6.0,"key":"Dodecahedron"},{"floor":9.0,"key":"Mercury Hourglass"},{"floor":12.0,"key":"Pantograph"},{"floor":19.0,"key":"Red Mask"},{"floor":23.0,"key":"Incense Burner"},{"floor":24.0,"key":"Bottled Tornado"},{"floor":26.0,"key":"Happy Flower"},{"floor":27.0,"key":"Omamori"}],"event_choices":[{"damage_healed":0.0,"max_hp_gain":0.0,"max_hp_loss":0.0,"gold_gain":0.0,"event_name":"FaceTrader","player_choice":"Trade","floor":2.0,"gold_loss":0.0,"damage_taken":0.0,"relics_obtained":["FaceOfCleric"]},{"damage_healed":0.0,"max_hp_gain":0.0,"max_hp_loss":0.0,"gold_gain":75.0,"event_name":"World of Goop","player_choice":"Gather Gold","floor":4.0,"gold_loss":0.0,"damage_taken":11.0},{"damage_healed":0.0,"max_hp_gain":0.0,"max_hp_loss":0.0,"gold_gain":0.0,"event_name":"Masked Bandits","player_choice":"Fought Bandits","floor":19.0,"gold_loss":0.0,"damage_taken":0.0},{"damage_healed":0.0,"max_hp_gain":0.0,"max_hp_loss":0.0,"gold_gain":0.0,"event_name":"The Mausoleum","player_choice":"Opened","floor":20.0,"gold_loss":0.0,"damage_taken":0.0,"relics_obtained":["Shovel"],"cards_obtained":["Writhe"]},{"damage_healed":0.0,"max_hp_gain":0.0,"max_hp_loss":0.0,"gold_gain":0.0,"event_name":"Forgotten Altar","player_choice":"Smashed Altar","floor":28.0,"gold_loss":0.0,"damage_taken":0.0,"cards_obtained":["Decay"]},{"damage_healed":0.0,"max_hp_gain":0.0,"max_hp_loss":0.0,"gold_gain":0.0,"event_name":"Vampires","player_choice":"Ignored","floor":29.0,"gold_loss":0.0,"damage_taken":0.0}],"is_beta":false,"boss_relics":[{"not_picked":["Tiny House","Velvet Choker"],"picked":"Busted Crown"},{"not_picked":["Philosopher\u0027s Stone","Inserter"],"picked":"Cursed Key"}],"items_purged_floors":[14,22],"is_endless":false,"potions_floor_spawned":[1,8,16,19,25,30,33],"killed_by":"Writhing Mass","ascension_level":17}