{"gold_per_floor":[118,131,144,68,98,123,123,155,155,169,169,180,180,215,215,314,314,328,427,77,90,105,105,121,154,227,242,242,273,273,273,273,371,371,385,349,449,449,54,85,85,99,150,150,184,184,184,219,219,219],"floor_reached":51,"playtime":2362,"items_purged":["Strike_B","Strike_B"],"score":930,"play_id":"98ef3ee6-d4e7-41aa-a0c6-8b57eaa8d527","local_time":"20190202072939","is_ascension_mode":true,"campfire_choices":[{"data":"Defragment","floor":7,"key":"SMITH"},{"data":"Storm","floor":11,"key":"SMITH"},{"data":"Buffer","floor":13,"key":"SMITH"},{"data":"Chill","floor":15,"key":"SMITH"},{"data":"Tempest","floor":23,"key":"SMITH"},{"data":"Echo Form","floor":28,"key":"SMITH"},{"floor":30,"key":"REST"},{"data":"Consume","floor":32,"key":"SMITH"},{"data":"Storm","floor":41,"key":"SMITH"},{"data":"Gash","floor":44,"key":"SMITH"},{"data":"Capacitor","floor":46,"key":"SMITH"},{"floor":49,"key":"REST"}],"neow_cost":"NONE","seed_source_timestamp":361739811654538,"circlet_count":0,"master_deck":["Defend_B+1","Defend_B","Defend_B","Defend_B","Zap+1","Dualcast+1","Gash","Cold Snap","Defragment+1","Tempest+1","Storm+1","Buffer+1","Chill+1","Echo Form+1","Consume+1","Seek","Hologram+1","Echo Form","Storm+1","Gash+1","Gash+1","Capacitor+1","Gash"],"relics":["Cracked Core","Tiny Chest","Gambling Chip","Darkstone Periapt","Cables","War Paint","Empty Cage","Runic Capacitor","Pen Nib","Symbiotic Virus","Bag of Preparation","Nuclear Battery","Unceasing Top","Bottled Tornado","Turnip","Bag of Marbles","The Courier","Singing Bowl","Frozen Egg 2"],"potions_floor_usage":[22,29,29,50,50],"damage_taken":[{"damage":1,"enemies":"2 Louse","floor":1,"turns":2},{"damage":0,"enemies":"Small Slimes","floor":2,"turns":3},{"damage":0,"enemies":"Cultist","floor":3,"turns":3},{"damage":14,"enemies":"Lagavulin","floor":6,"turns":6},{"damage":10,"enemies":"3 Sentries","floor":8,"turns":6},{"damage":0,"enemies":"Looter","floor":10,"turns":2},{"damage":2,"enemies":"Blue Slaver","floor":12,"turns":3},{"damage":0,"enemies":"Lagavulin","floor":14,"turns":5},{"damage":0,"enemies":"The Guardian","floor":16,"turns":9},{"damage":2,"enemies":"Chosen","floor":18,"turns":5},{"damage":0,"enemies":"Spheric Guardian","floor":21,"turns":3},{"damage":19,"enemies":"Snake Plant","floor":22,"turns":5},{"damage":11,"enemies":"Shelled Parasite and Fungi","floor":24,"turns":5},{"damage":6,"enemies":"Gremlin Leader","floor":25,"turns":5},{"damage":3,"enemies":"Centurion and Healer","floor":27,"turns":4},{"damage":11,"enemies":"Slavers","floor":29,"turns":4},{"damage":12,"enemies":"Champ","floor":33,"turns":7},{"damage":8,"enemies":"Orb Walker","floor":35,"turns":3},{"damage":0,"enemies":"Mind Bloom Boss Battle","floor":37,"turns":4},{"damage":13,"enemies":"Giant Head","floor":40,"turns":5},{"damage":0,"enemies":"3 Shapes","floor":42,"turns":3},{"damage":12,"enemies":"Reptomancer","floor":45,"turns":5},{"damage":3,"enemies":"Nemesis","floor":48,"turns":5},{"damage":46,"enemies":"Time Eater","floor":50,"turns":8}],"seed_played":"8219943335352308372","potions_obtained":[{"floor":2,"key":"LiquidBronze"},{"floor":6,"key":"Swift Potion"},{"floor":10,"key":"SteroidPotion"},{"floor":12,"key":"Swift Potion"},{"floor":14,"key":"Fire Potion"},{"floor":21,"key":"Fruit Juice"},{"floor":22,"key":"Dexterity Potion"},{"floor":29,"key":"Ancient Potion"},{"floor":35,"key":"SpeedPotion"}],"is_trial":false,"path_per_floor":["M","M","M","$","?","E","R","E","T","M","R","M","R","E","R","B",null,"M","?","$","M","M","R","M","E","T","M","R","E","R","?","R","B",null,"M","$","?","?","$","E","R","M","T","R","E","R","T","E","R","B",null],"character_chosen":"DEFECT","items_purchased":["Defragment","Runic Capacitor","Consume","Storm","Bottled Tornado","Gash"],"campfire_rested":2,"item_purchase_floors":[4,20,20,36,39,39],"current_hp_per_floor":[74,74,74,74,71,57,57,47,47,47,47,45,45,45,45,45,75,73,73,73,73,59,59,48,42,42,39,39,28,52,52,52,40,80,72,72,72,72,72,59,59,59,59,59,47,47,47,44,68,22],"gold":219,"neow_bonus":"UPGRADE_CARD","is_prod":false,"is_daily":false,"chose_seed":false,"campfire_upgraded":10,"win_rate":0,"timestamp":1549052979,"path_taken":["M","M","M","$","?","E","R","E","T","M","R","M","R","E","R","BOSS","M","?","$","M","M","R","M","E","T","M","R","E","R","?","R","BOSS","M","$","?","?","$","E","R","M","T","R","E","R","?","E","R","BOSS"],"build_version":"2019-01-23","purchased_purges":2,"victory":true,"max_hp_per_floor":[75,75,75,75,75,75,75,75,75,75,75,75,75,75,75,75,75,75,75,75,75,80,80,80,80,80,80,80,80,80,80,80,80,80,80,80,80,80,80,80,80,80,80,80,80,80,80,80,80,80],"card_choices":[{"not_picked":["Beam Cell","Skim"],"picked":"Gash","floor":1},{"not_picked":["Steam Power","Coolheaded"],"picked":"Cold Snap","floor":2},{"not_picked":["Undo","Steam","Storm"],"picked":"SKIP","floor":3},{"not_picked":["Hello World","Reprogram"],"picked":"Tempest","floor":6},{"not_picked":["Rebound","Go for the Eyes","Barrage"],"picked":"SKIP","floor":8},{"not_picked":["Go for the Eyes","Steam"],"picked":"Storm","floor":10},{"not_picked":["Steam","Force Field"],"picked":"Buffer","floor":12},{"not_picked":["Sunder","Genetic Algorithm"],"picked":"Chill","floor":14},{"not_picked":["All For One","Core Surge"],"picked":"Echo Form","floor":16},{"not_picked":["Fusion","Steam","Barrage"],"picked":"SKIP","floor":18},{"not_picked":["Compile Driver","Barrage","Cold Snap+1"],"picked":"SKIP","floor":21},{"not_picked":["Chill","Darkness"],"picked":"Seek","floor":22},{"not_picked":["Stack","Turbo","Doom and Gloom"],"picked":"SKIP","floor":24},{"not_picked":["Conserve Battery","Coolheaded","Doom and Gloom+1"],"picked":"SKIP","floor":25},{"not_picked":["Coolheaded","Self Repair"],"picked":"Hologram+1","floor":27},{"not_picked":["Cold Snap","Chill","Recycle"],"picked":"SKIP","floor":29},{"not_picked":["Rainbow","All For One"],"picked":"Echo Form","floor":33},{"not_picked":["FTL+1","Recycle+1","Reprogram"],"picked":"SKIP","floor":35},{"not_picked":["Ball Lightning+1","Double Energy+1","Hyperbeam"],"picked":"SKIP","floor":40},{"not_picked":["Rebound+1","Tempest+1"],"picked":"Gash+1","floor":42},{"not_picked":["Go for the Eyes","Gash"],"picked":"Capacitor","floor":45},{"not_picked":["Ball Lightning+1","Cold Snap"],"picked":"Gash","floor":48}],"player_experience":1192793,"relics_obtained":[{"floor":6,"key":"Gambling Chip"},{"floor":8,"key":"Darkstone Periapt"},{"floor":9,"key":"Cables"},{"floor":14,"key":"War Paint"},{"floor":25,"key":"Pen Nib"},{"floor":26,"key":"Symbiotic Virus"},{"floor":29,"key":"Bag of Preparation"},{"floor":37,"key":"Unceasing Top"},{"floor":40,"key":"Turnip"},{"floor":43,"key":"Bag of Marbles"},{"floor":45,"key":"The Courier"},{"floor":47,"key":"Singing Bowl"},{"floor":48,"key":"Frozen Egg 2"}],"event_choices":[{"damage_healed":0,"gold_gain":0,"player_choice":"Success","damage_taken":3,"relics_obtained":["Tiny Chest"],"max_hp_gain":0,"max_hp_loss":0,"event_name":"Scrap Ooze","floor":5,"gold_loss":0},{"damage_healed":0,"gold_gain":99,"player_choice":"Stole From Cult","damage_taken":0,"max_hp_gain":0,"max_hp_loss":0,"event_name":"Nest","floor":19,"gold_loss":0},{"damage_healed":0,"gold_gain":0,"player_choice":"Ignored","damage_taken":0,"max_hp_gain":0,"max_hp_loss":0,"event_name":"NoteForYourself","floor":31,"gold_loss":0},{"damage_healed":0,"gold_gain":0,"player_choice":"Fight","damage_taken":0,"max_hp_gain":0,"max_hp_loss":0,"event_name":"MindBloom","floor":37,"gold_loss":0},{"damage_healed":0,"gold_gain":0,"player_choice":"Ignored","damage_taken":0,"max_hp_gain":0,"max_hp_loss":0,"event_name":"Tomb of Lord Red Mask","floor":38,"gold_loss":0}],"is_beta":true,"boss_relics":[{"not_picked":["Fusion Hammer","Orrery"],"picked":"Empty Cage"},{"not_picked":["Calling Bell","Runic Dome"],"picked":"Nuclear Battery"}],"items_purged_floors":[20,39],"is_endless":false,"potions_floor_spawned":[2,6,10,12,14,16,21,22,25,29,35,42,45],"ascension_level":1}