{"gold_per_floor":[110,130,160,160,178,178,212,212,291,291,304,327,343,266,266,368,368,379,390,390,407,432,432],"floor_reached":23,"playtime":2606,"items_purged":[],"score":248,"play_id":"1567b775-bcd4-46be-99c1-cd67b19e0783","local_time":"20180910104428","is_ascension_mode":true,"campfire_choices":[{"data":"Go for the Eyes","floor":6.0,"key":"SMITH"},{"data":"Dualcast","floor":8.0,"key":"SMITH"},{"floor":15.0,"key":"REST"}],"neow_cost":"NONE","seed_source_timestamp":0,"circlet_count":0,"master_deck":["Strike_B","Strike_B","Strike_B","Defend_B","Defend_B","Defend_B","Defend_B","Zap+1","Dualcast+1","Compile Driver","Go for the Eyes+1","BootSequence","Coolheaded","Barrage","Hologram","Core Surge","Conserve Battery+1","Compile Driver+1","Hologram+1"],"special_seed":0,"relics":["Cracked Core","Tiny Chest","Smiling Mask","Bottled Lightning","Odd Mushroom","Runic Pyramid","Oddly Smooth Stone"],"potions_floor_usage":[23],"damage_taken":[{"damage":1.0,"enemies":"Cultist","floor":1.0,"turns":3.0},{"damage":2.0,"enemies":"Jaw Worm","floor":2.0,"turns":2.0},{"damage":2.0,"enemies":"2 Louse","floor":5.0,"turns":2.0},{"damage":15.0,"enemies":"Gremlin Nob","floor":7.0,"turns":4.0},{"damage":3.0,"enemies":"Exordium Wildlife","floor":11.0,"turns":4.0},{"damage":23.0,"enemies":"The Mushroom Lair","floor":12.0,"turns":4.0},{"damage":5.0,"enemies":"3 Louse","floor":13.0,"turns":2.0},{"damage":24.0,"enemies":"Hexaghost","floor":16.0,"turns":12.0},{"damage":5.0,"enemies":"Chosen","floor":18.0,"turns":4.0},{"damage":0.0,"enemies":"Spheric Guardian","floor":19.0,"turns":3.0},{"damage":3.0,"enemies":"Centurion and Healer","floor":21.0,"turns":5.0},{"damage":4,"enemies":"Gremlin Leader","floor":23,"turns":2}],"seed_played":"7095455623755445067","potions_obtained":[{"floor":1.0,"key":"Energy Potion"},{"floor":7.0,"key":"PowerPotion"},{"floor":16.0,"key":"Energy Potion"},{"floor":18.0,"key":"GamblersBrew"},{"floor":21.0,"key":"Strength Potion"}],"is_trial":false,"path_per_floor":["M","M","?","?","M","R","E","R","T","?","M","?","M","$","R","B",null,"M","M","?","M","T"],"character_chosen":"DEFECT","items_purchased":["Hologram","Dexterity Potion"],"campfire_rested":1,"item_purchase_floors":[14,14],"current_hp_per_floor":[67,65,62,67,65,65,50,50,50,50,47,24,19,19,43,19,65,60,60,52,49,49,45],"gold":432,"neow_bonus":"UPGRADE_CARD","is_prod":false,"is_daily":false,"chose_seed":false,"campfire_upgraded":2,"win_rate":0,"timestamp":1536601468,"path_taken":["M","M","?","?","M","R","E","R","T","?","?","?","M","$","R","BOSS","M","M","?","?","?","E"],"build_version":"2018-09-06","purchased_purges":0,"victory":false,"max_hp_per_floor":[75,75,75,80,80,80,80,80,80,80,80,80,80,80,80,80,80,80,80,80,80,80,80],"card_choices":[{"not_picked":["Tempest","Beam Cell"],"picked":"Compile Driver","floor":1.0},{"not_picked":["Turbo","Chaos"],"picked":"Go for the Eyes","floor":2.0},{"not_picked":["Turbo","Scrape","Redo"],"picked":"SKIP","floor":5.0},{"not_picked":["All For One","Double Energy"],"picked":"BootSequence","floor":7.0},{"not_picked":["Storm","Sweeping Beam","Fusion"],"picked":"SKIP","floor":11.0},{"not_picked":["Leap","Turbo"],"picked":"Coolheaded","floor":12.0},{"not_picked":["Compile Driver","Aggregate"],"picked":"Barrage","floor":13.0},{"not_picked":["Buffer","Seek"],"picked":"Core Surge","floor":16.0},{"not_picked":["Beam Cell","Steam"],"picked":"Conserve Battery+1","floor":18.0},{"not_picked":["Reprogram+1","Redo"],"picked":"Compile Driver+1","floor":19.0},{"not_picked":["Double Energy","Consume+1"],"picked":"Hologram+1","floor":21.0}],"player_experience":1019042,"relics_obtained":[{"floor":7.0,"key":"Smiling Mask"},{"floor":9.0,"key":"Bottled Lightning"},{"floor":12.0,"key":"Odd Mushroom"},{"floor":22.0,"key":"Oddly Smooth Stone"}],"event_choices":[{"event_name":"Scrap Ooze","player_choice":"success","floor":3.0,"damage_taken":3.0},{"event_name":"Big Fish","player_choice":"Donut","floor":4.0,"damage_taken":0.0},{"event_name":"Living Wall","player_choice":"Forget","floor":10.0,"damage_taken":0.0},{"event_name":"Mushrooms","player_choice":"Fought Mushrooms","floor":12.0,"damage_taken":0.0},{"event_name":"Knowing Skull","player_choice":"","floor":20.0,"damage_taken":0.0}],"is_beta":false,"boss_relics":[{"not_picked":["Tiny House","Black Star"],"picked":"Runic Pyramid"}],"items_purged_floors":[],"is_endless":false,"potions_floor_spawned":[1,7,16,18,21],"killed_by":"Gremlin Leader","ascension_level":6}