{"path_per_floor":["M","M","M","M","$","R","M","?","T","R","E","R","E","M","R","B",null,"M","M","M","M","M","R","?","R","T","$","?","$","M","M","R","B",null,"M","$","M","M","M","R","M","?","T","M","E","R","M","E","R"],"character_chosen":"DEFECT","items_purchased":["Leap","Bandage Up","Darkness","Auto Shields","Go for the Eyes","Hologram","Self Repair","Conserve Battery"],"gold_per_floor":[215,235,245,261,103,103,117,117,143,143,169,169,201,215,215,310,310,324,291,304,322,335,335,335,335,413,332,247,75,95,111,111,211,211,221,20,38,56,66,66,83,136,183,202,236,236,256,284,284,284],"floor_reached":50,"campfire_rested":3,"playtime":3892,"item_purchase_floors":[],"current_hp_per_floor":[65,47,46,46,46,46,41,66,66,66,65,65,78,79,79,33,82,82,80,57,46,41,41,41,41,41,41,41,41,25,24,48,39,82,64,64,65,42,32,56,62,72,72,72,42,42,61,48,76,0],"items_purged":["Strike_B"],"gold":284,"score":650,"play_id":"04f460cb-3e18-4104-a82d-62e255f1c26d","local_time":"20180614150926","is_prod":false,"is_daily":false,"chose_seed":false,"is_ascension_mode":true,"campfire_upgraded":7,"win_rate":0,"timestamp":1529014166,"campfire_choices":[{"data":"Defragment","floor":6.0,"key":"SMITH"},{"data":"Zap","floor":10.0,"key":"SMITH"},{"data":"Chill","floor":12.0,"key":"SMITH"},{"data":"Leap","floor":15.0,"key":"SMITH"},{"data":"Streamline","floor":23.0,"key":"SMITH"},{"data":"Buffer","floor":25.0,"key":"SMITH"},{"floor":32.0,"key":"REST"},{"floor":40.0,"key":"REST"},{"data":"Beam Cell","floor":46,"key":"SMITH"},{"floor":49,"key":"REST"}],"path_taken":["M","M","M","M","$","R","M","?","T","R","E","R","E","M","R","BOSS","M","M","M","M","M","R","?","R","T","$","?","?","M","?","R","BOSS","M","$","M","M","M","R","M","?","T","M","E","R","M","E","R","BOSS"],"build_version":"2018-06-07v3","seed_source_timestamp":0,"purchased_purges":1,"victory":false,"master_deck":["Strike_B","Strike_B","Defend_B","Defend_B","Defend_B","Defend_B","Zap+1","Dualcast","Defragment+1","Sweeping Beam","Chill+1","FTL","Leap+1","Bandage Up","Buffer+1","Steam","Core Surge","Streamline+1","Ball Lightning+1","Steam","Biased Cognition","BootSequence","Darkness","Auto Shields","Go for the Eyes","Hologram","Redo","Beam Cell+1","Core Surge","Steam Power+1","Self Repair","Conserve Battery","Redo+1","Leap","Fusion+1","Go for the Eyes+1"],"max_hp_per_floor":[75,75,75,75,75,75,75,75,75,75,75,75,82,82,82,82,82,82,82,82,82,82,82,82,82,82,82,82,82,82,82,82,82,82,82,82,82,82,82,82,82,96,96,96,96,96,96,96,96,96],"relics":["Cracked Core","Lantern","Blood Vial","Strawberry","Sozu","Shuriken","Dodecahedron","Lizard Tail","Mango","Bronze Scales","Bird Faced Urn","Happy Flower"],"card_choices":[{"not_picked":["Auto Shields","Leap"],"picked":"Defragment","floor":1.0},{"not_picked":["Fusion","BootSequence"],"picked":"Sweeping Beam","floor":2.0},{"not_picked":["Hologram","Doom and Gloom"],"picked":"Chill","floor":3.0},{"not_picked":["Ball Lightning","Sunder"],"picked":"FTL","floor":4.0},{"not_picked":["Force Field","Turbo","Gash"],"picked":"SKIP","floor":7.0},{"not_picked":["Reprogram","Reinforced Body"],"picked":"Buffer","floor":11.0},{"not_picked":["Sweeping Beam","Biased Cognition","Recycle"],"picked":"SKIP","floor":13.0},{"not_picked":["Storm","Sweeping Beam"],"picked":"Steam","floor":14.0},{"not_picked":["Amplify","Creative AI"],"picked":"Core Surge","floor":16.0},{"not_picked":["Heatsinks","Barrage"],"picked":"Streamline","floor":18.0},{"not_picked":["Melter+1","Coolheaded"],"picked":"Ball Lightning+1","floor":19.0},{"not_picked":["Leap","Static Discharge"],"picked":"Steam","floor":20.0},{"not_picked":["Storm+1","Genetic Algorithm"],"picked":"Biased Cognition","floor":21.0},{"not_picked":["Rebound","Turbo"],"picked":"BootSequence","floor":22.0},{"not_picked":["Rebound","Double Energy+1"],"picked":"Redo","floor":30.0},{"not_picked":["Steam","Streamline+1"],"picked":"Beam Cell","floor":31.0},{"not_picked":["Creative AI","Echo Form"],"picked":"Core Surge","floor":33.0},{"not_picked":["Darkness","Streamline"],"picked":"Steam Power+1","floor":35.0},{"not_picked":["Gash+1","Darkness+1"],"picked":"Redo+1","floor":37.0},{"not_picked":["Cold Snap+1","Reboot","Steam"],"picked":"SKIP","floor":38.0},{"not_picked":["Go for the Eyes","Sweeping Beam+1","Blizzard+1"],"picked":"SKIP","floor":39.0},{"not_picked":["Turbo+1","Gash"],"picked":"Leap","floor":41.0},{"not_picked":["Leap+1","Gash+1"],"picked":"Fusion+1","floor":42},{"not_picked":["Barrage","Go for the Eyes","Fission"],"picked":"SKIP","floor":44},{"not_picked":["Sunder+1","Go for the Eyes+1","Double Energy+1"],"picked":"SKIP","floor":45},{"not_picked":["Ball Lightning+1","Compile Driver","Reinforced Body+1"],"picked":"SKIP","floor":47},{"not_picked":["Reboot","Streamline+1"],"picked":"Go for the Eyes+1","floor":48}],"player_experience":862111,"potions_floor_usage":[],"damage_taken":[{"damage":10.0,"enemies":"Small Slimes","floor":1.0,"turns":2.0},{"damage":18.0,"enemies":"2 Louse","floor":2.0,"turns":3.0},{"damage":1.0,"enemies":"Cultist","floor":3.0,"turns":3.0},{"damage":0.0,"enemies":"Large Slime","floor":4.0,"turns":4.0},{"damage":9.0,"enemies":"Red Slaver","floor":7.0,"turns":4.0},{"damage":5.0,"enemies":"3 Sentries","floor":11.0,"turns":8.0},{"damage":0.0,"enemies":"Lagavulin","floor":13.0,"turns":6.0},{"damage":3.0,"enemies":"2 Fungi Beasts","floor":14.0,"turns":3.0},{"damage":52.0,"enemies":"Hexaghost","floor":16.0,"turns":13.0},{"damage":0.0,"enemies":"Chosen","floor":18.0,"turns":6.0},{"damage":2.0,"enemies":"2 Thieves","floor":19.0,"turns":5.0},{"damage":29.0,"enemies":"Snake Plant","floor":20.0,"turns":5.0},{"damage":17.0,"enemies":"Chosen and Byrds","floor":21.0,"turns":7.0},{"damage":11.0,"enemies":"Snecko","floor":22.0,"turns":5.0},{"damage":18.0,"enemies":"Snake Plant","floor":30.0,"turns":5.0},{"damage":7.0,"enemies":"Centurion and Healer","floor":31.0,"turns":8.0},{"damage":30.0,"enemies":"Champ","floor":33.0,"turns":12.0},{"damage":22.0,"enemies":"3 Darklings","floor":35.0,"turns":9.0},{"damage":12.0,"enemies":"3 Shapes","floor":37.0,"turns":8.0},{"damage":36.0,"enemies":"Maw","floor":38.0,"turns":9.0},{"damage":23.0,"enemies":"Sphere and 2 Shapes","floor":39.0,"turns":8.0},{"damage":7.0,"enemies":"3 Darklings","floor":41.0,"turns":7.0},{"damage":17,"floor":42,"turns":8},{"damage":13,"enemies":"Maw","floor":44,"turns":9},{"damage":93,"enemies":"2 Orb Walkers","floor":45,"turns":7},{"damage":0,"enemies":"4 Shapes","floor":47,"turns":8},{"damage":34,"enemies":"Nemesis","floor":48,"turns":9},{"damage":107,"enemies":"Donu and Deca","floor":50,"turns":9}],"relics_obtained":[{"floor":9.0,"key":"Lantern"},{"floor":11.0,"key":"Blood Vial"},{"floor":13.0,"key":"Strawberry"},{"floor":26.0,"key":"Shuriken"},{"floor":42,"key":"Mango"},{"floor":43,"key":"Bronze Scales"},{"floor":45,"key":"Bird Faced Urn"},{"floor":48,"key":"Happy Flower"}],"event_choices":[{"event_name":"Big Fish","player_choice":"Banana","floor":8.0,"damage_taken":0.0},{"event_name":"Bonfire Elementals","player_choice":"BASIC","floor":24.0,"damage_taken":0.0},{"event_name":"Addict","player_choice":"Obtained Relic","floor":28.0,"damage_taken":0.0},{"event_name":"Mysterious Sphere","player_choice":"Fight","floor":42,"damage_taken":0}],"boss_relics":[{"not_picked":["Pandora\u0027s Box","Orrery"],"picked":"Sozu"},{"not_picked":["Runic Dome","White Beast Statue"],"picked":"Lizard Tail"}],"items_purged_floors":[],"potions_floor_spawned":[1,4,13,16,19,21,30,33,38,39,42,44,47],"seed_played":"3429403881849130760","killed_by":"Donu and Deca","ascension_level":2,"potions_obtained":[{"floor":1.0,"key":"Dexterity Potion"},{"floor":4.0,"key":"Ancient Potion"},{"floor":13.0,"key":"Regen Potion"},{"floor":16.0,"key":"SteroidPotion"}],"is_trial":false}