{"gold_per_floor":[114,137,212,212,227,240,240,274,274,307,321,321,293,324,324,397,397,410,424,273,273,273,273,273,273,343,362,362,25,51,71,71,71],"floor_reached":33,"playtime":1874,"items_purged":["Strike_B"],"score":506,"play_id":"dba8692c-976d-4dd8-8c36-d6f83a797086","local_time":"20181114095851","is_ascension_mode":true,"campfire_choices":[{"data":"Cold Snap","floor":7.0,"key":"SMITH"},{"floor":12.0,"key":"REST"},{"data":"Strike_B","floor":15.0,"key":"PURGE"},{"floor":23.0,"key":"REST"},{"data":"Defragment","floor":25.0,"key":"SMITH"},{"floor":28.0,"key":"REST"},{"floor":32.0,"key":"REST"}],"neow_cost":"NONE","seed_source_timestamp":0,"circlet_count":0,"master_deck":["AscendersBane","Strike_B","Strike_B","Defend_B","Defend_B","Defend_B","Defend_B","Zap+1","Dualcast","Compile Driver","Coolheaded","Cold Snap+1","Compile Driver","Sweeping Beam+1","Leap","Beam Cell+1","Coolheaded","Creative AI","Hologram","Defragment+1","Defragment","Gash+1","Beam Cell+1","Doom and Gloom+1"],"special_seed":0,"relics":["Cracked Core","PreservedInsect","Blue Candle","Pear","Molten Egg 2","Peace Pipe","Busted Crown","Symbiotic Virus","ClockworkSouvenir","Letter Opener"],"potions_floor_usage":[33],"damage_taken":[{"damage":1.0,"enemies":"Cultist","floor":1.0,"turns":4.0},{"damage":3.0,"enemies":"2 Louse","floor":5.0,"turns":2.0},{"damage":4.0,"enemies":"Jaw Worm","floor":6.0,"turns":4.0},{"damage":12.0,"enemies":"3 Sentries","floor":8.0,"turns":7.0},{"damage":17.0,"enemies":"Lagavulin","floor":10.0,"turns":5.0},{"damage":14.0,"enemies":"Gremlin Gang","floor":11.0,"turns":5.0},{"damage":3.0,"enemies":"Gremlin Nob","floor":14.0,"turns":3.0},{"damage":10.0,"enemies":"The Guardian","floor":16.0,"turns":15.0},{"damage":18.0,"enemies":"2 Thieves","floor":18.0,"turns":4.0},{"damage":6.0,"enemies":"Chosen","floor":19.0,"turns":6.0},{"damage":18.0,"enemies":"Sentry and Sphere","floor":27.0,"turns":6.0},{"damage":45.0,"enemies":"Slavers","floor":30.0,"turns":6.0},{"damage":4.0,"enemies":"Snake Plant","floor":31.0,"turns":4.0},{"damage":31,"enemies":"Collector","floor":33,"turns":7}],"seed_played":"5097266026392025789","potions_obtained":[{"floor":5.0,"key":"SpeedPotion"},{"floor":8.0,"key":"SpeedPotion"},{"floor":16.0,"key":"LiquidBronze"}],"is_trial":false,"path_per_floor":["M","T","?","?","M","M","R","E","T","E","M","R","$","E","R","B",null,"M","M","$","?","?","R","$","R","T","M","R","$","E","M","R","B"],"character_chosen":"DEFECT","items_purchased":["Beam Cell+1","Defragment","ClockworkSouvenir","Defragment","Gash+1"],"campfire_rested":4,"item_purchase_floors":[13,20,29,29,29],"current_hp_per_floor":[63,63,52,52,49,45,45,33,43,26,12,36,36,33,33,23,67,49,43,43,20,20,45,45,45,45,27,52,52,7,3,28,0],"gold":71,"neow_bonus":"UPGRADE_CARD","is_prod":false,"is_daily":false,"chose_seed":false,"campfire_upgraded":2,"win_rate":0,"timestamp":1542218331,"path_taken":["M","?","?","?","?","M","R","E","T","E","?","R","$","E","R","BOSS","M","M","$","?","?","R","?","R","T","M","R","$","E","M","R","BOSS"],"build_version":"2018-11-08","purchased_purges":1,"victory":false,"max_hp_per_floor":[71,71,71,71,71,71,71,71,81,81,81,81,81,81,81,81,81,81,81,81,86,86,86,86,86,86,86,86,86,86,86,86,86],"card_choices":[{"not_picked":["Gash","Static Discharge"],"picked":"Compile Driver","floor":1.0},{"not_picked":["Cold Snap","Barrage"],"picked":"Coolheaded","floor":5.0},{"not_picked":["Turbo","Redo"],"picked":"Cold Snap","floor":6.0},{"not_picked":["Skim","Double Energy"],"picked":"Compile Driver","floor":8.0},{"not_picked":["Turbo","Darkness"],"picked":"Sweeping Beam","floor":10.0},{"not_picked":["Darkness","Consume"],"picked":"Leap","floor":11.0},{"not_picked":["Recycle","Conserve Battery"],"picked":"Coolheaded","floor":14.0},{"not_picked":["Amplify","Buffer"],"picked":"Creative AI","floor":16.0},{"not_picked":["Aggregate"],"picked":"SKIP","floor":18.0},{"not_picked":[],"picked":"Hologram","floor":19.0},{"not_picked":["Barrage+1"],"picked":"SKIP","floor":27.0},{"not_picked":[],"picked":"Beam Cell+1","floor":30.0},{"not_picked":[],"picked":"Doom and Gloom+1","floor":31.0}],"player_experience":1278379,"relics_obtained":[{"floor":2.0,"key":"PreservedInsect"},{"floor":8.0,"key":"Blue Candle"},{"floor":9.0,"key":"Pear"},{"floor":10.0,"key":"Molten Egg 2"},{"floor":14.0,"key":"Peace Pipe"},{"floor":26.0,"key":"Symbiotic Virus"},{"floor":30.0,"key":"Letter Opener"}],"event_choices":[{"damage_healed":0.0,"max_hp_gain":0.0,"max_hp_loss":0.0,"gold_gain":75.0,"event_name":"World of Goop","player_choice":"Gather Gold","floor":3.0,"gold_loss":0.0,"damage_taken":11.0},{"damage_healed":0.0,"max_hp_gain":0.0,"max_hp_loss":0.0,"gold_gain":0.0,"event_name":"Match and Keep!","player_choice":"0 cards matched","floor":4.0,"gold_loss":0.0,"damage_taken":0.0,"cards_obtained":[]},{"damage_healed":0.0,"max_hp_gain":5.0,"max_hp_loss":0.0,"gold_gain":0.0,"event_name":"Forgotten Altar","player_choice":"Shed Blood","floor":21.0,"gold_loss":0.0,"damage_taken":28.0},{"damage_healed":0.0,"max_hp_gain":0.0,"max_hp_loss":0.0,"gold_gain":0.0,"event_name":"Vampires","player_choice":"Ignored","floor":22.0,"gold_loss":0.0,"damage_taken":0.0}],"is_beta":false,"boss_relics":[{"not_picked":["FrozenCore","Ectoplasm"],"picked":"Busted Crown"}],"items_purged_floors":[20],"is_endless":false,"potions_floor_spawned":[5,8,16,18,19,27],"killed_by":"Collector","ascension_level":16}