{"gold_per_floor":[114,41,59,74,74,74,106,106,106,106,126,126,150,171,171,265,265,280,280,297,317,257,257,269,269,295,313,323,103,103,129,141,153],"floor_reached":33,"playtime":1871,"items_purged":["Injury","Strike_G"],"score":471,"play_id":"e7b3cdd2-d328-48c5-8613-40e0e98da605","local_time":"20181006231610","is_ascension_mode":true,"campfire_choices":[{"data":"Neutralize","floor":6.0,"key":"SMITH"},{"data":"Cloak And Dagger","floor":8.0,"key":"SMITH"},{"data":"After Image","floor":15.0,"key":"SMITH"},{"data":"Malaise","floor":23.0,"key":"SMITH"},{"data":"Footwork","floor":25.0,"key":"SMITH"},{"floor":32.0,"key":"REST"}],"neow_cost":"PERCENT_DAMAGE","seed_source_timestamp":0,"circlet_count":0,"master_deck":["Defend_G+1","Defend_G+1","Defend_G+1","Defend_G+1","Defend_G+1","Strike_G+1","Strike_G+1","Strike_G+1","Survivor","Neutralize+1","AscendersBane","After Image+1","Dagger Spray","Backstab","Quick Slash","Tactician","Cloak And Dagger+1","Caltrops","Acrobatics","Malaise+1","Footwork+1","Tactician","Reflex+1","Secret Technique"],"special_seed":0,"relics":["Ring of the Snake","Centennial Puzzle","The Courier","Oddly Smooth Stone","Bloody Idol","Busted Crown","Smiling Mask","MawBank"],"potions_floor_usage":[],"damage_taken":[{"damage":1.0,"enemies":"Jaw Worm","floor":1.0,"turns":6.0},{"damage":0.0,"enemies":"2 Louse","floor":3.0,"turns":2.0},{"damage":0.0,"enemies":"Small Slimes","floor":4.0,"turns":2.0},{"damage":8.0,"enemies":"3 Sentries","floor":7.0,"turns":12.0},{"damage":0.0,"enemies":"Exordium Wildlife","floor":11.0,"turns":5.0},{"damage":0.0,"enemies":"Large Slime","floor":13.0,"turns":7.0},{"damage":0.0,"enemies":"Blue Slaver","floor":14.0,"turns":3.0},{"damage":12.0,"enemies":"Hexaghost","floor":16.0,"turns":12.0},{"damage":2.0,"enemies":"Shell Parasite","floor":18.0,"turns":6.0},{"damage":16.0,"enemies":"Chosen","floor":20.0,"turns":9.0},{"damage":17.0,"enemies":"Sentry and Sphere","floor":21.0,"turns":10.0},{"damage":2.0,"enemies":"Shelled Parasite and Fungi","floor":24.0,"turns":9.0},{"damage":4.0,"enemies":"Centurion and Healer","floor":27.0,"turns":9.0},{"damage":1.0,"enemies":"Snecko","floor":28.0,"turns":9.0},{"damage":36.0,"enemies":"Gremlin Leader","floor":31.0,"turns":11.0},{"damage":7,"enemies":"Champ","floor":33,"turns":19}],"seed_played":"-3798547250533304579","potions_obtained":[{"floor":1.0,"key":"Fire Potion"},{"floor":3.0,"key":"Weak Potion"},{"floor":7.0,"key":"Strength Potion"},{"floor":16.0,"key":"LiquidBronze"},{"floor":24.0,"key":"GhostInAJar"}],"is_trial":false,"path_per_floor":["M","$","M","M","?","R","E","R","T","T","M","?","M","M","R","B",null,"M","?","M","M","$","R","M","R","T","M","M","$","?","E","R"],"character_chosen":"THE_SILENT","items_purchased":["Backstab","Secret Technique"],"campfire_rested":1,"item_purchase_floors":[2,29],"current_hp_per_floor":[43,43,43,43,36,36,28,28,28,28,28,28,28,28,28,16,54,52,52,41,29,29,29,32,32,37,38,42,42,42,11,35,33],"gold":153,"neow_bonus":"THREE_RARE_CARDS","is_prod":false,"is_daily":false,"chose_seed":false,"campfire_upgraded":5,"win_rate":0,"timestamp":1538892970,"path_taken":["M","$","M","M","?","R","E","R","T","?","M","?","M","M","R","BOSS","M","?","M","M","$","R","M","R","T","M","M","$","?","E","R","BOSS"],"build_version":"2018-10-04","purchased_purges":2,"victory":false,"max_hp_per_floor":[66,66,66,66,66,66,66,66,66,66,66,66,66,66,66,66,66,66,66,66,66,66,66,66,66,66,66,66,66,66,66,66,66],"card_choices":[{"not_picked":["Doppelganger","Storm of Steel"],"picked":"After Image","floor":0.0},{"not_picked":["Outmaneuver","Bane"],"picked":"Dagger Spray","floor":1.0},{"not_picked":["Infinite Blades","Distraction"],"picked":"Quick Slash","floor":3.0},{"not_picked":["Dagger Throw","Quick Slash"],"picked":"Tactician","floor":4.0},{"not_picked":["Masterful Stab","Unload"],"picked":"Cloak And Dagger","floor":7.0},{"not_picked":["Backflip","Blur"],"picked":"Caltrops","floor":11.0},{"not_picked":["Bane","Backflip","Outmaneuver"],"picked":"SKIP","floor":13.0},{"not_picked":["Underhanded Strike","Flying Knee"],"picked":"Acrobatics","floor":14.0},{"not_picked":["Phantasmal Killer","Glass Knife"],"picked":"Malaise","floor":16.0},{"not_picked":["Deadly Poison"],"picked":"SKIP","floor":18.0},{"not_picked":[],"picked":"Footwork","floor":20.0},{"not_picked":["Deadly Poison"],"picked":"SKIP","floor":21.0},{"not_picked":[],"picked":"Tactician","floor":24.0},{"not_picked":[],"picked":"Reflex+1","floor":27.0},{"not_picked":["Backflip"],"picked":"SKIP","floor":28.0},{"not_picked":["Bouncing Flask"],"picked":"SKIP","floor":31.0}],"player_experience":851482,"relics_obtained":[{"floor":7.0,"key":"Centennial Puzzle"},{"floor":9.0,"key":"The Courier"},{"floor":10.0,"key":"Oddly Smooth Stone"},{"floor":26.0,"key":"Smiling Mask"},{"floor":31.0,"key":"MawBank"}],"event_choices":[{"event_name":"Golden Wing","player_choice":"Card Removal","floor":5.0,"damage_taken":0.0},{"event_name":"Golden Idol","player_choice":"Take Wound","floor":12.0,"damage_taken":0.0},{"event_name":"Forgotten Altar","player_choice":"Gave Idol","floor":19.0,"damage_taken":0.0},{"event_name":"Back to Basics","player_choice":"Simplicity","floor":30.0,"damage_taken":0.0}],"is_beta":true,"boss_relics":[{"not_picked":["Philosopher\u0027s Stone","Orrery"],"picked":"Busted Crown"}],"items_purged_floors":[22,29],"is_endless":false,"potions_floor_spawned":[1,3,7,14,16,20,24,31],"killed_by":"Champ","ascension_level":15}