{"gold_per_floor":[116,116,86,11,29,29,64,64,64,99,99,119,119,137,137,235,235,252,252,281,281,296,324,324,340,408,438,452,466,466,376,376,475,475,491,71,293,393,393,393,422,697,697,714,116,116,116,146,146,146],"floor_reached":51,"playtime":4148,"items_purged":["Decay","Strike_B","Injury"],"score":1321,"play_id":"4a1299ad-3cee-48e7-8116-602a3b8677e8","local_time":"20181108113824","is_ascension_mode":true,"campfire_choices":[{"data":"Zap","floor":6,"key":"SMITH"},{"data":"Defragment","floor":8,"key":"SMITH"},{"data":"Dualcast","floor":11,"key":"SMITH"},{"data":"Sweeping Beam","floor":13,"key":"SMITH"},{"data":"Seek","floor":15,"key":"SMITH"},{"floor":24,"key":"REST"},{"floor":30,"key":"REST"},{"floor":32,"key":"REST"},{"floor":40,"key":"REST"},{"floor":47,"key":"REST"},{"floor":49,"key":"REST"}],"neow_cost":"CURSE","seed_source_timestamp":12503556897925,"circlet_count":0,"master_deck":["AscendersBane","Defend_B","Defend_B+1","Defend_B","Zap+1","Dualcast+1","Seek+1","Core Surge","Defragment+1","Sweeping Beam+1","Conserve Battery+1","Ball Lightning+1","Cold Snap+1","Coolheaded+1","Fission+1","Barrage+1","Loop+1","Compile Driver+1","Conserve Battery+1","All For One+1","Glacier+1","Chaos+1","White Noise+1","Conserve Battery+1","Chaos+1","Chrysalis+1","Madness+1","Madness+1","Electrodynamics","Go for the Eyes+1","Flash of Steel+1","Ball Lightning+1","Coolheaded+1","Sadistic Nature","Defragment+1"],"relics":["Cracked Core","Ancient Tea Set","Toxic Egg 2","Omamori","Molten Egg 2","Cursed Key","Red Mask","Lantern","Symbiotic Virus","Bottled Lightning","Lizard Tail","PreservedInsect","Prayer Wheel","Blood Vial","Mummified Hand","Juzu Bracelet","Oddly Smooth Stone"],"potions_floor_usage":[5,7,7,12,20,23,23,28,28,50,50,50],"damage_taken":[{"damage":2,"enemies":"Small Slimes","floor":1,"turns":3},{"damage":0,"enemies":"2 Louse","floor":5,"turns":1},{"damage":10,"enemies":"Lagavulin","floor":7,"turns":5},{"damage":10,"enemies":"3 Sentries","floor":10,"turns":6},{"damage":1,"enemies":"Cultist","floor":12,"turns":3},{"damage":0,"enemies":"Exordium Wildlife","floor":14,"turns":2},{"damage":0,"enemies":"Slime Boss","floor":16,"turns":7},{"damage":4,"enemies":"3 Byrds","floor":18,"turns":4},{"damage":24,"enemies":"Masked Bandits","floor":20,"turns":3},{"damage":0,"enemies":"Spheric Guardian","floor":22,"turns":2},{"damage":10,"enemies":"Book of Stabbing","floor":23,"turns":4},{"damage":20,"enemies":"3 Cultists","floor":25,"turns":4},{"damage":0,"enemies":"Gremlin Leader","floor":27,"turns":5},{"damage":0,"enemies":"Snecko","floor":28,"turns":3},{"damage":4,"enemies":"Snake Plant","floor":29,"turns":2},{"damage":35,"enemies":"Champ","floor":33,"turns":14},{"damage":0,"enemies":"3 Shapes","floor":35,"turns":2},{"damage":0,"enemies":"Mind Bloom Boss Battle","floor":38,"turns":5},{"damage":56,"enemies":"Reptomancer","floor":41,"turns":7},{"damage":13,"enemies":"3 Darklings","floor":44,"turns":3},{"damage":19,"enemies":"Nemesis","floor":48,"turns":7},{"damage":0,"enemies":"Donu and Deca","floor":50,"turns":8}],"seed_played":"-2281372559494499031","potions_obtained":[{"floor":1,"key":"AttackPotion"},{"floor":3,"key":"AttackPotion"},{"floor":3,"key":"SteroidPotion"},{"floor":5,"key":"Ancient Potion"},{"floor":10,"key":"Regen Potion"},{"floor":12,"key":"EssenceOfSteel"},{"floor":20,"key":"Weak Potion"},{"floor":22,"key":"GamblersBrew"},{"floor":23,"key":"SpeedPotion"},{"floor":27,"key":"EssenceOfSteel"},{"floor":33,"key":"SpeedPotion"},{"floor":41,"key":"Strength Potion"},{"floor":44,"key":"EssenceOfSteel"}],"is_trial":false,"path_per_floor":["M","?","?","$","M","R","E","R","T","E","R","M","R","M","R","B",null,"M","?","?","?","M","E","R","M","T","E","M","M","R","?","R","B",null,"M","$","?","?","?","R","E","?","T","M","$","?","R","E","R","B",null],"character_chosen":"DEFECT","items_purchased":["PreservedInsect","Chrysalis+1","Flash of Steel+1","Ball Lightning+1","Coolheaded+1","Sadistic Nature","Juzu Bracelet"],"campfire_rested":6,"item_purchase_floors":[36,36,45,45,45,45,45],"current_hp_per_floor":[66,59,59,59,59,59,49,49,49,39,39,47,47,47,47,47,68,64,64,40,40,40,30,52,32,32,32,32,28,50,50,72,37,66,66,66,66,66,57,75,19,19,19,8,8,8,30,13,35,37],"gold":146,"neow_bonus":"TRANSFORM_TWO_CARDS","is_prod":false,"is_daily":false,"chose_seed":false,"campfire_upgraded":5,"win_rate":0,"timestamp":1541637504,"path_taken":["M","?","?","$","M","R","E","R","T","E","R","M","R","?","R","BOSS","M","?","?","?","?","E","R","M","T","E","?","M","R","?","R","BOSS","M","$","?","?","?","R","E","?","T","M","$","?","R","E","R","BOSS"],"build_version":"2018-11-06","purchased_purges":3,"victory":true,"max_hp_per_floor":[75,75,75,75,75,75,75,75,75,75,75,75,75,75,75,75,75,75,75,75,75,75,75,75,75,75,75,75,75,75,75,75,75,75,75,75,75,75,75,75,75,75,75,75,75,75,75,75,75,75],"card_choices":[{"not_picked":["Turbo","Streamline"],"picked":"Defragment","floor":1},{"not_picked":["Compile Driver","Scrape"],"picked":"Sweeping Beam","floor":5},{"not_picked":["Genetic Algorithm","Buffer"],"picked":"Conserve Battery","floor":7},{"not_picked":["Reprogram+1","Doom and Gloom"],"picked":"Ball Lightning","floor":10},{"not_picked":["Self Repair","Redo+1"],"picked":"Cold Snap+1","floor":12},{"not_picked":["Ball Lightning+1","Gash+1"],"picked":"Coolheaded+1","floor":14},{"not_picked":["All For One+1","Reboot+1"],"picked":"Fission+1","floor":16},{"not_picked":["Leap+1","Gash+1"],"picked":"Barrage+1","floor":18},{"not_picked":["Sweeping Beam+1","Rip and Tear+1"],"picked":"Compile Driver+1","floor":20},{"not_picked":["Compile Driver+1","Rebound+1"],"picked":"Conserve Battery+1","floor":22},{"not_picked":["Sweeping Beam+1","Compile Driver+1"],"picked":"All For One+1","floor":23},{"not_picked":["Static Discharge+1","Sweeping Beam+1"],"picked":"Glacier+1","floor":25},{"not_picked":["Force Field+1","Compile Driver+1"],"picked":"Chaos+1","floor":27},{"not_picked":["Compile Driver+1","Reinforced Body+1"],"picked":"White Noise+1","floor":28},{"not_picked":["Stack+1","Static Discharge+1"],"picked":"Conserve Battery+1","floor":29},{"not_picked":["Cold Snap+1","Beam Cell+1"],"picked":"Chaos+1","floor":35},{"not_picked":["Stack+1","Leap+1"],"picked":"Electrodynamics","floor":41},{"not_picked":["Darkness+1","Cold Snap+1"],"picked":"Go for the Eyes+1","floor":44},{"not_picked":["Barrage+1","Hello World+1","Self Repair+1"],"picked":"SKIP","floor":44},{"not_picked":["Steam+1","Redo+1"],"picked":"Defragment+1","floor":48}],"player_experience":729301,"relics_obtained":[{"floor":7,"key":"Toxic Egg 2"},{"floor":9,"key":"Omamori"},{"floor":10,"key":"Molten Egg 2"},{"floor":20,"key":"Red Mask"},{"floor":23,"key":"Lantern"},{"floor":26,"key":"Symbiotic Virus"},{"floor":27,"key":"Bottled Lightning"},{"floor":38,"key":"Prayer Wheel"},{"floor":41,"key":"Blood Vial"},{"floor":43,"key":"Mummified Hand"},{"floor":48,"key":"Oddly Smooth Stone"}],"event_choices":[{"damage_healed":0,"gold_gain":0,"player_choice":"Success","damage_taken":7,"relics_obtained":["Ancient Tea Set"],"max_hp_gain":0,"max_hp_loss":0,"event_name":"Scrap Ooze","floor":2,"gold_loss":0},{"damage_healed":0,"gold_gain":0,"player_choice":"Bought 2 Potions","damage_taken":0,"max_hp_gain":0,"max_hp_loss":0,"event_name":"The Woman in Blue","floor":3,"gold_loss":0},{"damage_healed":0,"gold_gain":0,"player_choice":"Read","damage_taken":0,"max_hp_gain":0,"max_hp_loss":0,"event_name":"The Library","floor":19,"gold_loss":0,"cards_obtained":["Loop"]},{"damage_healed":0,"gold_gain":0,"player_choice":"Fought Bandits","damage_taken":0,"max_hp_gain":0,"max_hp_loss":0,"event_name":"Masked Bandits","floor":20,"gold_loss":0},{"damage_healed":0,"gold_gain":0,"player_choice":"Upgraded","damage_taken":0,"max_hp_gain":0,"max_hp_loss":0,"event_name":"Upgrade Shrine","floor":21,"gold_loss":0,"cards_upgraded":["Loop"]},{"cards_removed":["Strike_B"],"damage_healed":0,"gold_gain":0,"player_choice":"Upgrade and Remove","damage_taken":0,"max_hp_gain":0,"max_hp_loss":0,"event_name":"Designer","floor":31,"gold_loss":90,"cards_upgraded":["Defend_B"]},{"damage_healed":0,"gold_gain":222,"player_choice":"Wore Mask","damage_taken":0,"max_hp_gain":0,"max_hp_loss":0,"event_name":"Tomb of Lord Red Mask","floor":37,"gold_loss":0},{"damage_healed":0,"gold_gain":0,"player_choice":"Fight","damage_taken":0,"max_hp_gain":0,"max_hp_loss":0,"event_name":"MindBloom","floor":38,"gold_loss":0},{"damage_healed":0,"gold_gain":0,"player_choice":"Embrace Madness","damage_taken":9,"max_hp_gain":0,"max_hp_loss":0,"event_name":"Winding Halls","floor":39,"gold_loss":0,"cards_obtained":["Madness","Madness"]},{"damage_healed":0,"gold_gain":275,"player_choice":"Desecrate","damage_taken":0,"max_hp_gain":0,"max_hp_loss":0,"event_name":"Golden Shrine","floor":42,"gold_loss":0,"cards_obtained":["Regret"]},{"cards_removed":["Defend_B"],"damage_healed":0,"gold_gain":0,"player_choice":"Purged","damage_taken":0,"max_hp_gain":0,"max_hp_loss":0,"event_name":"Purifier","floor":46,"gold_loss":0}],"is_beta":true,"boss_relics":[{"not_picked":["Sozu","FrozenCore"],"picked":"Cursed Key"},{"not_picked":["Busted Crown","Coffee Dripper"],"picked":"Lizard Tail"}],"items_purged_floors":[4,36,45],"is_endless":false,"potions_floor_spawned":[1,5,10,12,20,22,23,27,33,41,44],"ascension_level":10}