{"path_per_floor":["M","?","$","?","M","R","M","R","T","R","$","$","M","E","R","B",null,"M","?","M","M","M","R","E","R","T","$","M","M","E","M","R"],"character_chosen":"THE_SILENT","items_purchased":["Noxious Fumes","Shuriken","Cloak And Dagger"],"gold_per_floor":[119,119,48,123,138,138,154,154,206,206,206,131,151,178,178,278,278,288,288,303,313,324,324,358,358,358,4,19,37,71,89,89,89],"floor_reached":33,"campfire_rested":2,"playtime":3755,"item_purchase_floors":[],"current_hp_per_floor":[70,70,70,59,59,59,52,52,52,52,52,52,48,37,37,34,66,68,68,50,39,16,39,14,38,38,38,40,42,46,49,49,0],"items_purged":["Strike_G","Writhe"],"gold":89,"score":493,"play_id":"3b8f78f2-d48e-4b1c-bf4d-ff637f503939","local_time":"20180530143445","is_prod":false,"is_daily":false,"chose_seed":false,"is_ascension_mode":true,"campfire_upgraded":5,"win_rate":0,"timestamp":1527716085,"campfire_choices":[{"data":"Noxious Fumes","floor":6.0,"key":"SMITH"},{"data":"Neutralize","floor":8.0,"key":"SMITH"},{"data":"Cloak And Dagger","floor":10.0,"key":"SMITH"},{"data":"Dagger Spray","floor":15.0,"key":"SMITH"},{"floor":23.0,"key":"REST"},{"floor":25.0,"key":"REST"},{"data":"Malaise","floor":32,"key":"SMITH"}],"path_taken":["M","?","$","?","M","R","M","R","T","R","?","$","M","E","R","BOSS","M","?","M","M","M","R","E","R","T","$","M","M","E","M","R","BOSS"],"build_version":"2018-05-24","seed_source_timestamp":777988172033993,"purchased_purges":2,"victory":false,"master_deck":["Defend_G","Defend_G","Defend_G","Defend_G","Defend_G","Strike_G","Strike_G","Strike_G","Strike_G","Survivor","Neutralize+1","AscendersBane","Skewer+1","Noxious Fumes+1","Dagger Spray+1","Cloak And Dagger+1","PiercingWail","Dash","Adrenaline","Riddle With Holes","Dash","Malaise+1","Cloak And Dagger","Leg Sweep+1","Prepared"],"max_hp_per_floor":[77,77,77,77,77,77,77,77,77,77,77,77,77,77,77,77,77,77,77,77,79,79,79,81,81,81,81,81,81,83,85,85,85],"relics":["Ring of the Snake","Singing Bowl","Blood Vial","Snecko Eye","Smiling Mask","Tough Bandages","Thread and Needle","Shuriken","Oddly Smooth Stone"],"card_choices":[{"not_picked":["Distraction","Expertise"],"picked":"Skewer","floor":1.0},{"not_picked":["Flying Knee","Bane"],"picked":"Dagger Spray","floor":5.0},{"not_picked":["Caltrops","Outmaneuver"],"picked":"Cloak And Dagger","floor":7.0},{"not_picked":["Corpse Explosion","Blade Dance"],"picked":"PiercingWail","floor":13.0},{"not_picked":["Bane","Dodge and Roll"],"picked":"Dash","floor":14.0},{"not_picked":["Venomology","Burst"],"picked":"Adrenaline","floor":16.0},{"not_picked":["Dagger Throw","Prepared+1"],"picked":"Riddle With Holes","floor":18.0},{"not_picked":["Cloak And Dagger+1","Infinite Blades"],"picked":"Dash","floor":20.0},{"not_picked":["Caltrops","Outmaneuver","PiercingWail+1"],"picked":"Singing Bowl","floor":21.0},{"not_picked":["Caltrops","Sucker Punch"],"picked":"Malaise","floor":22.0},{"not_picked":["Storm of Steel","Poisoned Stab+1","Burst"],"picked":"Singing Bowl","floor":24.0},{"not_picked":["Deadly Poison","Deflect"],"picked":"Leg Sweep+1","floor":28.0},{"not_picked":["Choke","Masterful Stab+1"],"picked":"Prepared","floor":29.0},{"not_picked":["All Out Attack","Slice","Caltrops+1"],"picked":"Singing Bowl","floor":30.0},{"not_picked":["Prepared","Finisher+1","Quick Slash"],"picked":"Singing Bowl","floor":31}],"player_experience":741761,"potions_floor_usage":[31,33],"damage_taken":[{"damage":0.0,"enemies":"2 Louse","floor":1.0,"turns":3.0},{"damage":0.0,"enemies":"Small Slimes","floor":5.0,"turns":3.0},{"damage":7.0,"enemies":"Jaw Worm","floor":7.0,"turns":4.0},{"damage":4.0,"enemies":"Large Slime","floor":13.0,"turns":5.0},{"damage":11.0,"enemies":"3 Sentries","floor":14.0,"turns":5.0},{"damage":5.0,"enemies":"Slime Boss","floor":16.0,"turns":10.0},{"damage":0.0,"enemies":"Spheric Guardian","floor":18.0,"turns":3.0},{"damage":20.0,"enemies":"2 Thieves","floor":20.0,"turns":4.0},{"damage":15.0,"enemies":"Snake Plant","floor":21.0,"turns":5.0},{"damage":25.0,"enemies":"Cultist and Chosen","floor":22.0,"turns":5.0},{"damage":29.0,"enemies":"Slavers","floor":24.0,"turns":5.0},{"damage":0.0,"enemies":"Centurion and Healer","floor":28.0,"turns":7.0},{"damage":0.0,"enemies":"Snecko","floor":29.0,"turns":6.0},{"damage":0.0,"enemies":"Book of Stabbing","floor":30.0,"turns":6.0},{"damage":1,"enemies":"Sentry and Sphere","floor":31,"turns":8},{"damage":52,"enemies":"Collector","floor":33,"turns":7}],"relics_obtained":[{"floor":9.0,"key":"Singing Bowl"},{"floor":14.0,"key":"Blood Vial"},{"floor":24.0,"key":"Tough Bandages"},{"floor":26.0,"key":"Thread and Needle"},{"floor":30.0,"key":"Oddly Smooth Stone"}],"event_choices":[{"event_name":"Living Wall","player_choice":"Grow","floor":2.0,"damage_taken":0.0},{"event_name":"World of Goop","player_choice":"Gather Gold","floor":4.0,"damage_taken":0.0},{"event_name":"The Mausoleum","player_choice":"Yes","floor":19.0,"damage_taken":0.0}],"boss_relics":[],"items_purged_floors":[],"potions_floor_spawned":[1,5,13,22,24,28,30],"seed_played":"-9176084355134314529","killed_by":"Collector","ascension_level":10,"potions_obtained":[{"floor":1.0,"key":"Poison Potion"},{"floor":5.0,"key":"GhostInAJar"},{"floor":13.0,"key":"FearPotion"},{"floor":22.0,"key":"Block Potion"},{"floor":24.0,"key":"Block Potion"},{"floor":28.0,"key":"Ancient Potion"},{"floor":30.0,"key":"GhostInAJar"}],"is_trial":false}