{"path_per_floor":["M","M","M","?","M","R","E","R","T","?","$","R","$","E","R","B",null,"M","?","$","?","?","R","E","R","T","E","M","M","R","E","R","B",null,"M","?","M","$","M","R","E","M","T","E","R","?","E","?","R","B"],"character_chosen":"THE_SILENT","items_purchased":["Shuriken","Bottled Tornado"],"gold_per_floor":[114,127,142,142,162,162,190,190,264,264,14,14,14,40,40,136,136,149,72,72,72,72,72,98,98,98,123,141,152,152,185,185,283,313,331,331,343,98,117,117,143,158,211,242,242,242,270,0,0,0],"floor_reached":51,"campfire_rested":3,"playtime":2251,"item_purchase_floors":[11,38],"current_hp_per_floor":[70,63,63,63,63,63,69,69,69,69,69,69,69,60,84,44,84,84,84,84,84,84,84,56,81,81,63,65,61,61,60,84,80,89,82,82,84,84,83,83,82,70,70,62,62,62,64,64,64,41],"items_purged":[],"gold":0,"score":1029,"play_id":"a276ab8a-71fd-4782-99fc-c6014a868580","local_time":"20180530101400","is_prod":false,"is_daily":false,"chose_seed":false,"is_ascension_mode":true,"campfire_upgraded":8,"win_rate":0,"timestamp":1527668040,"campfire_choices":[{"data":"Cloak And Dagger","floor":6,"key":"SMITH"},{"data":"Envenom","floor":8,"key":"SMITH"},{"data":"Cloak And Dagger","floor":12,"key":"SMITH"},{"floor":15,"key":"REST"},{"data":"Storm of Steel","floor":23,"key":"SMITH"},{"floor":25,"key":"REST"},{"data":"Adrenaline","floor":30,"key":"SMITH"},{"floor":32,"key":"REST"},{"data":"Envenom","floor":40,"key":"SMITH"},{"data":"Accuracy","floor":45,"key":"SMITH"},{"data":"Finisher","floor":49,"key":"SMITH"}],"path_taken":["M","M","?","?","M","R","E","R","T","?","$","R","$","E","R","BOSS","M","?","$","?","?","R","E","R","T","E","M","M","R","E","R","BOSS","M","?","M","$","M","R","E","M","T","E","R","?","E","?","R","BOSS"],"build_version":"2018-05-28","seed_source_timestamp":11531021001744,"purchased_purges":0,"victory":true,"master_deck":["Defend_G","Defend_G+1","Defend_G","Defend_G","Defend_G","Strike_G","Strike_G","Strike_G","Survivor","Neutralize","Cloak And Dagger+1","Dodge and Roll","Cloak And Dagger+1","Noxious Fumes","Envenom+1","Cloak And Dagger+1","Escape Plan","Storm of Steel+1","Deadly Poison","J.A.X.","Finisher","Bane","Adrenaline+1","Slice","Escape Plan","Envenom+1","Acrobatics","Noxious Fumes+1","Cloak And Dagger+1","Riddle With Holes+1","Finisher+1","Accuracy+1","Bouncing Flask+1","Bullet Time","Prepared+1"],"max_hp_per_floor":[70,70,70,70,70,70,84,84,84,84,84,84,84,84,84,84,84,84,84,84,84,84,84,84,84,84,84,84,84,84,84,84,84,89,89,89,89,89,89,89,89,89,89,89,89,89,89,89,89,89],"relics":["Ring of the Snake","Mango","Centennial Puzzle","Shuriken","Vajra","Sozu","Blood Vial","Pantograph","Ninja Scroll","Mummified Hand","Tiny House","Bottled Tornado","Question Card","Orichalcum","The Courier","Regal Pillow","Red Mask"],"card_choices":[{"not_picked":["Dagger Throw","Dodge and Roll"],"picked":"Cloak And Dagger","floor":1},{"not_picked":["Quick Slash","Prepared"],"picked":"Dodge and Roll","floor":2},{"not_picked":["Calculated Gamble","Reflex"],"picked":"Cloak And Dagger","floor":3},{"not_picked":["Eviscerate","Riddle With Holes"],"picked":"Noxious Fumes","floor":5},{"not_picked":["Cloak And Dagger","Poisoned Stab"],"picked":"Envenom","floor":7},{"not_picked":["Endless Agony","Skewer"],"picked":"Escape Plan","floor":14},{"not_picked":["Doppelganger","Venomology"],"picked":"Storm of Steel","floor":16},{"not_picked":["Calculated Gamble","PiercingWail"],"picked":"Deadly Poison","floor":18},{"not_picked":["Quick Slash","Deadly Poison"],"picked":"Bane","floor":24},{"not_picked":["All Out Attack","Flying Knee"],"picked":"Adrenaline","floor":27},{"not_picked":["Backflip","Acrobatics"],"picked":"Slice","floor":28},{"not_picked":["Reflex","Sucker Punch+1"],"picked":"Escape Plan","floor":29},{"not_picked":["Flying Knee","Underhanded Strike+1"],"picked":"Choke+1","floor":31},{"not_picked":["Bullet Time","After Image"],"picked":"Envenom","floor":33},{"not_picked":["Dagger Throw","Outmaneuver"],"picked":"Acrobatics","floor":34},{"not_picked":["Quick Slash","Predator"],"picked":"Noxious Fumes+1","floor":35},{"not_picked":["Dagger Throw+1","Terror"],"picked":"Cloak And Dagger+1","floor":37},{"not_picked":["Poisoned Stab+1","Adrenaline"],"picked":"Riddle With Holes+1","floor":39},{"not_picked":["Flechettes+1","Sucker Punch+1"],"picked":"Finisher","floor":41},{"not_picked":["Escape Plan+1","Slice+1","Footwork"],"picked":"Accuracy","floor":42},{"not_picked":["Backstab","Flying Knee+1","Caltrops+1"],"picked":"Bouncing Flask+1","floor":44},{"not_picked":["Dash","Distraction+1","Reflex"],"picked":"Prepared+1","floor":47}],"player_experience":185842,"potions_floor_usage":[14,50,50],"damage_taken":[{"damage":0,"enemies":"Cultist","floor":1,"turns":5},{"damage":7,"enemies":"Jaw Worm","floor":2,"turns":8},{"damage":0,"enemies":"Small Slimes","floor":3,"turns":4},{"damage":0,"enemies":"Blue Slaver","floor":5,"turns":6},{"damage":8,"enemies":"3 Sentries","floor":7,"turns":9},{"damage":9,"enemies":"Lagavulin","floor":14,"turns":5},{"damage":40,"enemies":"Hexaghost","floor":16,"turns":8},{"damage":0,"enemies":"Chosen","floor":18,"turns":3},{"damage":28,"enemies":"Slavers","floor":24,"turns":4},{"damage":20,"enemies":"Book of Stabbing","floor":27,"turns":5},{"damage":0,"enemies":"Spheric Guardian","floor":28,"turns":1},{"damage":6,"enemies":"3 Cultists","floor":29,"turns":4},{"damage":3,"enemies":"Slavers","floor":31,"turns":3},{"damage":4,"enemies":"Collector","floor":33,"turns":5},{"damage":7,"enemies":"Flame Bruiser 1 Orb","floor":35,"turns":4},{"damage":0,"enemies":"3 Shapes","floor":37,"turns":4},{"damage":3,"enemies":"Transient","floor":39,"turns":5},{"damage":3,"enemies":"Nemesis","floor":41,"turns":3},{"damage":14,"enemies":"Maw","floor":42,"turns":5},{"damage":10,"enemies":"Giant Head","floor":44,"turns":5},{"damage":0,"enemies":"2 Orb Walkers","floor":47,"turns":3},{"damage":48,"enemies":"Donu and Deca","floor":50,"turns":5}],"relics_obtained":[{"floor":7,"key":"Mango"},{"floor":9,"key":"Centennial Puzzle"},{"floor":14,"key":"Vajra"},{"floor":24,"key":"Blood Vial"},{"floor":26,"key":"Pantograph"},{"floor":27,"key":"Ninja Scroll"},{"floor":31,"key":"Mummified Hand"},{"floor":41,"key":"Question Card"},{"floor":43,"key":"Orichalcum"},{"floor":44,"key":"The Courier"},{"floor":47,"key":"Regal Pillow"}],"event_choices":[{"event_name":"Upgrade Shrine","player_choice":"Upgraded","floor":4,"damage_taken":0},{"event_name":"Living Wall","player_choice":"Change","floor":10,"damage_taken":0},{"event_name":"Drug Dealer","player_choice":"Got JAXXED","floor":19,"damage_taken":0},{"event_name":"Vampires","player_choice":"Ignored","floor":21,"damage_taken":0},{"event_name":"The Library","player_choice":"Read","floor":22,"damage_taken":0},{"event_name":"Transmorgrifier","player_choice":"Transform","floor":46,"damage_taken":0},{"event_name":"Tomb of Lord Red Mask","player_choice":"Paid","floor":48,"damage_taken":0}],"boss_relics":[{"not_picked":["Velvet Choker","Ectoplasm"],"picked":"Sozu"},{"not_picked":["Calling Bell","Cursed Key"],"picked":"Tiny House"}],"items_purged_floors":[],"potions_floor_spawned":[3,7,16,24,28,29,33,35,41,42],"seed_played":"-6340981500281245821","ascension_level":2,"potions_obtained":[{"floor":3,"key":"Strength Potion"},{"floor":7,"key":"AttackPotion"},{"floor":16,"key":"GamblersBrew"}],"is_trial":false}