{"gold_per_floor":[117,117,135,155,167,167,196,196,275,305,325,21,33,51,51,154,154,171,188,135,135,149,149,163,163,186,186,186,217,235,247,247,342,342,358,358,358,358,368,368,381,399,399,399,399,416,276,276,276,276],"floor_reached":50,"playtime":2571,"items_purged":["Strike_R"],"score":596,"play_id":"eeda4c9e-5559-4517-9c30-5a11096457e7","local_time":"20190131225132","is_ascension_mode":true,"campfire_choices":[{"data":"Armaments","floor":6,"key":"SMITH"},{"data":"Immolate","floor":8,"key":"SMITH"},{"data":"Seeing Red","floor":15,"key":"SMITH"},{"data":"Shockwave","floor":23,"key":"SMITH"},{"floor":25,"key":"REST"},{"data":"Whirlwind","floor":27,"key":"SMITH"},{"floor":32,"key":"REST"},{"data":"Entrench","floor":40,"key":"SMITH"},{"floor":44,"key":"REST"},{"floor":49,"key":"REST"}],"neow_cost":"TEN_PERCENT_HP_LOSS","seed_source_timestamp":1827624348210364,"circlet_count":0,"master_deck":["Defend_R","Defend_R","Defend_R","Bash","Armaments+1","Clothesline","Pommel Strike","Ghostly Armor","Immolate+1","Shockwave+1","Seeing Red+1","Whirlwind+1","Battle Trance","Second Wind","Sentinel","Disarm","Double Tap","Exhume+1","Intimidate+1","True Grit+1","Disarm","Inflame+1","Shrug It Off","Necronomicurse","Ghostly Armor","Body Slam+1","Disarm","Whirlwind+1","Barricade+1","Evolve+1","Limit Break","Madness","Madness","Entrench+1","Juggernaut+1","Good Instincts"],"relics":["Burning Blood","Prayer Wheel","Frozen Egg 2","Art of War","Bag of Marbles","Astrolabe","Necronomicon","Juzu Bracelet","The Courier","Anchor","Velvet Choker"],"potions_floor_usage":[5,10,33,50,50,50],"damage_taken":[{"damage":7,"enemies":"Small Slimes","floor":1,"turns":5},{"damage":4,"enemies":"Cultist","floor":3,"turns":3},{"damage":7,"enemies":"Jaw Worm","floor":4,"turns":3},{"damage":12,"enemies":"Exordium Thugs","floor":5,"turns":3},{"damage":11,"enemies":"3 Sentries","floor":7,"turns":12},{"damage":10,"enemies":"Lagavulin","floor":10,"turns":4},{"damage":0,"enemies":"3 Louse","floor":11,"turns":2},{"damage":7,"enemies":"Large Slime","floor":13,"turns":4},{"damage":9,"enemies":"Blue Slaver","floor":14,"turns":2},{"damage":36,"enemies":"The Guardian","floor":16,"turns":13},{"damage":9,"enemies":"Spheric Guardian","floor":18,"turns":4},{"damage":3,"enemies":"3 Byrds","floor":19,"turns":4},{"damage":8,"enemies":"Centurion and Healer","floor":22,"turns":3},{"damage":32,"enemies":"3 Cultists","floor":24,"turns":5},{"damage":32,"enemies":"Gremlin Leader","floor":29,"turns":6},{"damage":0,"enemies":"Cultist and Chosen","floor":30,"turns":5},{"damage":12,"enemies":"Centurion and Healer","floor":31,"turns":3},{"damage":35,"enemies":"Champ","floor":33,"turns":14},{"damage":10,"enemies":"3 Shapes","floor":35,"turns":3},{"damage":0,"enemies":"Orb Walker","floor":39,"turns":3},{"damage":15,"enemies":"3 Darklings","floor":41,"turns":4},{"damage":50,"enemies":"Spire Growth","floor":42,"turns":6},{"damage":96,"enemies":"Transient","floor":46,"turns":5},{"damage":41,"enemies":"Awakened One","floor":50,"turns":5}],"seed_played":"-9156020562405935427","potions_obtained":[{"floor":1,"key":"Ancient Potion"},{"floor":4,"key":"Energy Potion"},{"floor":5,"key":"Poison Potion"},{"floor":7,"key":"BloodPotion"},{"floor":18,"key":"Weak Potion"},{"floor":29,"key":"SpeedPotion"},{"floor":30,"key":"FairyPotion"},{"floor":35,"key":"Ancient Potion"},{"floor":41,"key":"EssenceOfSteel"},{"floor":46,"key":"AttackPotion"}],"is_trial":false,"path_per_floor":["M","?","M","M","M","R","E","R","T","E","M","$","M","M","R","B",null,"M","M","$","?","M","R","M","R","T","R","T","E","M","M","R","B",null,"M","?","?","?","M","R","M","M","T","R","?","M","$","?","R","B"],"character_chosen":"IRONCLAD","items_purchased":["Bag of Marbles","Whirlwind","Shrug It Off","Juggernaut+1","Good Instincts"],"campfire_rested":4,"item_purchase_floors":[12,12,20,47,47],"current_hp_per_floor":[71,71,72,71,65,65,60,60,60,56,62,62,61,58,58,28,72,69,72,72,56,54,54,28,49,49,49,49,23,29,23,44,22,72,68,59,59,59,65,65,56,12,12,33,63,12,12,12,30,0],"gold":276,"neow_bonus":"TRANSFORM_TWO_CARDS","is_prod":false,"is_daily":false,"chose_seed":false,"campfire_upgraded":6,"win_rate":0,"timestamp":1548942692,"path_taken":["M","?","M","?","?","R","E","R","T","E","M","$","M","M","R","BOSS","M","M","$","?","M","R","M","R","T","R","?","E","M","M","R","BOSS","M","?","?","?","M","R","M","M","T","R","?","M","$","?","R","BOSS"],"build_version":"2019-01-23","purchased_purges":1,"victory":false,"max_hp_per_floor":[72,72,72,72,72,72,72,72,72,72,72,72,72,72,72,72,72,72,72,72,72,72,72,72,72,72,72,72,72,72,72,72,72,72,72,72,72,72,72,72,72,72,72,72,63,63,63,63,63,63],"card_choices":[{"not_picked":["Headbutt","Thunderclap"],"picked":"Clothesline","floor":1},{"not_picked":["Combust","Second Wind"],"picked":"Clash","floor":3},{"not_picked":["Wild Strike","Flex","Havoc"],"picked":"SKIP","floor":4},{"not_picked":["Headbutt","True Grit"],"picked":"Ghostly Armor","floor":5},{"not_picked":["Burning Pact","Pommel Strike"],"picked":"Immolate","floor":7},{"not_picked":["Carnage","Armaments"],"picked":"Shockwave","floor":10},{"not_picked":["Clash","Heavy Blade"],"picked":"Seeing Red","floor":11},{"not_picked":["Flex","Cleave","Clash"],"picked":"SKIP","floor":11},{"not_picked":["Cleave","Havoc"],"picked":"Battle Trance","floor":13},{"not_picked":["Clothesline","Perfected Strike"],"picked":"Second Wind","floor":13},{"not_picked":["Pommel Strike","Rupture+1"],"picked":"Sentinel","floor":14},{"not_picked":["Pommel Strike","Anger"],"picked":"Disarm","floor":14},{"not_picked":["Berserk+1","Bludgeon"],"picked":"Double Tap","floor":16},{"not_picked":["Flex","Anger+1"],"picked":"Disarm","floor":18},{"not_picked":["Clash","Flex+1"],"picked":"Inflame+1","floor":18},{"not_picked":["Clash","Pommel Strike","Burning Pact"],"picked":"SKIP","floor":19},{"not_picked":["Iron Wave","Rampage","Hemokinesis"],"picked":"SKIP","floor":19},{"not_picked":["Cleave","Searing Blow+1"],"picked":"Ghostly Armor","floor":22},{"not_picked":["Cleave+1","Rampage","Pommel Strike"],"picked":"SKIP","floor":22},{"not_picked":["Cleave+1","Rampage","Pommel Strike"],"picked":"SKIP","floor":22},{"not_picked":["Shrug It Off","Clothesline"],"picked":"Body Slam+1","floor":24},{"not_picked":["Warcry","Hemokinesis"],"picked":"Disarm","floor":24},{"not_picked":["Wild Strike+1","Searing Blow"],"picked":"Whirlwind+1","floor":29},{"not_picked":["Wild Strike+1","Pummel"],"picked":"Barricade+1","floor":30},{"not_picked":["Warcry","Heavy Blade","Perfected Strike+1"],"picked":"SKIP","floor":30},{"not_picked":["Wild Strike+1","Spot Weakness"],"picked":"Evolve+1","floor":31},{"not_picked":["Clothesline","Thunderclap","Clash+1"],"picked":"SKIP","floor":31},{"not_picked":["Reaper","Exhume"],"picked":"Limit Break","floor":33},{"not_picked":["Heavy Blade","Blood for Blood+1","Reckless Charge+1"],"picked":"SKIP","floor":35},{"not_picked":["Clothesline+1","Thunderclap+1","Pommel Strike"],"picked":"SKIP","floor":35},{"not_picked":["Spot Weakness+1","Clash"],"picked":"Entrench","floor":39},{"not_picked":["Sword Boomerang","Headbutt","Clothesline+1"],"picked":"SKIP","floor":39},{"not_picked":["Twin Strike","Carnage+1","Cleave"],"picked":"SKIP","floor":41},{"not_picked":["Sentinel","Heavy Blade","Dropkick"],"picked":"SKIP","floor":41},{"not_picked":["Body Slam","Twin Strike","Anger"],"picked":"SKIP","floor":42},{"not_picked":["Fiend Fire","Combust+1","Headbutt+1"],"picked":"SKIP","floor":42},{"not_picked":["Perfected Strike","Sever Soul","Pommel Strike"],"picked":"SKIP","floor":46},{"not_picked":["Clash","Intimidate+1","Heavy Blade+1"],"picked":"SKIP","floor":46}],"player_experience":754637,"relics_obtained":[{"floor":7,"key":"Prayer Wheel"},{"floor":9,"key":"Frozen Egg 2"},{"floor":10,"key":"Art of War"},{"floor":21,"key":"Necronomicon"},{"floor":26,"key":"Juzu Bracelet"},{"floor":28,"key":"The Courier"},{"floor":29,"key":"Anchor"}],"event_choices":[{"damage_healed":0,"gold_gain":0,"cards_transformed":["Berserk"],"player_choice":"Transformed","damage_taken":0,"max_hp_gain":0,"max_hp_loss":0,"event_name":"Transmorgrifier","floor":2,"gold_loss":0,"cards_obtained":["Pommel Strike"]},{"damage_healed":0,"gold_gain":0,"player_choice":"Obtained Book","damage_taken":16,"max_hp_gain":0,"max_hp_loss":0,"event_name":"Cursed Tome","floor":21,"gold_loss":0},{"damage_healed":0,"gold_gain":0,"player_choice":"Embrace Madness","damage_taken":9,"max_hp_gain":0,"max_hp_loss":0,"event_name":"Winding Halls","floor":36,"gold_loss":0,"cards_obtained":["Madness","Madness"]},{"cards_removed":["Clash"],"damage_healed":0,"gold_gain":0,"player_choice":"Removed Attack","damage_taken":0,"max_hp_gain":0,"max_hp_loss":0,"event_name":"Falling","floor":37,"gold_loss":0},{"damage_healed":0,"gold_gain":0,"player_choice":"Ignored","damage_taken":0,"max_hp_gain":0,"max_hp_loss":0,"event_name":"Tomb of Lord Red Mask","floor":38,"gold_loss":0},{"damage_healed":63,"gold_gain":0,"player_choice":"Heal","damage_taken":0,"max_hp_gain":0,"max_hp_loss":9,"event_name":"The Moai Head","floor":45,"gold_loss":0},{"damage_healed":0,"gold_gain":0,"player_choice":"Ignored","damage_taken":0,"max_hp_gain":0,"max_hp_loss":0,"event_name":"Mysterious Sphere","floor":48,"gold_loss":0}],"is_beta":false,"boss_relics":[{"not_picked":["Calling Bell","White Beast Statue"],"picked":"Astrolabe"},{"not_picked":["Fusion Hammer","Tiny House"],"picked":"Velvet Choker"}],"items_purged_floors":[12],"is_endless":false,"potions_floor_spawned":[1,4,5,7,18,24,29,30,35,41,46],"killed_by":"Awakened One","ascension_level":4}