{"path_per_floor":["M","?","?","M","?","R","E","?","T","$","M","R","M","E","R","B",null,"M","$","?","?","M","E","R","M","T","T","M","M","M","?","R"],"character_chosen":"DEFECT","items_purchased":["Sunder+1","Dodecahedron"],"gold_per_floor":[114,114,64,79,79,79,109,139,164,89,104,104,119,149,149,249,249,264,14,14,14,29,89,89,104,104,104,119,134,149,149,149,149],"floor_reached":33,"campfire_rested":2,"playtime":2992,"item_purchase_floors":[10,19],"current_hp_per_floor":[73,55,55,55,55,65,37,37,37,37,37,37,37,35,35,35,67,66,65,64,63,62,44,55,54,53,52,51,50,42,42,42,0],"items_purged":[],"gold":149,"score":325,"play_id":"347e5740-29a9-4e95-ba7e-e87117a3a732","local_time":"20180615011818","daily_mods":["Diverse","Night Terrors","Terminal"],"is_prod":false,"is_daily":true,"chose_seed":false,"is_ascension_mode":false,"campfire_upgraded":3,"win_rate":0.0,"timestamp":1528989498,"campfire_choices":[{"data":"Zap","floor":6,"key":"SMITH"},{"data":"Dualcast","floor":12,"key":"SMITH"},{"data":"Deflect","floor":15,"key":"SMITH"},{"floor":24,"key":"REST"},{"floor":32,"key":"REST"}],"path_taken":["M","?","?","?","?","R","E","?","T","$","M","R","M","E","R","BOSS","M","$","?","?","M","E","R","M","T","?","M","?","M","?","R","BOSS"],"build_version":"2018-06-07v3","seed_source_timestamp":0,"purchased_purges":0,"victory":false,"master_deck":["Zap+1","Dualcast+1","Deflect+1","Sword Boomerang+1","Doom and Gloom+1","Sunder+1","Ball Lightning+1","Ball Lightning+1","Meteor Strike+1","Bludgeon+1","Backflip","Redo","Bane+1","Thunderclap+1","Acrobatics","Cold Snap+1","Crippling Poison+1"],"max_hp_per_floor":[73,72,71,70,69,78,77,76,75,74,73,72,71,70,69,68,67,66,65,64,63,62,61,55,54,53,52,51,50,49,48,42,42],"relics":["Cracked Core","Molten Egg 2","Anchor","Orichalcum","Whetstone","Pandora\u0027s Box","Dodecahedron","Tiny Chest","The Courier","Bottled Flame"],"card_choices":[{"not_picked":["Uppercut","Clash"],"picked":"Deflect","floor":1},{"not_picked":["Chaos","Glacier"],"picked":"Sword Boomerang+1","floor":4},{"not_picked":["Cold Snap+1","Perfected Strike+1"],"picked":"Doom and Gloom+1","floor":7},{"not_picked":["Thunderclap+1","Hemokinesis+1"],"picked":"Ball Lightning+1","floor":11},{"not_picked":["Heel Hook+1","Body Slam+1"],"picked":"Ball Lightning+1","floor":13},{"not_picked":["Shrug It Off","Perfected Strike+1"],"picked":"Meteor Strike+1","floor":14},{"not_picked":["Demon Form","Tools of the Trade"],"picked":"Bludgeon+1","floor":16},{"not_picked":["Feel No Pain","Coolheaded"],"picked":"Crippling Poison","floor":18},{"not_picked":["Havoc","Defragment","Consume"],"picked":"SKIP","floor":22},{"not_picked":["Sweeping Beam+1","Dropkick+1","Metallicize"],"picked":"SKIP","floor":23},{"not_picked":["Entrench","Metallicize","PiercingWail"],"picked":"SKIP","floor":25},{"not_picked":["Redo+1","Headbutt+1","Twin Strike+1"],"picked":"SKIP","floor":28},{"not_picked":["Second Wind","Calculated Gamble","Predator+1"],"picked":"SKIP","floor":29},{"not_picked":["Slice+1","Self Repair","Rip and Tear+1"],"picked":"SKIP","floor":30}],"player_experience":350490,"potions_floor_usage":[6,6,33],"damage_taken":[{"damage":1,"enemies":"2 Louse","floor":1,"turns":2},{"damage":0,"enemies":"Small Slimes","floor":4,"turns":3},{"damage":28,"enemies":"Lagavulin","floor":7,"turns":6},{"damage":0,"enemies":"Jaw Worm","floor":11,"turns":2},{"damage":0,"enemies":"Exordium Wildlife","floor":13,"turns":2},{"damage":2,"enemies":"3 Sentries","floor":14,"turns":4},{"damage":0,"enemies":"Slime Boss","floor":16,"turns":5},{"damage":0,"enemies":"Chosen","floor":18,"turns":3},{"damage":0,"enemies":"3 Byrds","floor":22,"turns":3},{"damage":18,"enemies":"Gremlin Leader","floor":23,"turns":6},{"damage":0,"enemies":"Centurion and Healer","floor":25,"turns":3},{"damage":0,"enemies":"Chosen and Byrds","floor":28,"turns":4},{"damage":0,"enemies":"Snake Plant","floor":29,"turns":3},{"damage":8,"enemies":"Sentry and Sphere","floor":30,"turns":4},{"damage":52,"enemies":"Collector","floor":33,"turns":8}],"relics_obtained":[{"floor":7,"key":"Anchor"},{"floor":9,"key":"Orichalcum"},{"floor":14,"key":"Whetstone"},{"floor":23,"key":"Tiny Chest"},{"floor":26,"key":"The Courier"},{"floor":27,"key":"Bottled Flame"}],"event_choices":[{"event_name":"Scrap Ooze","player_choice":"success","floor":2,"damage_taken":18},{"event_name":"The Cleric","player_choice":"Card Removal","floor":3,"damage_taken":0},{"event_name":"The Lab","player_choice":"Got Potions","floor":5,"damage_taken":0},{"event_name":"Dead Adventurer","player_choice":"Searched \u00272\u0027 times","floor":8,"damage_taken":0},{"event_name":"Ghosts","player_choice":"Ignored","floor":20,"damage_taken":0},{"event_name":"Purifier","player_choice":"One Purge","floor":21,"damage_taken":0},{"event_name":"Accursed Blacksmith","player_choice":"Forge","floor":31,"damage_taken":0}],"boss_relics":[{"not_picked":["Ectoplasm","Eternal Feather"],"picked":"Pandora\u0027s Box"}],"items_purged_floors":[],"potions_floor_spawned":[1,7,13,14,18,28,29],"seed_played":"-3577076227804411564","killed_by":"Collector","ascension_level":0,"potions_obtained":[{"floor":1,"key":"Swift Potion"},{"floor":5,"key":"Fruit Juice"},{"floor":5,"key":"Fruit Juice"},{"floor":7,"key":"SpeedPotion"},{"floor":13,"key":"FearPotion"},{"floor":18,"key":"PowerPotion"},{"floor":29,"key":"LiquidBronze"}],"is_trial":false}