{"path_per_floor":["M","M","M","M","$","E","R","E","T","?","M","M","?","M","R","B",null,"M","?","M","?","?","R","?","$","T","R","M","M","M"],"character_chosen":"DEFECT","items_purchased":["Ball Lightning","Go for the Eyes","Capacitor","Whetstone","Heatsinks"],"gold_per_floor":[119,139,150,169,14,44,44,78,78,43,61,75,150,167,167,272,272,282,282,302,327,242,242,242,17,47,47,61,77,90,90],"floor_reached":31,"campfire_rested":3,"playtime":1365,"item_purchase_floors":[5,5,5,25,25],"current_hp_per_floor":[75,72,72,55,55,51,51,35,35,53,55,51,40,44,66,40,75,75,75,71,14,14,36,36,36,36,58,56,48,63,0],"items_purged":[],"gold":90,"score":324,"play_id":"7a62b714-a1b0-46ba-8f5c-966e31c11660","local_time":"20180611004642","is_prod":false,"is_daily":false,"chose_seed":false,"is_ascension_mode":true,"campfire_upgraded":1,"win_rate":0,"timestamp":1528670802,"campfire_choices":[{"data":"Zap","floor":7,"key":"SMITH"},{"floor":15,"key":"REST"},{"floor":23,"key":"REST"},{"floor":27,"key":"REST"}],"path_taken":["M","M","M","M","$","E","R","E","T","?","?","M","?","?","R","BOSS","M","?","M","?","?","R","?","?","T","R","M","?","?","E"],"build_version":"2018-06-08","seed_source_timestamp":48819946048734,"purchased_purges":0,"victory":false,"master_deck":["Strike_B","Strike_B","Strike_B+1","Strike_B","Defend_B","Defend_B","Defend_B","Defend_B","Zap+1","Dualcast","Gash+1","Stack","Sunder","Steam","Ball Lightning","Go for the Eyes","Capacitor","Ball Lightning","Hello World","Cold Snap","Leap","White Noise","Reboot","Beam Cell","Steam Power","Self Repair","Melter","BootSequence","Beam Cell","Coolheaded","Storm","Decay","Heatsinks","FTL","Storm","Reboot"],"max_hp_per_floor":[75,75,75,75,75,75,75,75,75,75,75,75,75,75,75,75,75,75,75,75,75,75,75,75,75,75,75,75,75,75,75],"relics":["Sozu","Anchor","Bird Faced Urn","Matryoshka","Orrery","Red Mask","Mercury Hourglass","Whetstone","Tiny Chest","Thread and Needle"],"card_choices":[{"not_picked":["Ball Lightning","Conserve Battery"],"picked":"Gash","floor":1},{"not_picked":["Chaos","Go for the Eyes"],"picked":"Stack","floor":2},{"not_picked":["Double Energy","Rebound"],"picked":"Sunder","floor":3},{"not_picked":["Go for the Eyes","Redo"],"picked":"Steam","floor":4},{"not_picked":["Chaos","Steam Power"],"picked":"Ball Lightning","floor":6},{"not_picked":["Blizzard","Steam Power"],"picked":"Hello World","floor":8},{"not_picked":["Streamline","Conserve Battery"],"picked":"Cold Snap","floor":11},{"not_picked":["Compile Driver","Barrage"],"picked":"Leap","floor":12},{"not_picked":["Barrage","Streamline"],"picked":"White Noise","floor":14},{"not_picked":["Seek","Machine Learning"],"picked":"Reboot","floor":16},{"not_picked":["Go for the Eyes","Cold Snap"],"picked":"Beam Cell","floor":17},{"not_picked":["Aggregate","Recycle"],"picked":"Steam Power","floor":17},{"not_picked":["FTL","Beam Cell"],"picked":"Self Repair","floor":17},{"not_picked":["Streamline","Capacitor"],"picked":"Melter","floor":17},{"not_picked":["Barrage","Ball Lightning"],"picked":"BootSequence","floor":17},{"not_picked":["Rebound","Redo+1"],"picked":"Beam Cell","floor":18},{"not_picked":["Go for the Eyes","Glacier+1"],"picked":"Coolheaded","floor":20},{"not_picked":["Turbo","Sweeping Beam"],"picked":"Storm","floor":21},{"not_picked":["Leap","Conserve Battery+1"],"picked":"FTL","floor":28},{"not_picked":["Sweeping Beam","Compile Driver"],"picked":"Storm","floor":29},{"not_picked":["Turbo","Streamline"],"picked":"Reboot","floor":30}],"player_experience":242404,"potions_floor_usage":[],"damage_taken":[{"damage":0,"enemies":"Small Slimes","floor":1,"turns":3},{"damage":3,"enemies":"2 Louse","floor":2,"turns":2},{"damage":0,"enemies":"Cultist","floor":3,"turns":4},{"damage":17,"enemies":"Large Slime","floor":4,"turns":6},{"damage":4,"enemies":"3 Sentries","floor":6,"turns":4},{"damage":16,"enemies":"Lagavulin","floor":8,"turns":5},{"damage":0,"enemies":"Looter","floor":11,"turns":3},{"damage":8,"enemies":"Red Slaver","floor":12,"turns":4},{"damage":0,"enemies":"Exordium Thugs","floor":14,"turns":4},{"damage":40,"enemies":"Hexaghost","floor":16,"turns":8},{"damage":0,"enemies":"Spheric Guardian","floor":18,"turns":3},{"damage":15,"enemies":"3 Byrds","floor":20,"turns":6},{"damage":68,"floor":21,"turns":6},{"damage":8,"enemies":"3 Cultists","floor":28,"turns":5},{"damage":19,"enemies":"Snake Plant","floor":29,"turns":3},{"damage":6,"enemies":"Centurion and Healer","floor":30,"turns":7},{"damage":77,"enemies":"Book of Stabbing","floor":31,"turns":7}],"relics_obtained":[{"floor":6,"key":"Anchor"},{"floor":8,"key":"Bird Faced Urn"},{"floor":9,"key":"Matryoshka"},{"floor":21,"key":"Red Mask"},{"floor":26,"key":"Tiny Chest"},{"floor":26,"key":"Thread and Needle"}],"event_choices":[{"event_name":"The Cleric","player_choice":"Healed","floor":10,"damage_taken":0},{"event_name":"World of Goop","player_choice":"Gather Gold","floor":13,"damage_taken":0},{"event_name":"Ghosts","player_choice":"Ignored","floor":19,"damage_taken":0},{"event_name":"Masked Bandits","player_choice":"Fought over 302 gold","floor":21,"damage_taken":0},{"event_name":"Addict","player_choice":"Obtained Relic","floor":22,"damage_taken":0},{"event_name":"Forgotten Altar","player_choice":"Smashed Altar","floor":24,"damage_taken":0}],"boss_relics":[{"not_picked":["Ectoplasm","Snecko Eye"],"picked":"Orrery"}],"items_purged_floors":[],"potions_floor_spawned":[2,4,11,12,21,29,30],"seed_played":"-4055155149052978208","killed_by":"Book of Stabbing","ascension_level":4,"potions_obtained":[],"is_trial":false}