{"gold_per_floor":[369,544,544,554,319,319,330,357,357,357,391,391,402,422,422,523,523,536,131,181,197,208,208,307,341,341,365,385,410,421,421,421,518,518,535,551,551,275,275,300,300,333,333,333,358,372,383,483,483,483],"floor_reached":51,"playtime":1711,"items_purged":["Doubt","Strike_B","Strike_B"],"score":1001,"play_id":"56df56f9-b3ce-4d01-91ba-069251e576bd","local_time":"20190202163012","is_ascension_mode":true,"campfire_choices":[{"data":"Zap","floor":6,"key":"SMITH"},{"data":"1","floor":10,"key":"LIFT"},{"data":"2","floor":12,"key":"LIFT"},{"data":"3","floor":15,"key":"LIFT"},{"data":"Redo","floor":23,"key":"SMITH"},{"data":"Buffer","floor":32,"key":"SMITH"},{"floor":41,"key":"RECALL"},{"data":"Apotheosis","floor":44,"key":"SMITH"},{"data":"Static Discharge","floor":49,"key":"SMITH"}],"neow_cost":"PERCENT_DAMAGE","seed_source_timestamp":398092739747120,"circlet_count":0,"master_deck":["Strike_B","Strike_B","Defend_B","Defend_B","Defend_B","Defend_B","Zap+1","Dualcast","Go for the Eyes","FTL","All For One","FTL","FTL","Steam","Coolheaded","All For One","Redo+1","Buffer+1","J.A.X.","Electrodynamics","Scrape","Madness","Apotheosis+1","The Bomb","Madness","Madness","FTL+1","Go for the Eyes+1","Static Discharge+1"],"relics":["Cracked Core","Girya","Pantograph","PreservedInsect","Coffee Dripper","Mango","Pen Nib","Bottled Lightning","Regal Pillow","Bag of Preparation","Sozu","Bronze Scales","Oddly Smooth Stone","FossilizedHelix","Letter Opener","Anchor","Ginger"],"potions_floor_usage":[11,13,16],"damage_taken":[{"damage":7,"enemies":"Small Slimes","floor":1,"turns":3},{"damage":0,"enemies":"Cultist","floor":4,"turns":3},{"damage":1,"enemies":"Jaw Worm","floor":7,"turns":2},{"damage":13,"enemies":"Gremlin Nob","floor":8,"turns":3},{"damage":16,"enemies":"Lagavulin","floor":11,"turns":4},{"damage":2,"enemies":"Exordium Thugs","floor":13,"turns":2},{"damage":1,"enemies":"2 Fungi Beasts","floor":14,"turns":3},{"damage":0,"enemies":"Slime Boss","floor":16,"turns":5},{"damage":0,"enemies":"2 Thieves","floor":18,"turns":2},{"damage":3,"enemies":"Chosen","floor":21,"turns":3},{"damage":1,"enemies":"3 Cultists","floor":22,"turns":3},{"damage":21,"enemies":"Slavers","floor":25,"turns":4},{"damage":3,"enemies":"Sentry and Sphere","floor":28,"turns":3},{"damage":12,"enemies":"Book of Stabbing","floor":29,"turns":3},{"damage":0,"enemies":"Snake Plant","floor":30,"turns":2},{"damage":37,"enemies":"Automaton","floor":33,"turns":6},{"damage":0,"enemies":"3 Shapes","floor":35,"turns":2},{"damage":0,"enemies":"Orb Walker","floor":36,"turns":2},{"damage":12,"enemies":"Reptomancer","floor":40,"turns":4},{"damage":0,"enemies":"Nemesis","floor":42,"turns":4},{"damage":0,"enemies":"Reptomancer","floor":45,"turns":2},{"damage":0,"enemies":"Writhing Mass","floor":46,"turns":2},{"damage":0,"enemies":"Sphere and 2 Shapes","floor":47,"turns":2},{"damage":0,"enemies":"Mind Bloom Boss Battle","floor":48,"turns":3},{"damage":75,"enemies":"Time Eater","floor":50,"turns":7}],"seed_played":"8098885465549245462","potions_obtained":[{"floor":7,"key":"Poison Potion"},{"floor":11,"key":"Poison Potion"},{"floor":13,"key":"SkillPotion"},{"floor":21,"key":"Block Potion"},{"floor":29,"key":"Explosive Potion"},{"floor":33,"key":"Block Potion"}],"is_trial":false,"path_per_floor":["M","?","?","M","$","R","M","E","T","R","E","R","M","M","R","B",null,"M","$","?","M","M","R","?","E","T","T","M","E","M","?","R","B",null,"M","M","?","$","?","E","R","E","T","R","E","M","M","?","R","B",null],"character_chosen":"DEFECT","items_purchased":["All For One","FTL","Mango","Bronze Scales"],"campfire_rested":0,"item_purchase_floors":[5,5,19,38],"current_hp_per_floor":[47,47,47,47,47,47,46,33,33,33,17,17,15,14,14,39,75,75,89,89,86,85,85,85,64,64,64,61,49,49,49,49,37,89,89,89,79,79,68,56,56,56,56,56,56,56,56,81,81,14],"gold":483,"neow_bonus":"TWO_FIFTY_GOLD","is_prod":false,"is_daily":false,"chose_seed":false,"campfire_upgraded":5,"win_rate":0,"timestamp":1549085412,"path_taken":["M","?","?","M","$","R","M","E","T","R","E","R","?","M","R","BOSS","M","$","?","M","?","R","?","E","T","?","M","E","M","?","R","BOSS","M","M","?","$","?","E","R","E","T","R","E","M","M","?","R","BOSS"],"build_version":"2019-01-23","purchased_purges":3,"victory":true,"max_hp_per_floor":[75,75,75,75,75,75,75,75,75,75,75,75,75,75,75,75,75,75,89,89,89,89,89,89,89,89,89,89,89,89,89,89,89,89,89,89,89,89,89,89,89,89,89,89,89,89,89,89,89,89],"card_choices":[{"not_picked":["Hologram","Aggregate"],"picked":"Go for the Eyes","floor":1},{"not_picked":["Scrape","Beam Cell"],"picked":"FTL","floor":4},{"not_picked":["Turbo","Hologram","Beam Cell"],"picked":"SKIP","floor":7},{"not_picked":["Leap","Buffer"],"picked":"FTL","floor":8},{"not_picked":["Barrage","Leap","Recycle"],"picked":"SKIP","floor":11},{"not_picked":["Aggregate","Doom and Gloom"],"picked":"Steam","floor":13},{"not_picked":["Storm","Force Field"],"picked":"Coolheaded","floor":14},{"not_picked":["Rainbow","Buffer"],"picked":"All For One","floor":16},{"not_picked":["Beam Cell","Streamline","Compile Driver"],"picked":"SKIP","floor":18},{"not_picked":["Hologram","Compile Driver","Conserve Battery"],"picked":"SKIP","floor":21},{"not_picked":["Conserve Battery+1","Coolheaded"],"picked":"Redo","floor":22},{"not_picked":["Melter","Stack","Sweeping Beam"],"picked":"SKIP","floor":25},{"not_picked":["Turbo","Sweeping Beam","Melter"],"picked":"SKIP","floor":28},{"not_picked":["Force Field","Ball Lightning"],"picked":"Buffer","floor":29},{"not_picked":["Compile Driver","Hologram","Reprogram"],"picked":"SKIP","floor":30},{"not_picked":["Meteor Strike","Multi-Cast"],"picked":"Electrodynamics","floor":33},{"not_picked":["Ball Lightning","Conserve Battery","Cold Snap+1"],"picked":"SKIP","floor":35},{"not_picked":["Sweeping Beam+1","Stack"],"picked":"Scrape","floor":36},{"not_picked":["Deep Breath","HandOfGreed"],"picked":"Madness","floor":37},{"not_picked":["Purity","Impatience"],"picked":"Apotheosis","floor":37},{"not_picked":["Dark Shackles","Impatience"],"picked":"The Bomb","floor":37},{"not_picked":["Rip and Tear+1","Streamline+1"],"picked":"FTL+1","floor":40},{"not_picked":["Auto Shields","Conserve Battery","Streamline+1"],"picked":"SKIP","floor":42},{"not_picked":["Heatsinks","Leap","Beam Cell"],"picked":"SKIP","floor":45},{"not_picked":["Conserve Battery","Sweeping Beam+1"],"picked":"Go for the Eyes+1","floor":46},{"not_picked":["Streamline","Steam Power+1","Turbo"],"picked":"SKIP","floor":47},{"not_picked":["Self Repair+1","Compile Driver"],"picked":"Static Discharge","floor":48}],"player_experience":1207353,"relics_obtained":[{"floor":8,"key":"Girya"},{"floor":9,"key":"Pantograph"},{"floor":11,"key":"PreservedInsect"},{"floor":25,"key":"Pen Nib"},{"floor":26,"key":"Bottled Lightning"},{"floor":27,"key":"Regal Pillow"},{"floor":29,"key":"Bag of Preparation"},{"floor":40,"key":"Oddly Smooth Stone"},{"floor":42,"key":"FossilizedHelix"},{"floor":43,"key":"Letter Opener"},{"floor":45,"key":"Anchor"},{"floor":48,"key":"Ginger"}],"event_choices":[{"damage_healed":0,"gold_gain":175,"player_choice":"AGREE","damage_taken":0,"max_hp_gain":0,"max_hp_loss":0,"event_name":"Liars Game","floor":2,"gold_loss":0,"cards_obtained":["Doubt"]},{"damage_healed":0,"gold_gain":0,"player_choice":"Ignored","damage_taken":0,"max_hp_gain":0,"max_hp_loss":0,"event_name":"NoteForYourself","floor":3,"gold_loss":0},{"damage_healed":0,"gold_gain":100,"player_choice":"Bet on Murderer","damage_taken":0,"max_hp_gain":0,"max_hp_loss":0,"event_name":"The Joust","floor":20,"gold_loss":50},{"damage_healed":0,"gold_gain":99,"player_choice":"Stole From Cult","damage_taken":0,"max_hp_gain":0,"max_hp_loss":0,"event_name":"Nest","floor":24,"gold_loss":0},{"damage_healed":0,"gold_gain":0,"player_choice":"Obtain J.A.X.","damage_taken":0,"max_hp_gain":0,"max_hp_loss":0,"event_name":"Drug Dealer","floor":31,"gold_loss":0,"cards_obtained":["J.A.X."]},{"damage_healed":0,"gold_gain":0,"player_choice":"Memory 3","damage_taken":10,"max_hp_gain":0,"max_hp_loss":0,"event_name":"SensoryStone","floor":37,"gold_loss":0},{"damage_healed":0,"gold_gain":0,"player_choice":"Embrace Madness","damage_taken":11,"max_hp_gain":0,"max_hp_loss":0,"event_name":"Winding Halls","floor":39,"gold_loss":0,"cards_obtained":["Madness","Madness"]},{"damage_healed":0,"gold_gain":0,"player_choice":"Fight","damage_taken":0,"max_hp_gain":0,"max_hp_loss":0,"event_name":"MindBloom","floor":48,"gold_loss":0}],"is_beta":true,"boss_relics":[{"not_picked":["Philosopher\u0027s Stone","Runic Dome"],"picked":"Coffee Dripper"},{"not_picked":["White Beast Statue","Fusion Hammer"],"picked":"Sozu"}],"items_purged_floors":[5,19,38],"is_endless":false,"potions_floor_spawned":[7,11,13,21,29,33,36,40,45,48],"ascension_level":1}