{"gold_per_floor":[111,111,122,122,140,140,175,175,254,269,290,15,38,51,51,150,150,171,61,1,17,17,17,17,17,17,17,34,34],"floor_reached":29,"playtime":748,"items_purged":["Writhe"],"score":450,"play_id":"1a85e994-751a-4963-b940-4c0952ab6a88","local_time":"20190205132932","is_ascension_mode":true,"campfire_choices":[{"data":"Armaments","floor":6.0,"key":"SMITH"},{"floor":15.0,"key":"REST"},{"floor":23,"key":"DIG"},{"floor":25,"key":"DIG"}],"neow_cost":"NONE","seed_source_timestamp":90381200140580,"circlet_count":0,"master_deck":["AscendersBane","Strike_R","Strike_R","Strike_R","Strike_R","Strike_R","Defend_R","Defend_R","Defend_R+1","Defend_R+1","Bash","Bludgeon","Havoc+1","Armaments+1","Shrug It Off","Shockwave","True Grit","Pommel Strike","Warcry","Barricade+1","Combust+1","Reaper","Iron Wave+1"],"special_seed":0,"relics":["Burning Blood","Boot","Bloody Idol","Question Card","Frozen Egg 2","Mummified Hand","Calling Bell","Bronze Scales","The Courier","Shovel","War Paint","Molten Egg 2","Mercury Hourglass"],"potions_floor_usage":[16,16,18,28],"damage_taken":[{"damage":6.0,"enemies":"Small Slimes","floor":1.0,"turns":3.0},{"damage":9.0,"enemies":"Jaw Worm","floor":3.0,"turns":2.0},{"damage":4.0,"enemies":"Cultist","floor":5.0,"turns":4.0},{"damage":38.0,"enemies":"Gremlin Nob","floor":7.0,"turns":4.0},{"damage":3.0,"enemies":"Looter","floor":10.0,"turns":2.0},{"damage":9.0,"enemies":"Exordium Thugs","floor":11.0,"turns":4.0},{"damage":10.0,"enemies":"3 Louse","floor":13.0,"turns":5.0},{"damage":6.0,"enemies":"Blue Slaver","floor":14.0,"turns":5.0},{"damage":48,"enemies":"Slime Boss","floor":16,"turns":8},{"damage":13,"enemies":"3 Byrds","floor":18,"turns":3},{"damage":28,"enemies":"Chosen","floor":21,"turns":7},{"damage":26,"enemies":"Snake Plant","floor":28,"turns":4},{"damage":30,"enemies":"Cultist and Chosen","floor":29,"turns":3}],"seed_played":"-8333570911576132417","potions_obtained":[{"floor":5.0,"key":"SpeedPotion"},{"floor":8.0,"key":"Fruit Juice"},{"floor":8.0,"key":"Strength Potion"},{"floor":11.0,"key":"Ancient Potion"},{"floor":13.0,"key":"PowerPotion"},{"floor":14.0,"key":"AttackPotion"},{"floor":16,"key":"PowerPotion"},{"floor":18,"key":"SneckoOil"}],"is_trial":false,"path_per_floor":["M","?","M","?","M","R","E","?","T","M","M","$","M","M","R","B",null,"M","?","$","M","?","R","$","R","T","?","M","M"],"character_chosen":"IRONCLAD","items_purchased":["Mummified Hand"],"campfire_rested":1,"item_purchase_floors":[12],"current_hp_per_floor":[68,68,65,65,67,67,35,40,40,43,40,40,36,36,57,15,59,52,52,52,30,30,30,30,30,30,30,21,0],"gold":34,"neow_bonus":"ONE_RANDOM_RARE_CARD","is_prod":false,"is_daily":false,"chose_seed":false,"campfire_upgraded":1,"win_rate":0,"timestamp":1549398572,"path_taken":["M","?","M","?","M","R","E","?","T","M","?","$","M","M","R","BOSS","M","?","?","M","?","R","?","R","T","?","?","M"],"build_version":"2019-01-23","purchased_purges":1,"victory":false,"max_hp_per_floor":[75,75,75,68,68,68,68,73,73,73,73,73,73,73,73,73,73,73,73,73,73,73,73,73,73,73,73,73,73],"card_choices":[{"not_picked":["Reckless Charge","Body Slam"],"picked":"Havoc","floor":1.0},{"not_picked":["Thunderclap","Clothesline"],"picked":"Armaments","floor":3.0},{"not_picked":["Anger","Warcry"],"picked":"Shrug It Off","floor":5.0},{"not_picked":["Dropkick","Whirlwind"],"picked":"Shockwave","floor":7.0},{"not_picked":["Shockwave","Heavy Blade","Power Through"],"picked":"True Grit","floor":10.0},{"not_picked":["Shrug It Off","Entrench","Clothesline"],"picked":"Pommel Strike","floor":11.0},{"not_picked":["Wild Strike","Pommel Strike","Flex"],"picked":"Warcry","floor":13.0},{"not_picked":["Hemokinesis","Anger","Clash","Pommel Strike"],"picked":"SKIP","floor":14.0},{"not_picked":["Brutality+1","Impervious","Double Tap"],"picked":"Barricade+1","floor":16},{"not_picked":["Anger","Warcry","Flex"],"picked":"Combust+1","floor":18},{"not_picked":["Perfected Strike","Clash","Sword Boomerang+1"],"picked":"Reaper","floor":21},{"not_picked":["Pommel Strike+1","Headbutt+1","Rupture+1"],"picked":"Iron Wave+1","floor":28}],"player_experience":757391,"relics_obtained":[{"floor":7.0,"key":"Question Card"},{"floor":9.0,"key":"Frozen Egg 2"},{"floor":17,"key":"Bronze Scales"},{"floor":17,"key":"The Courier"},{"floor":17,"key":"Shovel"},{"floor":23,"key":"War Paint"},{"floor":25,"key":"Molten Egg 2"},{"floor":26,"key":"Mercury Hourglass"}],"event_choices":[{"damage_healed":0.0,"max_hp_gain":0.0,"max_hp_loss":0.0,"gold_gain":0.0,"event_name":"Big Fish","player_choice":"Box","floor":2.0,"gold_loss":0.0,"damage_taken":0.0,"relics_obtained":["Boot"],"cards_obtained":["Regret"]},{"damage_healed":0.0,"max_hp_gain":0.0,"max_hp_loss":7.0,"gold_gain":0.0,"event_name":"Golden Idol","player_choice":"Lose Max HP","floor":4.0,"gold_loss":0.0,"damage_taken":0.0,"relics_obtained":["Golden Idol"]},{"damage_healed":0.0,"max_hp_gain":0.0,"max_hp_loss":0.0,"gold_gain":0.0,"event_name":"Lab","player_choice":"Got Potions","floor":8.0,"gold_loss":0.0,"damage_taken":0.0},{"cards_removed":["Regret"],"damage_healed":0,"gold_gain":0,"player_choice":"Upgrade and Remove","damage_taken":0,"max_hp_gain":0,"max_hp_loss":0,"event_name":"Designer","floor":19,"gold_loss":110,"cards_upgraded":["Defend_R"]},{"damage_healed":0,"gold_gain":0,"player_choice":"Gave Idol","damage_taken":0,"relics_obtained":["Bloody Idol"],"max_hp_gain":0,"max_hp_loss":0,"event_name":"Forgotten Altar","floor":22,"relics_lost":["Golden Idol"],"gold_loss":0},{"cards_removed":["Writhe","Injury"],"damage_healed":0,"gold_gain":0,"player_choice":"Removed Curses","damage_taken":0,"max_hp_gain":0,"max_hp_loss":0,"event_name":"Fountain of Cleansing","floor":27,"gold_loss":0}],"is_beta":false,"boss_relics":[{"not_picked":["Sozu","Eternal Feather"],"picked":"Calling Bell"}],"items_purged_floors":[20],"is_endless":false,"potions_floor_spawned":[5,11,13,14,16,18],"killed_by":"Cultist and Chosen","ascension_level":20}