{"path_per_floor":["M","?","?","M","M","R","?","R","T","?","$","E","R","?","R","B",null,"M","M","$","M","$","R","M","R","T","E","R","M","?","M","R","B",null,"M","M","$","?","?","R","E","R","T","?","R","M","$","?","R","B"],"character_chosen":"THE_SILENT","items_purchased":["Vajra","Apotheosis","Bane","Sadistic Nature","Block Potion"],"gold_per_floor":[109,74,74,94,109,109,109,109,132,232,10,35,35,210,210,309,309,279,296,41,56,56,56,71,71,71,96,96,107,207,217,217,315,315,328,342,62,62,62,62,95,95,169,169,169,186,13,13,13,13],"floor_reached":51,"campfire_rested":4,"playtime":3116,"current_hp_per_floor":[53,70,58,56,52,52,52,52,52,52,52,41,41,47,69,66,74,72,68,68,48,48,48,48,48,54,54,54,41,41,23,47,14,65,45,31,31,72,72,72,10,39,45,45,55,43,43,43,76,50],"items_purged":["Strike_G","Doubt","Pain"],"gold":13,"score":1055,"play_id":"f51bd281-4405-4eed-971f-c70a8b51aa89","local_time":"20180524082911","is_prod":false,"is_daily":false,"chose_seed":false,"is_ascension_mode":true,"campfire_upgraded":8,"timestamp":1527175751,"campfire_choices":[{"data":"Noxious Fumes","floor":6.0,"key":"SMITH"},{"data":"Footwork","floor":8.0,"key":"SMITH"},{"data":"Malaise","floor":13.0,"key":"SMITH"},{"floor":15.0,"key":"REST"},{"data":"Apotheosis","floor":23.0,"key":"SMITH"},{"data":"Caltrops","floor":25.0,"key":"SMITH"},{"data":"Neutralize","floor":28.0,"key":"SMITH"},{"floor":32,"key":"REST"},{"data":"Dodge and Roll","floor":40,"key":"SMITH"},{"floor":42,"key":"REST"},{"data":"Survivor","floor":45,"key":"SMITH"},{"floor":49,"key":"REST"}],"path_taken":["M","?","?","M","M","R","?","R","T","?","?","E","R","?","R","BOSS","M","M","$","M","$","R","M","R","T","E","R","M","?","M","R","BOSS","M","M","?","?","?","R","E","R","T","?","R","M","$","?","R","BOSS"],"build_version":"2018-05-17","seed_source_timestamp":238038627418696,"purchased_purges":3,"victory":true,"master_deck":["Defend_G","Defend_G","Defend_G","Defend_G","Defend_G","Strike_G","Strike_G","Strike_G","Survivor+1","Neutralize+1","Caltrops+1","Malaise+1","Noxious Fumes+1","Footwork+1","Riddle With Holes","Dodge and Roll+1","Dagger Spray","Apotheosis+1","Bane","Acrobatics","Parasite","Terror","Cloak And Dagger+1","Sadistic Nature+1","Flash of Steel"],"max_hp_per_floor":[70,70,70,70,70,70,70,70,70,70,70,70,70,76,76,76,76,76,76,76,76,76,76,76,76,82,82,82,82,82,82,82,82,82,82,82,82,72,72,72,72,72,78,78,78,78,78,78,78,78],"relics":["Ring of the Snake","Juzu Bracelet","Ancient Tea Set","Vajra","Darkstone Periapt","Cursed Key","Frozen Egg 2","Bottled Flame","Eternal Feather","Anchor","Kunai"],"card_choices":[{"not_picked":["Eviscerate","Acrobatics"],"picked":"Caltrops","floor":0.0},{"not_picked":["Heel Hook","Dagger Throw"],"picked":"Malaise","floor":1.0},{"not_picked":["Acrobatics","Dagger Throw"],"picked":"Noxious Fumes","floor":4.0},{"not_picked":["Malaise","Dagger Throw"],"picked":"Footwork","floor":5.0},{"not_picked":["Malaise","Riddle With Holes","Outmaneuver"],"picked":"SKIP","floor":12.0},{"not_picked":["Calculated Gamble","Quick Slash"],"picked":"Dodge and Roll","floor":18.0},{"not_picked":["Escape Plan","Quick Slash"],"picked":"Dagger Spray","floor":19.0},{"not_picked":["Concentrate","Underhanded Strike","Calculated Gamble"],"picked":"SKIP","floor":21.0},{"not_picked":["Poisoned Stab","Unload"],"picked":"Acrobatics","floor":24.0},{"not_picked":["Endless Agony+1","Dagger Throw"],"picked":"Terror","floor":27.0},{"not_picked":["Accuracy+1","Masterful Stab","Outmaneuver+1"],"picked":"SKIP","floor":29.0},{"not_picked":["Endless Agony","Dagger Throw"],"picked":"Cloak And Dagger+1","floor":31},{"not_picked":["Flying Knee","Masterful Stab+1","Dagger Spray+1"],"picked":"SKIP","floor":35},{"not_picked":["Deadly Poison+1","Underhanded Strike+1","Calculated Gamble+1"],"picked":"SKIP","floor":36},{"not_picked":["Outmaneuver","Dagger Throw","Reflex"],"picked":"SKIP","floor":41},{"not_picked":["Skewer+1","PiercingWail","Prepared"],"picked":"SKIP","floor":46},{"not_picked":["Secret Weapon","Deep Breath"],"picked":"Flash of Steel","floor":48}],"player_experience":690423,"potions_floor_usage":[31,33,35,41,50],"damage_taken":[{"damage":10.0,"enemies":"Small Slimes","floor":1.0,"turns":7.0},{"damage":2.0,"enemies":"Jaw Worm","floor":4.0,"turns":7.0},{"damage":4.0,"enemies":"Cultist","floor":5.0,"turns":5.0},{"damage":11.0,"enemies":"3 Sentries","floor":12.0,"turns":7.0},{"damage":3.0,"enemies":"The Guardian","floor":16.0,"turns":12.0},{"damage":2.0,"enemies":"2 Thieves","floor":18.0,"turns":5.0},{"damage":4.0,"enemies":"Chosen","floor":19.0,"turns":8.0},{"damage":20.0,"enemies":"Centurion and Healer","floor":21.0,"turns":8.0},{"damage":0.0,"enemies":"Snecko","floor":24.0,"turns":5.0},{"damage":0.0,"enemies":"Book of Stabbing","floor":27.0,"turns":5.0},{"damage":13.0,"enemies":"Snake Plant","floor":29.0,"turns":4.0},{"damage":18,"enemies":"Slaver and Parasite","floor":31,"turns":6},{"damage":33,"enemies":"Champ","floor":33,"turns":11},{"damage":20,"enemies":"Orb Walker","floor":35,"turns":4},{"damage":14,"enemies":"3 Darklings","floor":36,"turns":6},{"damage":62,"enemies":"Giant Head","floor":41,"turns":11},{"damage":12,"enemies":"Maw","floor":46,"turns":8},{"damage":26,"enemies":"Time Eater","floor":50,"turns":17}],"relics_obtained":[{"floor":9.0,"key":"Ancient Tea Set"},{"floor":12.0,"key":"Darkstone Periapt"},{"floor":26.0,"key":"Frozen Egg 2"},{"floor":27.0,"key":"Bottled Flame"},{"floor":41,"key":"Anchor"},{"floor":43,"key":"Kunai"}],"event_choices":[{"event_name":"The Cleric","player_choice":"Healed","floor":2.0,"damage_taken":0.0},{"event_name":"Scrap Ooze","player_choice":"success","floor":3.0,"damage_taken":12.0},{"event_name":"Transmorgrifier","player_choice":"Transform","floor":7.0,"damage_taken":0.0},{"event_name":"Golden Shrine","player_choice":"Pray","floor":10.0,"damage_taken":0.0},{"event_name":"Liars Game","player_choice":"agreed","floor":14.0,"damage_taken":0.0},{"event_name":"Golden Shrine","player_choice":"Pray","floor":30.0,"damage_taken":0.0},{"event_name":"The Moai Head","player_choice":"Heal","floor":38,"damage_taken":0},{"event_name":"Accursed Blacksmith","player_choice":"Ignore","floor":39,"damage_taken":0},{"event_name":"Tomb of Lord Red Mask","player_choice":"Ignored","floor":44,"damage_taken":0},{"event_name":"SensoryStone","player_choice":"Memory 1","floor":48,"damage_taken":0}],"boss_relics":[{"not_picked":["Pandora\u0027s Box","Black Star"],"picked":"Eternal Feather"}],"potions_floor_spawned":[1,5,12,24,27,29,33,35,41],"seed_played":"5752582264294591000","ascension_level":8,"potions_obtained":[{"floor":1.0,"key":"FairyPotion"},{"floor":5.0,"key":"Dexterity Potion"},{"floor":12.0,"key":"Fire Potion"},{"floor":24.0,"key":"Swift Potion"},{"floor":27.0,"key":"Poison Potion"},{"floor":29.0,"key":"SteroidPotion"},{"floor":33,"key":"Weak Potion"},{"floor":35,"key":"Poison Potion"},{"floor":41,"key":"Explosive Potion"}],"is_trial":false}