{"path_per_floor":["M","$","?","?","M","E","R","E","T","?","R","$","M","M","R","B",null,"M","?","M","?","?","R","M","R","T","R","M","?","R","T","R"],"character_chosen":"IRONCLAD","items_purchased":[],"gold_per_floor":[118,43,218,218,243,277,277,317,317,392,392,292,308,321,321,449,449,468,468,482,482,482,482,496,496,496,496,516,516,516,516,516,516],"floor_reached":33,"campfire_rested":3,"playtime":977,"current_hp_per_floor":[80,80,80,60,63,29,53,23,23,12,36,36,36,42,42,24,80,54,54,58,58,58,58,37,37,37,37,19,19,19,19,43,0],"items_purged":["Defend_R","Doubt"],"gold":516,"score":301,"play_id":"6316b338-e640-41e3-b4fc-f1111afa7aaa","local_time":"20180407171050","is_prod":false,"is_daily":false,"is_ascension_mode":true,"campfire_upgraded":2,"timestamp":1523139050,"path_taken":["M","$","?","?","M","E","R","E","T","?","R","$","?","M","R","BOSS","M","?","M","?","?","R","M","R","T","R","?","?","R","?","R","BOSS"],"build_version":"2018-04-05v2","purchased_purges":2,"victory":false,"master_deck":["Strike_R","Defend_R","Bash","Warcry","Pommel Strike","Demon Form+1","Whirlwind","Disarm","Rampage+1","Limit Break+1"],"max_hp_per_floor":[80,80,80,80,80,80,80,80,80,80,80,80,80,80,80,80,80,80,80,80,80,80,80,80,80,80,80,80,80,80,80,80,80],"relics":["Burning Blood","Golden Idol","Frozen Egg 2","Peace Pipe","Pantograph","Philosopher\u0027s Stone","Vajra","Unceasing Top"],"card_choices":[{"not_picked":["Havoc","Blood for Blood"],"picked":"Warcry","floor":1},{"not_picked":["Ghostly Armor","Cleave"],"picked":"Pommel Strike","floor":5},{"not_picked":["Heavy Blade","Armaments"],"picked":"Demon Form","floor":6},{"not_picked":["Flex","Havoc"],"picked":"Whirlwind","floor":8},{"not_picked":["True Grit","Corruption"],"picked":"Disarm","floor":13},{"not_picked":["Dropkick","Warcry"],"picked":"Rampage","floor":14},{"not_picked":["Offering","Feed"],"picked":"Limit Break","floor":16}],"player_experience":140954,"potions_floor_usage":[24,33,33],"damage_taken":[{"damage":0,"enemies":"2 Louse","floor":1,"turns":2},{"damage":3,"enemies":"Jaw Worm","floor":5,"turns":6},{"damage":40,"enemies":"Gremlin Nob","floor":6,"turns":5},{"damage":36,"enemies":"Lagavulin","floor":8,"turns":8},{"damage":6,"enemies":"Cultist","floor":13,"turns":3},{"damage":0,"enemies":"Large Slime","floor":14,"turns":5},{"damage":49,"enemies":"Slime Boss","floor":16,"turns":7},{"damage":32,"enemies":"Shell Parasite","floor":18,"turns":4},{"damage":2,"enemies":"Chosen","floor":20,"turns":5},{"damage":36,"enemies":"Sentry and Sphere","floor":24,"turns":4},{"damage":24,"enemies":"Snake Plant","floor":28,"turns":3},{"damage":68,"enemies":"Automaton","floor":33,"turns":4}],"event_choices":[{"event_name":"Liars Game","player_choice":"agreed","floor":3,"damage_taken":0},{"event_name":"Golden Idol","player_choice":"Take Damage","floor":4,"damage_taken":0},{"event_name":"World of Goop","player_choice":"Gather Gold","floor":10,"damage_taken":0},{"event_name":"Bonfire Elementals","player_choice":"BASIC","floor":19,"damage_taken":0},{"event_name":"Purifier","player_choice":"One Purge","floor":21,"damage_taken":0},{"event_name":"The Woman in Blue","player_choice":"Bought 0 Potions","floor":22,"damage_taken":0},{"event_name":"Cursed Tome","player_choice":"Ignored","floor":29,"damage_taken":0}],"boss_relics":[{"not_picked":["Cursed Key","Orrery"],"picked":"Philosopher\u0027s Stone"}],"potions_floor_spawned":[16,18,20],"seed_played":"-325737183731636493","killed_by":"Automaton","ascension_level":4,"is_trial":false}