{"gold_per_floor":[109,109,119,44,44,73,73,92,118,148,148,175,175,229,229,308,308,321,350,361,361],"floor_reached":21,"playtime":576,"items_purged":["Regret"],"score":465,"play_id":"66a021f3-f035-40f8-a32c-eb0d835f4146","local_time":"20181211164925","is_ascension_mode":true,"campfire_choices":[{"floor":11.0,"key":"REST"},{"data":"Body Slam","floor":13.0,"key":"SMITH"},{"data":"Inflame","floor":15.0,"key":"SMITH"}],"neow_cost":"NONE","seed_source_timestamp":75458426277043,"circlet_count":0,"master_deck":["AscendersBane","Strike_R","Strike_R","Strike_R","Strike_R+1","Defend_R+1","Bash","Shrug It Off","Thunderclap","Inflame+1","Sever Soul","Battle Trance","Body Slam+1","Feed","Fire Breathing+1","Shockwave+1","Sever Soul+1","Sentinel","Anger","Armaments+1"],"special_seed":0,"relics":["Burning Blood","NeowsBlessing","PreservedInsect","Ancient Tea Set","Regal Pillow","Pear","Meat on the Bone","Astrolabe","Red Mask"],"potions_floor_usage":[16,16,20],"damage_taken":[{"damage":0.0,"enemies":"Small Slimes","floor":1.0,"turns":1.0},{"damage":0.0,"enemies":"2 Louse","floor":3.0,"turns":1.0},{"damage":0.0,"enemies":"Gremlin Nob","floor":6.0,"turns":1.0},{"damage":0.0,"enemies":"Cultist","floor":8.0,"turns":3.0},{"damage":40.0,"enemies":"Lagavulin","floor":10.0,"turns":6.0},{"damage":12.0,"enemies":"3 Sentries","floor":12.0,"turns":4.0},{"damage":70,"enemies":"The Guardian","floor":16,"turns":12},{"damage":34,"enemies":"Spheric Guardian","floor":18,"turns":6},{"damage":54,"enemies":"Masked Bandits","floor":19,"turns":5},{"damage":22,"enemies":"Chosen","floor":20,"turns":5},{"damage":28,"enemies":"Shelled Parasite and Fungi","floor":21,"turns":3}],"seed_played":"-238024449593535742","potions_obtained":[{"floor":8.0,"key":"SpeedPotion"},{"floor":10.0,"key":"Ancient Potion"},{"floor":19,"key":"SkillPotion"}],"is_trial":false,"path_per_floor":["M","?","M","$","?","E","?","M","T","E","R","E","R","?","R","B",null,"M","?","M","M"],"character_chosen":"IRONCLAD","items_purchased":[],"campfire_rested":1,"item_purchase_floors":[],"current_hp_per_floor":[74,74,75,75,52,58,58,64,64,40,80,74,74,74,74,22,69,56,23,22,0],"gold":361,"neow_bonus":"THREE_ENEMY_KILL","is_prod":false,"is_daily":false,"chose_seed":false,"campfire_upgraded":2,"win_rate":0,"timestamp":1544572165,"path_taken":["M","?","M","$","?","E","?","?","T","E","R","E","R","?","R","BOSS","M","?","M","M"],"build_version":"2018-12-06","purchased_purges":1,"victory":false,"max_hp_per_floor":[75,75,75,75,75,75,75,75,75,85,85,85,85,85,85,85,85,88,91,94,98],"card_choices":[{"not_picked":["Sword Boomerang","Rupture"],"picked":"Shrug It Off","floor":1.0},{"not_picked":["Clothesline","Ghostly Armor"],"picked":"Thunderclap","floor":3.0},{"not_picked":["Battle Trance","Second Wind"],"picked":"Inflame","floor":6.0},{"not_picked":["Rupture","Power Through","Combust"],"picked":"SKIP","floor":8.0},{"not_picked":["Wild Strike","Dual Wield"],"picked":"Battle Trance","floor":10.0},{"not_picked":["Headbutt","Rupture"],"picked":"Body Slam","floor":12.0},{"not_picked":["Fiend Fire","Exhume"],"picked":"Feed","floor":16},{"not_picked":["Heavy Blade","Seeing Red"],"picked":"Sentinel","floor":18},{"not_picked":["Thunderclap","Headbutt"],"picked":"Anger","floor":19},{"not_picked":["Warcry","Shockwave"],"picked":"Armaments+1","floor":20}],"player_experience":601156,"relics_obtained":[{"floor":6.0,"key":"Ancient Tea Set"},{"floor":9.0,"key":"Regal Pillow"},{"floor":10.0,"key":"Pear"},{"floor":12.0,"key":"Meat on the Bone"},{"floor":19,"key":"Red Mask"}],"event_choices":[{"damage_healed":0.0,"max_hp_gain":0.0,"max_hp_loss":0.0,"gold_gain":0.0,"event_name":"Big Fish","player_choice":"Box","floor":2.0,"gold_loss":0.0,"damage_taken":0.0,"relics_obtained":["PreservedInsect"],"cards_obtained":["Regret"]},{"damage_healed":0.0,"max_hp_gain":0.0,"max_hp_loss":0.0,"gold_gain":0.0,"event_name":"Shining Light","player_choice":"Entered Light","floor":5.0,"gold_loss":0.0,"damage_taken":23.0,"cards_upgraded":["Strike_R","Defend_R"]},{"damage_healed":0.0,"max_hp_gain":0.0,"max_hp_loss":0.0,"gold_gain":0.0,"cards_transformed":["Defend_R"],"event_name":"Transmorgrifier","player_choice":"Transformed","floor":7.0,"gold_loss":0.0,"damage_taken":0.0,"cards_obtained":["Sever Soul"]},{"damage_healed":0.0,"max_hp_gain":0.0,"max_hp_loss":0.0,"gold_gain":54.0,"event_name":"Golden Wing","player_choice":"Gained Gold","floor":14.0,"gold_loss":0.0,"damage_taken":0.0},{"damage_healed":0,"gold_gain":0,"player_choice":"Fought Bandits","damage_taken":0,"max_hp_gain":0,"max_hp_loss":0,"event_name":"Masked Bandits","floor":19,"gold_loss":0}],"is_beta":false,"boss_relics":[{"not_picked":["Coffee Dripper","Black Blood"],"picked":"Astrolabe"}],"items_purged_floors":[4],"is_endless":false,"potions_floor_spawned":[8,10,19],"killed_by":"Shelled Parasite and Fungi","ascension_level":20}