{"gold_per_floor":[117,117,192,211,211,211,250,250,304,328,344,344,360,423,423,516,516,541,290,290,338,357,357,371,394,394,195,213,233,256,276,276,375,375,395,409,162,162,186,186,186,220,247,265,265,0,0,16,16,16],"floor_reached":51,"playtime":4519,"items_purged":["Defend_B"],"score":1523,"play_id":"735c0613-ab2d-4e08-b30f-31114cd5fe47","local_time":"20190123164239","is_ascension_mode":true,"campfire_choices":[{"data":"Defragment","floor":6.0,"key":"SMITH"},{"data":"Streamline","floor":12.0,"key":"SMITH"},{"floor":15.0,"key":"REST"},{"data":"Glacier","floor":23.0,"key":"SMITH"},{"floor":32.0,"key":"REST"},{"floor":40.0,"key":"REST"},{"floor":45,"key":"REST"},{"floor":47,"key":"REST"},{"floor":49,"key":"REST"}],"neow_cost":"NONE","seed_source_timestamp":602106237387880,"circlet_count":0,"master_deck":["AscendersBane","Strike_B+1","Defend_B","Defend_B","Zap","Dualcast","White Noise","Defragment+1","Ball Lightning","Cold Snap","Streamline+1","Biased Cognition","Capacitor","Rainbow+1","Force Field+1","Amplify+1","Rip and Tear+1","Hologram","Glacier+1","Writhe","Reinforced Body+1","Go for the Eyes","Ball Lightning","Buffer","Auto Shields+1","Defragment","Ball Lightning+1","Biased Cognition","Stack","Conserve Battery","Leap+1","Hologram","Go for the Eyes"],"special_seed":0,"relics":["Cracked Core","NeowsBlessing","Golden Idol","Whetstone","GremlinMask","DataDisk","Vajra","Astrolabe","Bag of Preparation","FossilizedHelix","Strawberry","Bottled Lightning","Fusion Hammer","War Paint","Orichalcum","Ancient Tea Set","Red Mask"],"potions_floor_usage":[50],"damage_taken":[{"damage":0.0,"enemies":"Cultist","floor":1.0,"turns":1.0},{"damage":0.0,"enemies":"2 Louse","floor":4.0,"turns":1.0},{"damage":0.0,"enemies":"Lagavulin","floor":7.0,"turns":1.0},{"damage":2.0,"enemies":"Jaw Worm","floor":10.0,"turns":3.0},{"damage":7.0,"enemies":"2 Fungi Beasts","floor":11.0,"turns":3.0},{"damage":24.0,"enemies":"Lots of Slimes","floor":13.0,"turns":4.0},{"damage":8.0,"enemies":"Gremlin Nob","floor":14.0,"turns":3.0},{"damage":0.0,"enemies":"Slime Boss","floor":16.0,"turns":4.0},{"damage":18.0,"enemies":"3 Byrds","floor":18.0,"turns":6.0},{"damage":0.0,"enemies":"Spheric Guardian","floor":22.0,"turns":3.0},{"damage":12.0,"enemies":"Snake Plant","floor":24.0,"turns":5.0},{"damage":3.0,"enemies":"Cultist and Chosen","floor":25.0,"turns":4.0},{"damage":0.0,"enemies":"Snecko","floor":28.0,"turns":6.0},{"damage":6.0,"enemies":"3 Cultists","floor":29.0,"turns":3.0},{"damage":0.0,"enemies":"Snake Plant","floor":30.0,"turns":4.0},{"damage":2.0,"enemies":"Sentry and Sphere","floor":31.0,"turns":5.0},{"damage":2.0,"enemies":"Champ","floor":33.0,"turns":15.0},{"damage":0.0,"enemies":"3 Shapes","floor":35.0,"turns":6.0},{"damage":0.0,"enemies":"Orb Walker","floor":36.0,"turns":4.0},{"damage":37.0,"enemies":"Transient","floor":39.0,"turns":6.0},{"damage":0,"enemies":"Nemesis","floor":42,"turns":9},{"damage":36,"enemies":"Jaw Worm Horde","floor":44,"turns":4},{"damage":22,"enemies":"3 Darklings","floor":48,"turns":5},{"damage":0,"enemies":"Time Eater","floor":50,"turns":15}],"seed_played":"-6609210602020609121","potions_obtained":[{"floor":1.0,"key":"Energy Potion"},{"floor":7.0,"key":"SteroidPotion"},{"floor":14.0,"key":"Block Potion"},{"floor":18.0,"key":"GamblersBrew"},{"floor":28.0,"key":"SkillPotion"},{"floor":29.0,"key":"PowerPotion"},{"floor":31.0,"key":"Weak Potion"},{"floor":33.0,"key":"FocusPotion"},{"floor":36.0,"key":"SteroidPotion"}],"is_trial":false,"path_per_floor":["?","?","M","?","M","?","?","T","M","?","?","M","?"],"character_chosen":"DEFECT","items_purchased":["Glacier","Bag of Preparation","Buffer","Auto Shields","War Paint"],"campfire_rested":6,"item_purchase_floors":[19,19,27,27,37],"current_hp_per_floor":[64,64,53,53,53,53,53,53,53,51,44,44,20,12,31,31,56,38,38,38,45,45,45,33,30,30,30,30,24,24,22,43,41,64,64,64,64,64,27,48,71,71,71,35,56,56,71,49,70,70],"gold":16,"neow_bonus":"THREE_ENEMY_KILL","is_prod":false,"is_daily":false,"chose_seed":false,"campfire_upgraded":3,"win_rate":0,"timestamp":1548290559,"path_taken":["M","?","?","?","$","R","E","?","T","?","M","R","M","?","R","BOSS","M","$","?","?","M","R","M","M","T","$","M","M","?","M","R","BOSS","M","M","$","?","M","R","?","E","T","?","R","?","R","M","R","BOSS"],"build_version":"2019-01-23","purchased_purges":1,"victory":true,"max_hp_per_floor":[71,64,64,64,64,64,64,64,64,64,64,64,64,64,64,64,64,64,64,64,71,71,71,71,71,71,71,71,71,71,71,71,71,71,71,71,71,71,71,71,71,71,71,71,71,71,71,71,71,71],"card_choices":[{"not_picked":["Steam Power","Redo"],"picked":"White Noise","floor":1.0},{"not_picked":["Conserve Battery","Rip and Tear"],"picked":"Defragment","floor":4.0},{"not_picked":["Conserve Battery","Hologram"],"picked":"Ball Lightning","floor":7.0},{"not_picked":["Darkness","Static Discharge"],"picked":"Cold Snap","floor":10.0},{"not_picked":["Darkness","Go for the Eyes"],"picked":"Streamline","floor":11.0},{"not_picked":["Force Field","Turbo"],"picked":"Biased Cognition","floor":13.0},{"not_picked":["Turbo","Compile Driver"],"picked":"Capacitor","floor":14.0},{"not_picked":["Multi-Cast","Reboot"],"picked":"Rainbow","floor":16.0},{"not_picked":["Sunder","Streamline"],"picked":"Hologram","floor":18.0},{"not_picked":["Force Field","Cold Snap"],"picked":"Reinforced Body+1","floor":22.0},{"not_picked":["Turbo","Streamline"],"picked":"Go for the Eyes","floor":24.0},{"not_picked":["Doom and Gloom","Turbo"],"picked":"Ball Lightning","floor":25.0},{"not_picked":["Thunder Strike","Gash","Hologram"],"picked":"SKIP","floor":28.0},{"not_picked":["Turbo","Aggregate"],"picked":"Defragment","floor":29.0},{"not_picked":["Reprogram","Beam Cell","Rip and Tear"],"picked":"SKIP","floor":30.0},{"not_picked":["Darkness","Barrage"],"picked":"Ball Lightning+1","floor":31.0},{"not_picked":["Meteor Strike","Hyperbeam"],"picked":"Biased Cognition","floor":33.0},{"not_picked":["Barrage","Leap+1"],"picked":"Stack","floor":35.0},{"not_picked":["Ball Lightning+1","Tempest"],"picked":"Conserve Battery","floor":36.0},{"not_picked":["Rebound+1","Reboot"],"picked":"Leap+1","floor":39.0},{"not_picked":["Compile Driver","Hello World+1"],"picked":"Hologram","floor":42},{"not_picked":["Sunder","Barrage","Cold Snap"],"picked":"SKIP","floor":44},{"not_picked":["Melter","Steam"],"picked":"Go for the Eyes","floor":48}],"player_experience":1734818,"relics_obtained":[{"floor":7.0,"key":"Whetstone"},{"floor":9.0,"key":"DataDisk"},{"floor":14.0,"key":"Vajra"},{"floor":21.0,"key":"Strawberry"},{"floor":26.0,"key":"Bottled Lightning"},{"floor":42,"key":"Orichalcum"},{"floor":43,"key":"Ancient Tea Set"}],"event_choices":[{"damage_healed":0.0,"max_hp_gain":0.0,"max_hp_loss":7.0,"gold_gain":0.0,"event_name":"Golden Idol","player_choice":"Lose Max HP","floor":2.0,"gold_loss":0.0,"damage_taken":0.0,"relics_obtained":["Golden Idol"]},{"damage_healed":0.0,"max_hp_gain":0.0,"max_hp_loss":0.0,"gold_gain":75.0,"event_name":"World of Goop","player_choice":"Gather Gold","floor":3.0,"gold_loss":0.0,"damage_taken":11.0},{"damage_healed":0.0,"max_hp_gain":0.0,"max_hp_loss":0.0,"gold_gain":0.0,"event_name":"FaceTrader","player_choice":"Trade","floor":8.0,"gold_loss":0.0,"damage_taken":0.0,"relics_obtained":["GremlinMask"]},{"damage_healed":0.0,"max_hp_gain":0.0,"max_hp_loss":0.0,"gold_gain":30.0,"event_name":"Dead Adventurer","player_choice":"Searched \u00272\u0027 times","floor":14.0,"gold_loss":0.0,"damage_taken":0.0},{"damage_healed":0.0,"max_hp_gain":0.0,"max_hp_loss":0.0,"gold_gain":0.0,"event_name":"The Mausoleum","player_choice":"Opened","floor":20.0,"gold_loss":0.0,"damage_taken":0.0,"relics_obtained":["FossilizedHelix"],"cards_obtained":["Writhe"]},{"cards_removed":["Strike_B"],"damage_healed":0.0,"max_hp_gain":0.0,"max_hp_loss":0.0,"gold_gain":0.0,"event_name":"Falling","player_choice":"Removed Attack","floor":38.0,"gold_loss":0.0,"damage_taken":0.0},{"damage_healed":23.0,"max_hp_gain":0.0,"max_hp_loss":0.0,"gold_gain":0.0,"event_name":"Wheel of Change","player_choice":"Full Heal","floor":41.0,"gold_loss":0.0,"damage_taken":0.0},{"damage_healed":0,"gold_gain":0,"player_choice":"Paid","damage_taken":0,"relics_obtained":["Red Mask"],"max_hp_gain":0,"max_hp_loss":0,"event_name":"Tomb of Lord Red Mask","floor":46,"gold_loss":265}],"is_beta":false,"boss_relics":[{"not_picked":["Runic Dome","Coffee Dripper"],"picked":"Astrolabe"},{"not_picked":["Velvet Choker","Cursed Key"],"picked":"Fusion Hammer"}],"items_purged_floors":[37],"is_endless":false,"potions_floor_spawned":[1,7,14,18,28,29,31,33,36],"ascension_level":19}