{"gold_per_floor":[111,111,121,134,134,162,172,190,190,190,89,100,126,201,201,306,306,322,342,392,405,405,405,18,18,18,18,29,59,59,74,74,170,170,183,183,202,213,17,17,33,33,33,33,64,82,82,92,92,92],"floor_reached":50,"playtime":3099,"items_purged":[],"score":519,"play_id":"ea6f72db-5da3-42b9-9e66-562f7ab9f328","local_time":"20181123052911","is_ascension_mode":false,"campfire_choices":[{"floor":10,"key":"REST"},{"floor":15,"key":"REST"},{"floor":23,"key":"REST"},{"floor":25,"key":"REST"},{"data":"Bouncing Flask","floor":27,"key":"SMITH"},{"floor":32,"key":"REST"},{"floor":40,"key":"REST"},{"floor":42,"key":"REST"},{"floor":49,"key":"REST"}],"neow_cost":"NONE","seed_source_timestamp":114235087430955,"circlet_count":0,"master_deck":["Defend_G","Defend_G","Defend_G","Defend_G","Defend_G","Strike_G","Strike_G","Strike_G","Strike_G","Strike_G","Survivor","Neutralize","Crippling Poison+1","Dagger Spray","Dodge and Roll","Deadly Poison","Predator","Masterful Stab","Well Laid Plans","Bouncing Flask+1","Dagger Spray+1","Deflect","All Out Attack+1","Corpse Explosion","Dagger Throw+1","Deadly Poison","Noxious Fumes","Doubt","Backflip+1","All Out Attack+1","After Image","Phantasmal Killer","Bouncing Flask+1","Bane+1","Noxious Fumes","Endless Agony+1","Sucker Punch+1","Poisoned Stab+1","Quick Slash+1","Blur+1","Slice+1","Clumsy","Madness","Madness","All Out Attack+1","Parasite","Noxious Fumes+1","Enlightenment+1","Deadly Poison+1"],"relics":["Ring of the Snake","Mercury Hourglass","Molten Egg 2","Odd Mushroom","Cursed Key","Gremlin Horn","Bag of Preparation","Darkstone Periapt","Matryoshka","MutagenicStrength","Orrery","CultistMask","Sling","PreservedInsect","Bottled Tornado","Toxic Egg 2"],"potions_floor_usage":[16,33,46,48,48],"damage_taken":[{"damage":1,"enemies":"Cultist","floor":1,"turns":5},{"damage":5,"enemies":"2 Louse","floor":3,"turns":2},{"damage":6,"enemies":"Small Slimes","floor":4,"turns":4},{"damage":11,"enemies":"Gremlin Nob","floor":6,"turns":5},{"damage":0,"enemies":"3 Louse","floor":7,"turns":3},{"damage":0,"enemies":"Lots of Slimes","floor":8,"turns":2},{"damage":1,"enemies":"Exordium Wildlife","floor":12,"turns":3},{"damage":4,"enemies":"The Mushroom Lair","floor":13,"turns":3},{"damage":53,"enemies":"The Guardian","floor":16,"turns":8},{"damage":5,"enemies":"3 Byrds","floor":18,"turns":2},{"damage":18,"enemies":"Shell Parasite","floor":19,"turns":4},{"damage":3,"enemies":"Chosen and Byrds","floor":21,"turns":5},{"damage":12,"enemies":"Centurion and Healer","floor":28,"turns":2},{"damage":34,"enemies":"Book of Stabbing","floor":29,"turns":6},{"damage":15,"enemies":"Snake Plant","floor":31,"turns":3},{"damage":29,"enemies":"Automaton","floor":33,"turns":9},{"damage":18,"enemies":"Orb Walker","floor":35,"turns":3},{"damage":10,"enemies":"3 Shapes","floor":37,"turns":3},{"damage":19,"enemies":"Sphere and 2 Shapes","floor":38,"turns":4},{"damage":0,"enemies":"Jaw Worm Horde","floor":41,"turns":1},{"damage":23,"enemies":"Reptomancer","floor":45,"turns":4},{"damage":36,"enemies":"Writhing Mass","floor":46,"turns":4},{"damage":0,"enemies":"Transient","floor":48,"turns":5},{"damage":33,"enemies":"Donu and Deca","floor":50,"turns":4}],"seed_played":"7128110001308551243","potions_obtained":[{"floor":3,"key":"Block Potion"},{"floor":4,"key":"Explosive Potion"},{"floor":6,"key":"SpeedPotion"},{"floor":19,"key":"Explosive Potion"},{"floor":35,"key":"Poison Potion"}],"is_trial":false,"path_per_floor":["M","?","M","M","?","E","M","M","T","R","$","M","?","?","R","B",null,"M","M","?","M","?","R","$","R","T","R","M","E","?","M","R","B",null,"M","?","M","M","$","R","M","R","T","?","E","M","?","M","R","B"],"character_chosen":"THE_SILENT","items_purchased":["Bouncing Flask","Dagger Spray+1","Gremlin Horn","Bag of Preparation","Sling"],"campfire_rested":8,"item_purchase_floors":[11,11,24,24,39],"current_hp_per_floor":[69,69,64,58,58,47,47,47,47,68,68,67,63,52,70,17,70,65,47,47,44,28,49,49,70,70,70,58,24,24,9,30,1,70,52,52,42,23,23,44,44,65,71,61,38,8,8,8,32,0],"gold":92,"neow_bonus":"THREE_CARDS","is_prod":false,"is_daily":false,"chose_seed":false,"campfire_upgraded":1,"win_rate":0.0,"timestamp":1542968951,"path_taken":["M","?","M","M","?","E","M","M","T","R","$","M","?","?","R","BOSS","M","M","?","?","?","R","?","R","T","R","M","E","?","M","R","BOSS","M","?","M","?","$","R","M","R","T","?","E","M","?","M","R","BOSS"],"build_version":"2018-11-15","purchased_purges":0,"victory":false,"max_hp_per_floor":[70,70,70,70,70,70,70,70,70,70,70,70,70,70,70,70,70,70,70,70,70,70,70,70,70,70,70,70,70,70,70,70,70,70,70,70,70,70,70,70,70,70,76,76,76,82,82,82,82,82],"card_choices":[{"not_picked":["Distraction","Outmaneuver"],"picked":"Crippling Poison","floor":0},{"not_picked":["Outmaneuver","Footwork"],"picked":"Dagger Spray","floor":1},{"not_picked":["Backstab","Sucker Punch"],"picked":"Dodge and Roll","floor":3},{"not_picked":["Endless Agony","Backflip"],"picked":"Deadly Poison","floor":4},{"not_picked":["Tools of the Trade","Prepared"],"picked":"Predator","floor":6},{"not_picked":["Caltrops","PiercingWail"],"picked":"Masterful Stab","floor":7},{"not_picked":["Expertise","Finisher"],"picked":"Well Laid Plans","floor":8},{"not_picked":["Eviscerate+1","Tactician"],"picked":"Deflect","floor":12},{"not_picked":["Slice+1","Malaise"],"picked":"All Out Attack+1","floor":13},{"not_picked":["Die Die Die+1","Glass Knife+1"],"picked":"Corpse Explosion","floor":16},{"not_picked":["Masterful Stab+1","Acrobatics+1"],"picked":"Dagger Throw+1","floor":18},{"not_picked":["Heel Hook+1","Cloak And Dagger+1"],"picked":"Deadly Poison","floor":19},{"not_picked":["Poisoned Stab+1","Dash+1"],"picked":"Noxious Fumes","floor":21},{"not_picked":["Outmaneuver","Dagger Spray+1"],"picked":"Backflip+1","floor":28},{"not_picked":["Well Laid Plans","Footwork"],"picked":"All Out Attack+1","floor":29},{"not_picked":["Deadly Poison","Skewer+1"],"picked":"After Image","floor":31},{"not_picked":["Unload+1","Doppelganger"],"picked":"Phantasmal Killer","floor":33},{"not_picked":["Crippling Poison","Infinite Blades+1"],"picked":"Bouncing Flask+1","floor":34},{"not_picked":["Dagger Spray+1","Escape Plan+1"],"picked":"Bane+1","floor":34},{"not_picked":["Slice+1","Blade Dance"],"picked":"Noxious Fumes","floor":34},{"not_picked":["Bane+1","Cloak And Dagger+1"],"picked":"Endless Agony+1","floor":34},{"not_picked":["Prepared","Eviscerate+1"],"picked":"Sucker Punch+1","floor":34},{"not_picked":["Outmaneuver","Noxious Fumes"],"picked":"Poisoned Stab+1","floor":35},{"not_picked":["Backflip+1","Choke+1"],"picked":"Quick Slash+1","floor":37},{"not_picked":["Bane+1","Poisoned Stab+1"],"picked":"Blur+1","floor":38},{"not_picked":["Phantasmal Killer","Choke+1"],"picked":"Slice+1","floor":41},{"not_picked":["Bane+1","Backstab+1"],"picked":"All Out Attack+1","floor":45},{"not_picked":["Underhanded Strike+1","Deflect+1"],"picked":"Noxious Fumes+1","floor":46},{"not_picked":["Swift Strike+1","Chrysalis+1"],"picked":"Enlightenment+1","floor":47},{"not_picked":["Flying Knee+1","Dodge and Roll+1"],"picked":"Deadly Poison+1","floor":48}],"player_experience":34914,"relics_obtained":[{"floor":6,"key":"Mercury Hourglass"},{"floor":9,"key":"Molten Egg 2"},{"floor":13,"key":"Odd Mushroom"},{"floor":26,"key":"Darkstone Periapt"},{"floor":29,"key":"Matryoshka"},{"floor":43,"key":"PreservedInsect"},{"floor":43,"key":"Bottled Tornado"},{"floor":45,"key":"Toxic Egg 2"}],"event_choices":[{"damage_healed":0,"gold_gain":0,"player_choice":"Ignored","damage_taken":0,"max_hp_gain":0,"max_hp_loss":0,"event_name":"Liars Game","floor":2,"gold_loss":0},{"damage_healed":0,"gold_gain":0,"player_choice":"Grow","damage_taken":0,"max_hp_gain":0,"max_hp_loss":0,"event_name":"Living Wall","floor":5,"gold_loss":0,"cards_upgraded":["Crippling Poison"]},{"damage_healed":0,"gold_gain":0,"player_choice":"Fought Mushrooms","damage_taken":0,"max_hp_gain":0,"max_hp_loss":0,"event_name":"Mushrooms","floor":13,"gold_loss":0},{"damage_healed":0,"gold_gain":75,"player_choice":"Gather Gold","damage_taken":11,"max_hp_gain":0,"max_hp_loss":0,"event_name":"World of Goop","floor":14,"gold_loss":0},{"damage_healed":0,"gold_gain":100,"player_choice":"Bet on Murderer","damage_taken":0,"max_hp_gain":0,"max_hp_loss":0,"event_name":"The Joust","floor":20,"gold_loss":50},{"damage_healed":0,"gold_gain":0,"player_choice":"Obtained Book","damage_taken":16,"max_hp_gain":0,"max_hp_loss":0,"event_name":"Cursed Tome","floor":22,"gold_loss":0},{"damage_healed":0,"gold_gain":0,"player_choice":"Inject Mutagens","damage_taken":0,"relics_obtained":["MutagenicStrength"],"max_hp_gain":0,"max_hp_loss":0,"event_name":"Drug Dealer","floor":30,"gold_loss":0},{"damage_healed":0,"gold_gain":0,"player_choice":"Trade","damage_taken":0,"relics_obtained":["CultistMask"],"max_hp_gain":0,"max_hp_loss":0,"event_name":"FaceTrader","floor":36,"gold_loss":0},{"damage_healed":0,"gold_gain":0,"player_choice":"Embrace Madness","damage_taken":10,"max_hp_gain":0,"max_hp_loss":0,"event_name":"Winding Halls","floor":44,"gold_loss":0,"cards_obtained":["Madness","Madness"]},{"damage_healed":0,"gold_gain":0,"player_choice":"Memory 1","damage_taken":0,"max_hp_gain":0,"max_hp_loss":0,"event_name":"SensoryStone","floor":47,"gold_loss":0}],"is_beta":false,"boss_relics":[{"not_picked":["Runic Pyramid","Empty Cage"],"picked":"Cursed Key"},{"not_picked":["Velvet Choker","Eternal Feather"],"picked":"Orrery"}],"items_purged_floors":[],"is_endless":false,"potions_floor_spawned":[3,4,6,12,13,19,28,29,35,38,45,48],"killed_by":"Donu and Deca","ascension_level":0}