{"gold_per_floor":[119,69,69,119,95,120,133,158,158,174,174,193,220,220],"floor_reached":14,"playtime":631,"items_purged":[],"score":124,"play_id":"8c57c8fa-8c8d-475d-a69b-e4ec5051ba01","local_time":"20180901215924","is_ascension_mode":true,"campfire_choices":[{"floor":11,"key":"REST"}],"neow_cost":"NONE","seed_source_timestamp":1483191946143718,"circlet_count":0,"master_deck":["Strike_B","Strike_B","Strike_B","Defend_B","Defend_B","Defend_B","Defend_B","Zap","Dualcast+1","Gash+1","Doom and Gloom","Go for the Eyes","Lockon","Sunder","Reprogram","Compile Driver","Consume"],"relics":["White Beast Statue","SsserpentHead","Matryoshka","Mummified Hand","Happy Flower","Bottled Lightning","Regal Pillow"],"potions_floor_usage":[8,13,13,14],"damage_taken":[{"damage":3,"enemies":"Small Slimes","floor":1,"turns":4},{"damage":20,"enemies":"3 Sentries","floor":6,"turns":6},{"damage":6,"enemies":"Jaw Worm","floor":7,"turns":4},{"damage":30,"enemies":"Lagavulin","floor":8,"turns":6},{"damage":0,"enemies":"Cultist","floor":10,"turns":3},{"damage":9,"enemies":"Red Slaver","floor":12,"turns":2},{"damage":12,"enemies":"Gremlin Nob","floor":13,"turns":3},{"damage":2,"enemies":"3 Louse","floor":14,"turns":1}],"seed_played":"-1116957399887072337","potions_obtained":[{"floor":1,"key":"AttackPotion"},{"floor":6,"key":"LiquidBronze"},{"floor":7,"key":"Ancient Potion"},{"floor":8,"key":"SteroidPotion"},{"floor":10,"key":"FearPotion"},{"floor":13,"key":"EssenceOfSteel"}],"is_trial":false,"path_per_floor":["M","?","?","?","$","E","M","E","T","M","R","M","E"],"character_chosen":"DEFECT","items_purchased":["Doom and Gloom"],"campfire_rested":1,"item_purchase_floors":[5],"current_hp_per_floor":[72,72,72,57,57,37,31,1,1,1,23,14,2,0],"gold":220,"neow_bonus":"BOSS_RELIC","is_prod":false,"is_daily":false,"chose_seed":false,"campfire_upgraded":0,"win_rate":0,"timestamp":1535857164,"path_taken":["M","?","?","?","?","E","M","E","T","M","R","M","E","M"],"build_version":"2018-08-30","purchased_purges":0,"victory":false,"max_hp_per_floor":[75,75,75,75,75,75,75,75,75,75,75,75,75,75],"card_choices":[{"not_picked":["Coolheaded","Reprogram"],"picked":"Gash","floor":1},{"not_picked":["Aggregate","Hyperbeam"],"picked":"Go for the Eyes","floor":6},{"not_picked":["Rebound","Stack"],"picked":"Lockon","floor":7},{"not_picked":["Blizzard","Conserve Battery"],"picked":"Sunder","floor":8},{"not_picked":["Sweeping Beam","Hologram"],"picked":"Reprogram","floor":10},{"not_picked":["Cold Snap","Redo"],"picked":"Compile Driver","floor":12},{"not_picked":["Double Energy","Self Repair"],"picked":"Consume","floor":13}],"player_experience":276374,"relics_obtained":[{"floor":6,"key":"Matryoshka"},{"floor":8,"key":"Mummified Hand"},{"floor":9,"key":"Happy Flower"},{"floor":9,"key":"Bottled Lightning"},{"floor":13,"key":"Regal Pillow"}],"event_choices":[{"event_name":"The Cleric","player_choice":"Card Removal","floor":2,"damage_taken":0},{"event_name":"FaceTrader","player_choice":"Trade","floor":3,"damage_taken":0},{"event_name":"Shining Light","player_choice":"Entered Light","floor":4,"damage_taken":0}],"is_beta":false,"boss_relics":[],"items_purged_floors":[],"is_endless":false,"potions_floor_spawned":[1,6,7,8,10,12,13],"killed_by":"3 Louse","ascension_level":3}