{"path_per_floor":["M","?","$","M","?","E","M","E","T","M","E","M","R","?","R","B",null,"M","?","$","M","M","E","R","E","T","$","?","M","R","E","R","B",null,"M","?","?","M","?","R","M","R","T","$","?","$","E","M","R"],"character_chosen":"IRONCLAD","items_purchased":["Perfected Strike","Perfected Strike","Apotheosis","Happy Flower","Girya","Bag of Marbles","Heavy Blade"],"gold_per_floor":[113,113,60,79,79,105,116,143,190,207,236,251,251,326,326,431,431,445,445,199,210,225,254,254,284,584,131,131,142,142,172,172,270,270,283,283,283,301,301,301,311,311,311,167,167,38,70,80,80,80],"floor_reached":50,"campfire_rested":0,"playtime":2628,"current_hp_per_floor":[75,59,59,55,55,34,52,34,34,54,51,55,55,44,44,42,80,80,80,80,77,63,38,38,43,43,43,43,38,38,53,53,49,84,72,61,56,55,55,67,84,84,84,84,84,84,84,78,84,0],"items_purged":["Defend_R"],"gold":80,"score":706,"play_id":"4f27c0da-1a46-42cf-8655-9b08582d0fe8","local_time":"20180402220657","is_prod":false,"is_daily":false,"is_ascension_mode":true,"campfire_upgraded":5,"timestamp":1522724817,"path_taken":["M","?","$","?","?","E","M","E","T","?","E","M","R","?","R","BOSS","M","?","$","?","M","E","R","E","T","$","?","M","R","E","R","BOSS","M","?","?","?","?","R","M","R","T","?","?","$","E","M","R","BOSS"],"build_version":"2018-03-29v2","purchased_purges":2,"victory":false,"master_deck":["Defend_R","Defend_R","Bash+1","Sentinel","Perfected Strike+1","Perfected Strike+1","Warcry","Inflame","Perfected Strike+1","Berserk","Pommel Strike","Inflame","Exhume","Pommel Strike+1","Bite","Bite","Bite","Bite","Bite","Perfected Strike+1","Apotheosis+1","Clothesline+1","Pommel Strike+1","Whirlwind+1","Metallicize+1","Reaper","Pommel Strike+1","Madness","Madness","Trip+1","Bandage Up","Pommel Strike","Whirlwind+1","Heavy Blade+1","Inflame","Perfected Strike+1"],"max_hp_per_floor":[80,80,80,80,80,80,80,80,80,80,80,80,80,80,80,80,80,80,80,80,80,80,80,80,82,82,82,82,82,82,84,84,84,84,84,84,84,84,84,84,84,84,84,84,84,84,84,84,84,84],"relics":["Burning Blood","Meat on the Bone","Paper Frog","Oddly Smooth Stone","Mark of Pain","Bird Faced Urn","Singing Bowl","Old Coin","Happy Flower","Girya","Pen Nib","Eternal Feather","Vajra","Bag of Marbles","Molten Egg 2"],"card_choices":[{"not_picked":["Rupture","Evolve"],"picked":"Sentinel","floor":0},{"not_picked":["Anger","Fire Breathing"],"picked":"Perfected Strike","floor":1},{"not_picked":["Havoc","Rupture"],"picked":"Warcry","floor":4},{"not_picked":["Cleave","Reckless Charge"],"picked":"Inflame","floor":6},{"not_picked":["Body Slam","Pommel Strike"],"picked":"Perfected Strike","floor":7},{"not_picked":["Inflame","Entrench"],"picked":"Berserk","floor":8},{"not_picked":["Flame Barrier","Perfected Strike"],"picked":"Pommel Strike","floor":10},{"not_picked":["Twin Strike","Sword Boomerang"],"picked":"Inflame","floor":11},{"not_picked":["Immolate","Dark Embrace"],"picked":"Exhume","floor":16},{"not_picked":["Infernal Blade","Bloodletting"],"picked":"Pommel Strike","floor":18},{"not_picked":["Armaments","Dual Wield"],"picked":"Clothesline","floor":21},{"not_picked":["Armaments","Iron Wave"],"picked":"Pommel Strike","floor":22},{"not_picked":["Ghostly Armor","Brutality"],"picked":"Whirlwind","floor":23},{"not_picked":["Thunderclap","Reckless Charge"],"picked":"Metallicize","floor":29},{"not_picked":["Exhume","Bludgeon"],"picked":"Reaper","floor":33},{"not_picked":["Searing Blow","Fire Breathing"],"picked":"Pommel Strike","floor":35},{"not_picked":["Finesse","Dark Shackles"],"picked":"Trip","floor":37},{"not_picked":["Sadistic Nature","Panacea"],"picked":"Bandage Up","floor":37},{"not_picked":["Dual Wield","Ghostly Armor"],"picked":"Pommel Strike","floor":38},{"not_picked":["Cleave","Inflame"],"picked":"Whirlwind","floor":41},{"not_picked":["Clash","Impervious"],"picked":"Inflame","floor":47},{"not_picked":["Wild Strike","Clothesline"],"picked":"Perfected Strike","floor":48}],"player_experience":118065,"potions_floor_usage":[16,16,18,25,29,31,31,33,50,50,50],"damage_taken":[{"damage":11,"enemies":"2 Louse","floor":1,"turns":4},{"damage":10,"enemies":"Small Slimes","floor":4,"turns":3},{"damage":27,"enemies":"Gremlin Nob","floor":6,"turns":4},{"damage":0,"enemies":"Cultist","floor":7,"turns":2},{"damage":36,"enemies":"Lagavulin","floor":8,"turns":4},{"damage":0,"enemies":"Large Slime","floor":10,"turns":4},{"damage":11,"enemies":"3 Sentries","floor":11,"turns":5},{"damage":16,"enemies":"Exordium Thugs","floor":12,"turns":3},{"damage":22,"enemies":"Hexaghost","floor":16,"turns":6},{"damage":5,"enemies":"Spheric Guardian","floor":18,"turns":3},{"damage":12,"enemies":"Chosen","floor":21,"turns":4},{"damage":29,"enemies":"3 Cultists","floor":22,"turns":5},{"damage":49,"enemies":"Slavers","floor":23,"turns":5},{"damage":48,"enemies":"Gremlin Leader","floor":25,"turns":8},{"damage":35,"enemies":"Slaver and Parasite","floor":29,"turns":5},{"damage":27,"enemies":"Book of Stabbing","floor":31,"turns":5},{"damage":45,"enemies":"Collector","floor":33,"turns":8},{"damage":20,"enemies":"3 Shapes","floor":35,"turns":2},{"damage":46,"enemies":"3 Darklings","floor":38,"turns":5},{"damage":8,"enemies":"Maw","floor":41,"turns":5},{"damage":12,"enemies":"Nemesis","floor":47,"turns":3},{"damage":29,"enemies":"Sphere and 2 Shapes","floor":48,"turns":4},{"damage":131,"enemies":"Awakened One","floor":50,"turns":9}],"event_choices":[{"event_name":"Shining Light","player_choice":"Entered Light","floor":2,"damage_taken":0},{"event_name":"Upgrade Shrine","player_choice":"Upgraded","floor":5,"damage_taken":0},{"event_name":"World of Goop","player_choice":"Gather Gold","floor":14,"damage_taken":0},{"event_name":"Vampires","player_choice":"Became a vampire (Vial)","floor":19,"damage_taken":0},{"event_name":"The Lab","player_choice":"Got Potions","floor":28,"damage_taken":0},{"event_name":"Winding Halls","player_choice":"Embrace Madness","floor":36,"damage_taken":0},{"event_name":"SensoryStone","player_choice":"Memory 2","floor":37,"damage_taken":0},{"event_name":"Accursed Blacksmith","player_choice":"Forge","floor":39,"damage_taken":0},{"event_name":"Wheel of Change","player_choice":"Card Removal","floor":45,"damage_taken":0}],"boss_relics":[{"not_picked":["Runic Dome","Snecko Eye"],"picked":"Mark of Pain"},{"not_picked":["Sozu","Astrolabe"],"picked":"Eternal Feather"}],"potions_floor_spawned":[4,7,8,11,18,29,31,33,35,47,48],"seed_played":"7501153304808432695","killed_by":"Awakened One","ascension_level":2,"is_trial":false}