{"gold_per_floor":[115,115,136,53,53,53,94,94,117,117,22,53,78,78,78,206,206,220,240,255,8,8,8,42,66,66,66],"floor_reached":27,"playtime":1005,"items_purged":[],"score":299,"play_id":"2423f4e9-675f-4ecc-8862-2c7987a438ab","local_time":"20190205135100","is_ascension_mode":true,"campfire_choices":[{"data":"Bandage Up","floor":6.0,"key":"SMITH"},{"floor":8.0,"key":"REST"},{"floor":15.0,"key":"REST"},{"data":"Inflame","floor":23,"key":"SMITH"}],"neow_cost":"NONE","seed_source_timestamp":0,"circlet_count":0,"master_deck":["Strike_R","Strike_R+1","Strike_R","Strike_R","Strike_R","Defend_R","Defend_R","Defend_R","Bash","Panacea","Anger+1","Flex","Bandage Up+1","Flex","Bandage Up","Inflame+1","Double Tap","Havoc","Exhume","Cleave","Shrug It Off+1","Infernal Blade","Clothesline"],"special_seed":0,"relics":["Burning Blood","Golden Idol","Question Card","Whetstone","Orichalcum","Runic Cube","Shuriken","Ornamental Fan","Lantern"],"potions_floor_usage":[25,25,27],"damage_taken":[{"damage":7.0,"enemies":"2 Louse","floor":1.0,"turns":3.0},{"damage":0.0,"enemies":"Small Slimes","floor":3.0,"turns":3.0},{"damage":30.0,"enemies":"Lagavulin","floor":7.0,"turns":6.0},{"damage":61.0,"enemies":"Gremlin Nob","floor":12.0,"turns":5.0},{"damage":7.0,"enemies":"Jaw Worm","floor":13.0,"turns":3.0},{"damage":47.0,"enemies":"The Guardian","floor":16.0,"turns":8.0},{"damage":21,"enemies":"Chosen","floor":18,"turns":5},{"damage":21,"enemies":"3 Byrds","floor":19,"turns":5},{"damage":47,"enemies":"Cultist and Chosen","floor":20,"turns":7},{"damage":69,"enemies":"Slavers","floor":24,"turns":6},{"damage":41,"enemies":"Centurion and Healer","floor":25,"turns":6},{"damage":30,"enemies":"Gremlin Leader","floor":27,"turns":2}],"seed_played":"-2772123898272744783","potions_obtained":[{"floor":7.0,"key":"Fruit Juice"},{"floor":20,"key":"SpeedPotion"},{"floor":24,"key":"LiquidBronze"},{"floor":25,"key":"LiquidBronze"}],"is_trial":false,"path_per_floor":["M","?","M","$","?","R","E","R","T","$","$","E","M","?","R","B",null,"M","M","M","$","?","R","E","M","T","E"],"character_chosen":"IRONCLAD","items_purchased":["Bandage Up","Bandage Up","Shuriken"],"campfire_rested":2,"item_purchase_floors":[4,11,21],"current_hp_per_floor":[79,59,65,65,65,65,47,71,71,71,71,30,33,33,58,27,71,66,65,38,38,85,85,32,7,7,0],"gold":66,"neow_bonus":"RANDOM_COLORLESS","is_prod":false,"is_daily":false,"chose_seed":false,"campfire_upgraded":2,"win_rate":0,"timestamp":1549345860,"path_taken":["M","?","M","$","?","R","E","R","T","?","$","E","M","?","R","BOSS","M","M","?","?","?","R","E","?","T","E"],"build_version":"2019-01-23","purchased_purges":0,"victory":false,"max_hp_per_floor":[80,80,80,80,80,80,80,80,80,80,80,85,85,85,85,85,85,85,85,85,85,85,85,85,85,85,85],"card_choices":[{"not_picked":["Battle Trance","Headbutt"],"picked":"Anger","floor":1.0},{"not_picked":["Sword Boomerang","Cleave"],"picked":"Flex","floor":3.0},{"not_picked":["Heavy Blade","Hemokinesis"],"picked":"Flex","floor":7.0},{"not_picked":["Heavy Blade","Iron Wave","Dark Embrace"],"picked":"Inflame","floor":12.0},{"not_picked":["Cleave","Warcry","Armaments"],"picked":"Double Tap","floor":13.0},{"not_picked":["Fiend Fire","Dark Embrace","Offering"],"picked":"Exhume","floor":16.0},{"not_picked":["Iron Wave","Heavy Blade","Headbutt"],"picked":"Cleave","floor":18},{"not_picked":["Headbutt+1","Disarm","Clothesline"],"picked":"Shrug It Off+1","floor":19},{"not_picked":["Shrug It Off","Twin Strike","Warcry"],"picked":"Flame Barrier","floor":20},{"not_picked":["Shockwave","Bloodletting","Pommel Strike"],"picked":"Infernal Blade","floor":24},{"not_picked":["Feel No Pain","Heavy Blade","Body Slam+1"],"picked":"Clothesline","floor":25}],"player_experience":67007,"relics_obtained":[{"floor":7.0,"key":"Question Card"},{"floor":9.0,"key":"Whetstone"},{"floor":12.0,"key":"Orichalcum"},{"floor":24,"key":"Ornamental Fan"},{"floor":26,"key":"Lantern"}],"event_choices":[{"damage_healed":0.0,"max_hp_gain":0.0,"max_hp_loss":0.0,"gold_gain":0.0,"event_name":"Golden Idol","player_choice":"Take Damage","floor":2.0,"gold_loss":0.0,"damage_taken":20.0,"relics_obtained":["Golden Idol"]},{"damage_healed":0.0,"max_hp_gain":0.0,"max_hp_loss":0.0,"gold_gain":0.0,"event_name":"Golden Wing","player_choice":"Ignored","floor":5.0,"gold_loss":0.0,"damage_taken":0.0},{"damage_healed":0.0,"max_hp_gain":0.0,"max_hp_loss":0.0,"gold_gain":0.0,"cards_transformed":["Defend_R"],"event_name":"Transmorgrifier","player_choice":"Transformed","floor":14.0,"gold_loss":0.0,"damage_taken":0.0,"cards_obtained":["Havoc"]},{"cards_removed":["Flame Barrier"],"damage_healed":47,"gold_gain":0,"player_choice":"Offered Uncommon","damage_taken":0,"max_hp_gain":0,"max_hp_loss":0,"event_name":"Bonfire Elementals","floor":22,"gold_loss":0}],"is_beta":false,"boss_relics":[{"not_picked":["Eternal Feather","Velvet Choker"],"picked":"Runic Cube"}],"items_purged_floors":[],"is_endless":false,"potions_floor_spawned":[7,20,24,25],"killed_by":"Gremlin Leader","ascension_level":5}