{"gold_per_floor":[109,109,124,299,299,339,339,357,357,357,392,110,134,154,154,283,283,301,327,327,348,362,396,396,429,429,429,450,85,85,100,100,100],"floor_reached":33,"playtime":1370,"items_purged":["Doubt","Injury"],"score":521,"play_id":"669afacc-5ffb-4b25-b138-7ea6e16415ca","local_time":"20190126173654","is_ascension_mode":true,"campfire_choices":[{"data":"Noxious Fumes","floor":7,"key":"SMITH"},{"data":"Crippling Poison","floor":10,"key":"SMITH"},{"floor":15,"key":"REST"},{"floor":24,"key":"REST"},{"floor":27,"key":"REST"},{"data":"Adrenaline","floor":30,"key":"SMITH"},{"floor":32,"key":"REST"}],"neow_cost":"NONE","seed_source_timestamp":1121206873655376,"circlet_count":0,"master_deck":["AscendersBane","Defend_G","Defend_G","Defend_G","Defend_G","Defend_G","Strike_G","Survivor","Neutralize","Dagger Spray","Noxious Fumes+1","Leg Sweep","Crippling Poison+1","Backstab","Burst","Corpse Explosion","Dagger Spray+1","Setup+1","Dagger Spray+1","Dagger Spray+1","Backstab+1","PiercingWail","Adrenaline+1","Bane"],"relics":["Ring of the Snake","NeowsBlessing","Golden Idol","The Specimen","Gambling Chip","PreservedInsect","ClockworkSouvenir","Astrolabe","Smiling Mask","Bottled Tornado","Blood Vial","Bag of Marbles","Singing Bowl","Ice Cream"],"potions_floor_usage":[23,23],"damage_taken":[{"damage":0,"enemies":"Jaw Worm","floor":1,"turns":1},{"damage":0,"enemies":"2 Louse","floor":3,"turns":1},{"damage":0,"enemies":"3 Sentries","floor":6,"turns":1},{"damage":2,"enemies":"Cultist","floor":8,"turns":5},{"damage":8,"enemies":"Lagavulin","floor":11,"turns":7},{"damage":10,"enemies":"Exordium Thugs","floor":13,"turns":3},{"damage":9,"enemies":"Exordium Wildlife","floor":14,"turns":4},{"damage":15,"enemies":"Hexaghost","floor":16,"turns":11},{"damage":0,"enemies":"3 Byrds","floor":18,"turns":2},{"damage":0,"enemies":"Chosen","floor":21,"turns":5},{"damage":22,"enemies":"Snecko","floor":22,"turns":4},{"damage":24,"enemies":"Book of Stabbing","floor":23,"turns":4},{"damage":25,"enemies":"Gremlin Leader","floor":25,"turns":5},{"damage":8,"enemies":"Centurion and Healer","floor":28,"turns":5},{"damage":10,"enemies":"Shelled Parasite and Fungi","floor":31,"turns":5},{"damage":55,"enemies":"Champ","floor":33,"turns":12}],"seed_played":"6670022599523077103","potions_obtained":[{"floor":3,"key":"SteroidPotion"},{"floor":11,"key":"SpeedPotion"},{"floor":13,"key":"Swift Potion"},{"floor":16,"key":"Poison Potion"},{"floor":31,"key":"Ancient Potion"}],"is_trial":false,"path_per_floor":["M","?","M","?","?","E","R","M","T","R","E","$","M","M","R","B",null,"M","T","T","M","M","E","R","E","T","R","M","$","R","M","R","B"],"character_chosen":"THE_SILENT","items_purchased":["ClockworkSouvenir","Ice Cream"],"campfire_rested":4,"item_purchase_floors":[12,29],"current_hp_per_floor":[63,56,56,56,56,56,56,54,54,54,46,46,36,27,48,33,61,61,61,61,61,39,15,36,13,13,34,30,30,30,24,46,0],"gold":100,"neow_bonus":"THREE_ENEMY_KILL","is_prod":false,"is_daily":false,"chose_seed":false,"campfire_upgraded":3,"win_rate":0,"timestamp":1548545814,"path_taken":["M","?","M","?","?","E","R","M","T","R","E","?","M","M","R","BOSS","M","?","?","M","M","E","R","E","T","R","M","?","R","M","R","BOSS"],"build_version":"2019-01-23","purchased_purges":2,"victory":false,"max_hp_per_floor":[70,70,70,70,70,70,70,70,70,70,70,70,70,70,70,70,70,70,70,70,70,70,70,70,70,70,70,72,72,72,74,74,74],"card_choices":[{"not_picked":["Flechettes","Cloak And Dagger"],"picked":"Dagger Spray","floor":1},{"not_picked":["Escape Plan","Cloak And Dagger"],"picked":"Noxious Fumes","floor":3},{"not_picked":["Predator","Prepared"],"picked":"Leg Sweep","floor":6},{"not_picked":["Dodge and Roll","Acrobatics"],"picked":"Crippling Poison","floor":8},{"not_picked":["Outmaneuver","Cloak And Dagger"],"picked":"Backstab","floor":11},{"not_picked":["Prepared","Acrobatics"],"picked":"Burst","floor":13},{"not_picked":["Choke","Endless Agony","Underhanded Strike"],"picked":"SKIP","floor":14},{"not_picked":["Tools of the Trade","Venomology"],"picked":"Corpse Explosion","floor":16},{"not_picked":["Backstab","Tactician"],"picked":"Dagger Spray+1","floor":18},{"not_picked":["Terror","Blade Dance+1"],"picked":"Backstab+1","floor":21},{"not_picked":["Skewer","Blade Dance"],"picked":"PiercingWail","floor":22},{"not_picked":["Blade Dance","Cloak And Dagger+1"],"picked":"Adrenaline","floor":23},{"not_picked":["Blade Dance+1","Sucker Punch"],"picked":"Bane","floor":25},{"not_picked":["Blade Dance","Eviscerate","Skewer"],"picked":"Singing Bowl","floor":28},{"not_picked":["Dodge and Roll","PiercingWail","Quick Slash+1"],"picked":"Singing Bowl","floor":31}],"player_experience":474034,"relics_obtained":[{"floor":6,"key":"The Specimen"},{"floor":9,"key":"Gambling Chip"},{"floor":11,"key":"PreservedInsect"},{"floor":19,"key":"Smiling Mask"},{"floor":20,"key":"Bottled Tornado"},{"floor":23,"key":"Blood Vial"},{"floor":25,"key":"Bag of Marbles"},{"floor":26,"key":"Singing Bowl"}],"event_choices":[{"cards_removed":["Strike_G"],"damage_healed":0,"gold_gain":0,"player_choice":"Card Removal","damage_taken":7,"max_hp_gain":0,"max_hp_loss":0,"event_name":"Golden Wing","floor":2,"gold_loss":0},{"damage_healed":0,"gold_gain":175,"player_choice":"AGREE","damage_taken":0,"max_hp_gain":0,"max_hp_loss":0,"event_name":"Liars Game","floor":4,"gold_loss":0,"cards_obtained":["Doubt"]},{"damage_healed":0,"gold_gain":0,"player_choice":"Take Wound","damage_taken":0,"relics_obtained":["Golden Idol"],"max_hp_gain":0,"max_hp_loss":0,"event_name":"Golden Idol","floor":5,"gold_loss":0,"cards_obtained":["Injury"]}],"is_beta":false,"boss_relics":[{"not_picked":["Ring of the Serpent","Lizard Tail"],"picked":"Astrolabe"}],"items_purged_floors":[12,29],"is_endless":false,"potions_floor_spawned":[3,11,13,14,16,18,21,31],"killed_by":"Champ","ascension_level":11}