{"path_per_floor":["M","$","?","M","T","R","?","R","T","R","M","M","M","$","R","B",null,"M","?","M","T","M","R","M","R","T","R","M","M","?","M","R"],"character_chosen":"DEFECT","items_purchased":["Flash of Steel"],"gold_per_floor":[112,37,11,26,52,52,52,52,77,77,93,113,126,21,21,144,144,165,165,180,204,225,225,238,238,261,261,281,295,220,244,244,244],"floor_reached":33,"campfire_rested":2,"playtime":1931,"current_hp_per_floor":[72,72,72,72,72,72,69,69,69,69,68,58,55,55,55,13,69,63,63,57,57,35,55,55,55,55,55,44,38,38,38,69,0],"items_purged":["Strike_B"],"gold":244,"score":239,"play_id":"384b5016-a1b3-4980-9cf7-f86521bb77bb","local_time":"20180506020418","is_prod":false,"is_daily":false,"chose_seed":false,"is_ascension_mode":false,"campfire_upgraded":6,"timestamp":1525565058,"path_taken":["M","$","?","M","?","R","?","R","T","R","M","?","M","?","R","BOSS","M","?","M","?","?","R","M","R","T","R","M","M","?","M","R","BOSS"],"build_version":"2018-05-03","seed_source_timestamp":4739485588293,"purchased_purges":1,"victory":false,"master_deck":["Defend_B","Defend_B","Zap+1","Dualcast+1","Lockon","Reprogram+1","Barrage","FTL+1","Coolheaded+1","Capacitor+1","Flash of Steel","Multi-Cast","Buffer+1","Storm+1","Glacier+1","Beam Cell+1","Ball Lightning+1","Impulse+1","Cold Snap","Coolheaded+1","Cold Snap+1"],"max_hp_per_floor":[75,75,75,75,75,75,69,69,69,69,69,69,69,69,69,69,69,69,69,69,69,69,69,69,69,69,69,69,69,69,69,69,69],"relics":["Cracked Core","Omamori","Golden Idol","Lantern","Astrolabe","Anchor","Regal Pillow"],"card_choices":[{"not_picked":["Hologram","Stack"],"picked":"Reprogram","floor":1},{"not_picked":["Blizzard","Stack"],"picked":"Barrage","floor":4},{"not_picked":["Go for the Eyes","Impulse"],"picked":"FTL","floor":11},{"not_picked":["Hologram","Chaos"],"picked":"Coolheaded","floor":12},{"not_picked":["Consume","Go for the Eyes"],"picked":"Capacitor","floor":13},{"not_picked":["Fusion","Thunder Strike"],"picked":"Multi-Cast","floor":16},{"not_picked":["Impulse","Sweeping Beam"],"picked":"Beam Cell","floor":18},{"not_picked":["Impulse","Axe Kick"],"picked":"Ball Lightning","floor":20},{"not_picked":["Steam Power","Hologram"],"picked":"Impulse","floor":22},{"not_picked":["Skim","Gash"],"picked":"Cold Snap","floor":24},{"not_picked":["Stack","Thunder Strike"],"picked":"Coolheaded","floor":28},{"not_picked":["Melter","Auto Shields"],"picked":"Cold Snap","floor":29}],"player_experience":19713,"potions_floor_usage":[],"damage_taken":[{"damage":3,"enemies":"2 Louse","floor":1,"turns":2},{"damage":0,"enemies":"Small Slimes","floor":4,"turns":2},{"damage":1,"enemies":"Jaw Worm","floor":11,"turns":2},{"damage":10,"enemies":"Large Slime","floor":12,"turns":5},{"damage":3,"enemies":"Looter","floor":13,"turns":3},{"damage":42,"enemies":"The Guardian","floor":16,"turns":10},{"damage":6,"enemies":"Spheric Guardian","floor":18,"turns":4},{"damage":6,"enemies":"3 Byrds","floor":20,"turns":5},{"damage":22,"enemies":"Snake Plant","floor":22,"turns":4},{"damage":0,"enemies":"Cultist and Chosen","floor":24,"turns":5},{"damage":11,"enemies":"Snecko","floor":28,"turns":4},{"damage":6,"enemies":"Snake Plant","floor":29,"turns":4},{"damage":0,"enemies":"Centurion and Healer","floor":31,"turns":5},{"damage":91,"enemies":"Automaton","floor":33,"turns":12}],"event_choices":[{"event_name":"World of Goop","player_choice":"Left","floor":3,"damage_taken":0},{"event_name":"Golden Idol","player_choice":"Lose Max HP","floor":7,"damage_taken":0},{"event_name":"Ghosts","player_choice":"Ignored","floor":19,"damage_taken":0},{"event_name":"Beggar","player_choice":"Gave Gold","floor":30,"damage_taken":0}],"boss_relics":[{"not_picked":["Inserter","Tiny House"],"picked":"Astrolabe"}],"potions_floor_spawned":[1,4,11,18,22,28],"seed_played":"3450221760811963728","killed_by":"Automaton","ascension_level":0,"is_trial":false}