{"gold_per_floor":[110,127,127,127,138,138,103,429,429,429,464,476,476,509,509,607,607,625,625,636,735,735,747,759,759],"floor_reached":25,"playtime":1657,"items_purged":[],"score":221,"play_id":"d87f90a0-f1ca-46da-8d3a-515ed9a88752","local_time":"20181124041449","is_ascension_mode":false,"campfire_choices":[{"data":"Poisoned Stab","floor":6,"key":"SMITH"},{"floor":10,"key":"REST"},{"floor":13,"key":"REST"},{"data":"Prepared","floor":15,"key":"SMITH"}],"neow_cost":"NONE","seed_source_timestamp":197618512412181,"circlet_count":0,"master_deck":["Defend_G","Defend_G","Defend_G","Defend_G","Defend_G+1","Strike_G","Strike_G","Strike_G","Strike_G","Strike_G+1","Survivor","Neutralize","Poisoned Stab+1","Bouncing Flask+1","Prepared+1","Quick Slash","Bane","Predator","Endless Agony","Wraith Form v2+1","Prepared+1","Bane+1","Caltrops+1","Bane+1"],"relics":["Ring of the Snake","NeowsBlessing","Old Coin","Incense Burner","Frozen Egg 2","Oddly Smooth Stone","Eternal Feather","Enchiridion","Toxic Egg 2"],"potions_floor_usage":[20,23,25],"damage_taken":[{"damage":0,"enemies":"Cultist","floor":1,"turns":1},{"damage":0,"enemies":"2 Louse","floor":2,"turns":1},{"damage":0,"enemies":"Small Slimes","floor":5,"turns":1},{"damage":25,"enemies":"3 Sentries","floor":8,"turns":8},{"damage":13,"enemies":"Gremlin Nob","floor":11,"turns":4},{"damage":4,"enemies":"Exordium Wildlife","floor":12,"turns":3},{"damage":13,"enemies":"Lagavulin","floor":14,"turns":5},{"damage":25,"enemies":"Hexaghost","floor":16,"turns":8},{"damage":27,"enemies":"3 Byrds","floor":18,"turns":6},{"damage":18,"enemies":"2 Thieves","floor":20,"turns":4},{"damage":1,"enemies":"Chosen and Byrds","floor":23,"turns":6},{"damage":3,"enemies":"Cultist and Chosen","floor":24,"turns":7},{"damage":12,"enemies":"Centurion and Healer","floor":25,"turns":4}],"seed_played":"-1057948341398122277","potions_obtained":[{"floor":2,"key":"AttackPotion"},{"floor":5,"key":"Weak Potion"},{"floor":8,"key":"Energy Potion"},{"floor":11,"key":"Explosive Potion"}],"is_trial":false,"path_per_floor":["M","M","?","?","M","R","?","E","T","R","E","M","R","E","R","B",null,"M","?","M","?","T","M","M","M"],"character_chosen":"THE_SILENT","items_purchased":[],"campfire_rested":2,"item_purchase_floors":[],"current_hp_per_floor":[70,70,56,56,56,56,70,45,45,66,53,49,70,57,57,32,70,43,27,9,9,9,8,5,0],"gold":759,"neow_bonus":"THREE_ENEMY_KILL","is_prod":false,"is_daily":false,"chose_seed":false,"campfire_upgraded":2,"win_rate":0.0,"timestamp":1543050889,"path_taken":["M","M","?","?","M","R","?","E","T","R","E","M","R","E","R","BOSS","M","?","M","?","?","M","?","M"],"build_version":"2018-11-15","purchased_purges":0,"victory":false,"max_hp_per_floor":[70,70,70,70,70,70,70,70,70,70,70,70,70,70,70,70,70,70,70,70,70,70,70,70,70],"card_choices":[{"not_picked":["Dodge and Roll","Leg Sweep"],"picked":"Poisoned Stab","floor":1},{"not_picked":["Bane","Quick Slash"],"picked":"Bouncing Flask","floor":2},{"not_picked":["Slice","Phantasmal Killer"],"picked":"Prepared","floor":5},{"not_picked":["Acrobatics","Prepared"],"picked":"Quick Slash","floor":8},{"not_picked":["Wraith Form v2","Acrobatics"],"picked":"Bane","floor":11},{"not_picked":["Expertise","Heel Hook"],"picked":"Predator","floor":12},{"not_picked":["Bane","Dagger Throw"],"picked":"Endless Agony","floor":14},{"not_picked":["Phantasmal Killer","Doppelganger"],"picked":"Wraith Form v2+1","floor":16},{"not_picked":["Flechettes","Bane"],"picked":"Prepared+1","floor":18},{"not_picked":["Dodge and Roll+1","Riddle With Holes"],"picked":"Bane+1","floor":20},{"not_picked":["Leg Sweep+1","Dagger Spray"],"picked":"Caltrops+1","floor":23},{"not_picked":["Finisher","Setup+1"],"picked":"Bane+1","floor":24}],"player_experience":82234,"relics_obtained":[{"floor":8,"key":"Old Coin"},{"floor":9,"key":"Incense Burner"},{"floor":11,"key":"Frozen Egg 2"},{"floor":14,"key":"Oddly Smooth Stone"},{"floor":19,"key":"Enchiridion"},{"floor":22,"key":"Toxic Egg 2"}],"event_choices":[{"damage_healed":0,"gold_gain":0,"player_choice":"Entered Light","damage_taken":14,"max_hp_gain":0,"max_hp_loss":0,"event_name":"Shining Light","floor":3,"gold_loss":0,"cards_upgraded":["Strike_G","Defend_G"]},{"damage_healed":0,"gold_gain":0,"player_choice":"Grow","damage_taken":0,"max_hp_gain":0,"max_hp_loss":0,"event_name":"Living Wall","floor":4,"gold_loss":0,"cards_upgraded":["Bouncing Flask"]},{"damage_healed":17,"gold_gain":0,"player_choice":"Healed","damage_taken":0,"max_hp_gain":0,"max_hp_loss":0,"event_name":"The Cleric","floor":7,"gold_loss":35},{"damage_healed":0,"gold_gain":0,"player_choice":"Obtained Book","damage_taken":16,"max_hp_gain":0,"max_hp_loss":0,"event_name":"Cursed Tome","floor":19,"gold_loss":0},{"damage_healed":0,"gold_gain":99,"player_choice":"Stole From Cult","damage_taken":0,"max_hp_gain":0,"max_hp_loss":0,"event_name":"Nest","floor":21,"gold_loss":0}],"is_beta":false,"boss_relics":[{"not_picked":["Snecko Eye","Velvet Choker"],"picked":"Eternal Feather"}],"items_purged_floors":[],"is_endless":false,"potions_floor_spawned":[2,5,8,11,18],"killed_by":"Centurion and Healer","ascension_level":0}