{"gold_per_floor":[109,109,109,123,137,167,167,167,244,261,261,25,25,57,57,157,157,167,167,167,149,159,159,159],"floor_reached":24,"playtime":1345,"items_purged":[],"score":326,"play_id":"8a5cf0f8-c393-4663-917c-fe9acc581c2e","local_time":"20190127155928","is_ascension_mode":true,"campfire_choices":[{"data":"Footwork","floor":8,"key":"SMITH"},{"floor":11,"key":"REST"},{"data":"Noxious Fumes","floor":13,"key":"SMITH"},{"floor":15,"key":"REST"},{"data":"Catalyst","floor":23,"key":"SMITH"}],"neow_cost":"NONE","seed_source_timestamp":1201787157921567,"circlet_count":0,"master_deck":["AscendersBane","Defend_G","Defend_G+1","Defend_G+1","Defend_G","Defend_G+1","Strike_G","Strike_G","Strike_G","Strike_G","Survivor+1","Neutralize","Forethought","Flechettes","Flechettes","Footwork+1","Backflip","Noxious Fumes","Leg Sweep","Noxious Fumes+1","Catalyst+1","PiercingWail","Night Terror","Bouncing Flask","Heel Hook","Poisoned Stab"],"relics":["Ring of the Serpent","War Paint","Darkstone Periapt","Lantern","Dream Catcher"],"potions_floor_usage":[6],"damage_taken":[{"damage":3,"enemies":"2 Louse","floor":1,"turns":3},{"damage":0,"enemies":"Jaw Worm","floor":4,"turns":3},{"damage":0,"enemies":"Small Slimes","floor":5,"turns":4},{"damage":43,"enemies":"Lagavulin","floor":6,"turns":9},{"damage":16,"enemies":"Gremlin Gang","floor":10,"turns":6},{"damage":11,"enemies":"Gremlin Nob","floor":14,"turns":6},{"damage":14,"enemies":"The Guardian","floor":16,"turns":11},{"damage":2,"enemies":"Shell Parasite","floor":18,"turns":8},{"damage":5,"enemies":"2 Thieves","floor":21,"turns":4},{"damage":23,"enemies":"Snecko","floor":22,"turns":5},{"damage":41,"enemies":"Slavers","floor":24,"turns":4}],"seed_played":"8443704717580830012","potions_obtained":[{"floor":1,"key":"SpeedPotion"},{"floor":6,"key":"FearPotion"},{"floor":10,"key":"SteroidPotion"}],"is_trial":false,"path_per_floor":["M","?","?","M","M","E","?","R","T","M","R","$","R","E","R","B",null,"M","?","$","M","M","R","E"],"character_chosen":"THE_SILENT","items_purchased":["Noxious Fumes","Lantern"],"campfire_rested":2,"item_purchase_floors":[12,12],"current_hp_per_floor":[60,46,46,46,46,3,26,26,26,10,31,31,31,20,41,27,59,57,57,57,52,29,29,0],"gold":159,"neow_bonus":"RANDOM_COLORLESS","is_prod":false,"is_daily":false,"chose_seed":false,"campfire_upgraded":3,"win_rate":0,"timestamp":1548626368,"path_taken":["M","?","?","M","M","E","?","R","T","M","R","?","R","E","R","BOSS","M","?","$","?","M","R","E"],"build_version":"2019-01-23","purchased_purges":0,"victory":false,"max_hp_per_floor":[70,70,70,70,70,70,70,70,70,70,70,70,70,70,70,70,70,70,70,70,70,70,70,70],"card_choices":[{"not_picked":["Flying Knee","PiercingWail"],"picked":"Flechettes","floor":1},{"not_picked":["Sucker Punch","Deflect"],"picked":"Footwork","floor":4},{"not_picked":["Accuracy","Distraction"],"picked":"Backflip","floor":5},{"not_picked":["Quick Slash","Eviscerate"],"picked":"Noxious Fumes","floor":6},{"not_picked":["Bane","Prepared"],"picked":"Leg Sweep","floor":10},{"not_picked":["Glass Knife","Outmaneuver"],"picked":"Catalyst","floor":14},{"not_picked":["Prepared","Deadly Poison"],"picked":"PiercingWail","floor":15},{"not_picked":["Glass Knife","Wraith Form v2"],"picked":"Night Terror","floor":16},{"not_picked":["Riddle With Holes","Cloak And Dagger"],"picked":"Bouncing Flask","floor":18},{"not_picked":["PiercingWail","Bane"],"picked":"Heel Hook","floor":21},{"not_picked":["Dagger Spray","Bane"],"picked":"Poisoned Stab","floor":22}],"player_experience":485453,"relics_obtained":[{"floor":6,"key":"War Paint"},{"floor":9,"key":"Darkstone Periapt"},{"floor":14,"key":"Dream Catcher"}],"event_choices":[{"damage_healed":0,"gold_gain":0,"player_choice":"Entered Light","damage_taken":14,"max_hp_gain":0,"max_hp_loss":0,"event_name":"Shining Light","floor":2,"gold_loss":0,"cards_upgraded":["Defend_G","Defend_G"]},{"damage_healed":0,"gold_gain":0,"cards_transformed":["Strike_G"],"player_choice":"Change","damage_taken":0,"max_hp_gain":0,"max_hp_loss":0,"event_name":"Living Wall","floor":3,"gold_loss":0,"cards_obtained":["Flechettes"]},{"damage_healed":23,"gold_gain":0,"player_choice":"Banana","damage_taken":0,"max_hp_gain":0,"max_hp_loss":0,"event_name":"Big Fish","floor":7,"gold_loss":0},{"damage_healed":0,"gold_gain":0,"player_choice":"Bought 0 Potions","damage_taken":0,"max_hp_gain":0,"max_hp_loss":0,"event_name":"The Woman in Blue","floor":19,"gold_loss":0}],"is_beta":false,"boss_relics":[{"not_picked":["Calling Bell","Runic Pyramid"],"picked":"Ring of the Serpent"}],"items_purged_floors":[],"is_endless":false,"potions_floor_spawned":[1,6,10,16,21],"killed_by":"Slavers","ascension_level":12}