{"gold_per_floor":[117,136,151,166,131,159,172,188,188,199,199,218,218,235,235,338,338,357,369,388,403,403,403,422,422,422,456,456,467,390,390,390,390],"floor_reached":33,"playtime":2771,"items_purged":[],"score":275,"play_id":"2291c869-ec0b-452b-9f08-5e0be5b64429","local_time":"20181122215802","is_ascension_mode":false,"campfire_choices":[{"floor":11,"key":"REST"},{"floor":15,"key":"REST"},{"floor":23,"key":"REST"},{"floor":25,"key":"REST"},{"floor":28,"key":"REST"},{"floor":32,"key":"REST"}],"neow_cost":"NONE","seed_source_timestamp":87494357631541,"circlet_count":0,"master_deck":["Defend_G","Defend_G","Defend_G","Defend_G","Defend_G","Strike_G","Strike_G","Strike_G","Strike_G","Strike_G","Survivor","Neutralize","Choke","Backstab","Endless Agony","Blade Dance","Dodge and Roll","Quick Slash","Backflip","Caltrops+1","Underhanded Strike","Flying Knee","Envenom+1","Poisoned Stab","Sucker Punch","Dagger Spray","Crippling Poison","Dagger Throw+1","Phantasmal Killer","PiercingWail","Noxious Fumes+1"],"relics":["Ring of the Snake","NeowsBlessing","Thread and Needle","Frozen Egg 2","Vajra","Fusion Hammer","Pear","Lantern"],"potions_floor_usage":[],"damage_taken":[{"damage":0,"enemies":"Small Slimes","floor":1,"turns":1},{"damage":0,"enemies":"2 Louse","floor":2,"turns":1},{"damage":0,"enemies":"Cultist","floor":3,"turns":1},{"damage":9,"enemies":"Blue Slaver","floor":4,"turns":4},{"damage":27,"enemies":"3 Sentries","floor":6,"turns":8},{"damage":2,"enemies":"Looter","floor":7,"turns":3},{"damage":4,"enemies":"Exordium Thugs","floor":8,"turns":5},{"damage":0,"enemies":"Blue Slaver","floor":10,"turns":2},{"damage":0,"enemies":"3 Louse","floor":12,"turns":3},{"damage":3,"enemies":"Exordium Thugs","floor":14,"turns":4},{"damage":24,"enemies":"Slime Boss","floor":16,"turns":9},{"damage":14,"enemies":"2 Thieves","floor":18,"turns":3},{"damage":1,"enemies":"3 Byrds","floor":19,"turns":4},{"damage":37,"enemies":"Shelled Parasite and Fungi","floor":20,"turns":6},{"damage":14,"enemies":"Cultist and Chosen","floor":21,"turns":5},{"damage":8,"enemies":"Colosseum Slavers","floor":22,"turns":5},{"damage":2,"enemies":"Snecko","floor":24,"turns":4},{"damage":32,"enemies":"Gremlin Leader","floor":27,"turns":6},{"damage":0,"enemies":"Chosen and Byrds","floor":29,"turns":5},{"damage":84,"enemies":"Automaton","floor":33,"turns":8}],"seed_played":"-1954296024887830289","potions_obtained":[{"floor":6,"key":"LiquidBronze"},{"floor":8,"key":"Energy Potion"},{"floor":10,"key":"PowerPotion"},{"floor":12,"key":"FairyPotion"},{"floor":27,"key":"FairyPotion"}],"is_trial":false,"path_per_floor":["M","M","M","M","?","E","M","M","T","M","R","M","?","M","R","B",null,"M","M","M","M","?","R","M","R","T","E","R","M","$","?","R","B"],"character_chosen":"THE_SILENT","items_purchased":["Noxious Fumes+1"],"campfire_rested":6,"item_purchase_floors":[30],"current_hp_per_floor":[70,70,70,61,70,43,41,37,37,37,58,58,55,52,70,46,70,56,55,18,4,3,24,22,43,53,21,45,45,45,45,69,0],"gold":390,"neow_bonus":"THREE_ENEMY_KILL","is_prod":false,"is_daily":false,"chose_seed":false,"campfire_upgraded":0,"win_rate":0.0,"timestamp":1542941882,"path_taken":["M","M","M","M","?","E","M","M","T","M","R","M","?","M","R","BOSS","M","M","M","M","?","R","M","R","T","E","R","M","$","?","R","BOSS"],"build_version":"2018-11-15","purchased_purges":0,"victory":false,"max_hp_per_floor":[70,70,70,70,70,70,70,70,70,70,70,70,70,70,70,70,70,70,70,70,70,70,70,70,70,80,80,80,80,80,80,80,80],"card_choices":[{"not_picked":["Dagger Throw","Blade Dance"],"picked":"Choke","floor":1},{"not_picked":["Sucker Punch","Flechettes"],"picked":"Backstab","floor":2},{"not_picked":["Dagger Throw","Sucker Punch"],"picked":"Endless Agony","floor":3},{"not_picked":["Deflect","Acrobatics"],"picked":"Blade Dance","floor":4},{"not_picked":["Choke","Endless Agony"],"picked":"Dodge and Roll","floor":6},{"not_picked":["Footwork","Prepared"],"picked":"Quick Slash","floor":7},{"not_picked":["Escape Plan","Quick Slash"],"picked":"Backflip","floor":8},{"not_picked":["Flying Knee","Terror"],"picked":"Caltrops+1","floor":10},{"not_picked":["Dodge and Roll","Acrobatics"],"picked":"Underhanded Strike","floor":12},{"not_picked":["Backstab","Dagger Throw"],"picked":"Flying Knee","floor":14},{"not_picked":["Glass Knife","Malaise"],"picked":"Envenom+1","floor":16},{"not_picked":["Backflip","Endless Agony"],"picked":"Poisoned Stab","floor":18},{"not_picked":["Heel Hook","Quick Slash"],"picked":"Sucker Punch","floor":19},{"not_picked":["Dodge and Roll","Prepared"],"picked":"Dagger Spray","floor":20},{"not_picked":["Finisher","Skewer"],"picked":"Crippling Poison","floor":21},{"not_picked":["Flechettes","Heel Hook"],"picked":"Dagger Throw+1","floor":24},{"not_picked":["Quick Slash","Unload"],"picked":"Phantasmal Killer","floor":27},{"not_picked":["Prepared","Backflip+1"],"picked":"PiercingWail","floor":29}],"player_experience":10003,"relics_obtained":[{"floor":6,"key":"Thread and Needle"},{"floor":9,"key":"Frozen Egg 2"},{"floor":26,"key":"Pear"},{"floor":27,"key":"Lantern"}],"event_choices":[{"damage_healed":17,"gold_gain":0,"player_choice":"Healed","damage_taken":0,"max_hp_gain":0,"max_hp_loss":0,"event_name":"The Cleric","floor":5,"gold_loss":35},{"damage_healed":0,"gold_gain":0,"player_choice":"Success","damage_taken":3,"relics_obtained":["Vajra"],"max_hp_gain":0,"max_hp_loss":0,"event_name":"Scrap Ooze","floor":13,"gold_loss":0},{"damage_healed":0,"gold_gain":0,"player_choice":"Fight","damage_taken":0,"max_hp_gain":0,"max_hp_loss":0,"event_name":"Colosseum","floor":22,"gold_loss":0},{"damage_healed":0,"gold_gain":0,"player_choice":"Fled From Nobs","damage_taken":0,"max_hp_gain":0,"max_hp_loss":0,"event_name":"Colosseum","floor":22,"gold_loss":0},{"damage_healed":0,"gold_gain":0,"player_choice":"Ignored","damage_taken":0,"max_hp_gain":0,"max_hp_loss":0,"event_name":"Ghosts","floor":31,"gold_loss":0}],"is_beta":false,"boss_relics":[{"not_picked":["Runic Dome","Ring of the Serpent"],"picked":"Fusion Hammer"}],"items_purged_floors":[],"is_endless":false,"potions_floor_spawned":[6,8,10,12,14,20,21,24,27],"killed_by":"Automaton","ascension_level":0}