{"gold_per_floor":[116,78,93,109,128,128,128,155,167,191,203,215,244,268,280,394,406,430,454,480,198,198,198,211,211,289,320,331,331,331],"floor_reached":30,"playtime":1804,"items_purged":[],"score":279,"play_id":"26872efe-b362-4927-97b5-9d4d5703d54b","local_time":"20181123220212","is_ascension_mode":false,"campfire_choices":[{"floor":6,"key":"REST"},{"floor":11,"key":"REST"},{"floor":15,"key":"REST"},{"floor":23,"key":"REST"},{"floor":25,"key":"REST"}],"neow_cost":"NONE","seed_source_timestamp":175118514644526,"circlet_count":0,"master_deck":["Defend_G","Defend_G","Defend_G","Defend_G","Defend_G","Strike_G","Strike_G","Strike_G","Strike_G","Strike_G","Survivor","Neutralize","Deadly Poison","Bane","Flying Knee","Quick Slash","Dagger Spray","Backflip","Catalyst","Bouncing Flask","Backflip","After Image","Corpse Explosion","Cloak And Dagger","Slice","Night Terror","Corpse Explosion","Bouncing Flask+1","Blur","Flechettes","Dodge and Roll","Blur","Slice","Necronomicurse"],"relics":["Orrery","MawBank","Ancient Tea Set","Black Star","The Specimen","The Courier","Paper Crane","Ninja Scroll","Necronomicon"],"potions_floor_usage":[8,18,27,27],"damage_taken":[{"damage":3,"enemies":"Jaw Worm","floor":1,"turns":3},{"damage":5,"enemies":"2 Louse","floor":3,"turns":3},{"damage":1,"enemies":"Small Slimes","floor":4,"turns":3},{"damage":26,"enemies":"Exordium Thugs","floor":5,"turns":6},{"damage":8,"enemies":"Gremlin Nob","floor":8,"turns":3},{"damage":12,"enemies":"Blue Slaver","floor":10,"turns":3},{"damage":0,"enemies":"Lots of Slimes","floor":13,"turns":1},{"damage":9,"enemies":"Exordium Wildlife","floor":14,"turns":4},{"damage":28,"enemies":"Slime Boss","floor":16,"turns":8},{"damage":0,"enemies":"Spheric Guardian","floor":18,"turns":3},{"damage":6,"enemies":"Chosen","floor":19,"turns":5},{"damage":35,"enemies":"Snake Plant","floor":20,"turns":5},{"damage":8,"enemies":"Chosen and Byrds","floor":24,"turns":4},{"damage":16,"enemies":"Gremlin Leader","floor":27,"turns":7},{"damage":10,"enemies":"Centurion and Healer","floor":28,"turns":4},{"damage":15,"enemies":"Snake Plant","floor":30,"turns":2}],"seed_played":"-6890487498257505074","potions_obtained":[{"floor":1,"key":"Poison Potion"},{"floor":4,"key":"Ancient Potion"},{"floor":5,"key":"Poison Potion"},{"floor":13,"key":"SkillPotion"},{"floor":18,"key":"Strength Potion"},{"floor":27,"key":"FearPotion"},{"floor":28,"key":"AttackPotion"}],"is_trial":false,"path_per_floor":["M","$","M","M","M","R","?","E","T","M","R","?","M","M","R","B",null,"M","M","M","$","?","R","M","R","T","E","M","?","M"],"character_chosen":"THE_SILENT","items_purchased":["Catalyst","The Specimen"],"campfire_rested":5,"item_purchase_floors":[2,21],"current_hp_per_floor":[67,67,62,61,35,56,56,48,48,36,57,57,57,48,69,41,70,70,64,29,29,16,38,30,52,52,36,26,10,0],"gold":331,"neow_bonus":"BOSS_RELIC","is_prod":false,"is_daily":false,"chose_seed":false,"campfire_upgraded":0,"win_rate":0.0,"timestamp":1543028532,"path_taken":["M","$","M","M","M","R","?","E","T","M","R","?","M","M","R","BOSS","M","M","M","$","?","R","M","R","T","E","M","?","M"],"build_version":"2018-11-15","purchased_purges":0,"victory":false,"max_hp_per_floor":[70,70,70,70,70,70,70,70,70,70,70,70,70,70,70,70,70,70,70,70,70,75,75,75,75,75,75,75,75,75],"card_choices":[{"not_picked":["Footwork","Outmaneuver"],"picked":"Deadly Poison","floor":0},{"not_picked":["Dagger Spray","All Out Attack"],"picked":"Bane","floor":0},{"not_picked":["Prepared","Cloak And Dagger"],"picked":"Flying Knee","floor":0},{"not_picked":["Expertise","Tactician"],"picked":"Quick Slash","floor":0},{"not_picked":["Well Laid Plans","Dodge and Roll"],"picked":"Dagger Spray","floor":0},{"not_picked":["Venomology","Sucker Punch"],"picked":"Backflip","floor":1},{"not_picked":["Outmaneuver","PiercingWail"],"picked":"Bouncing Flask","floor":3},{"not_picked":["Dagger Throw","Acrobatics"],"picked":"Backflip","floor":4},{"not_picked":["Blade Dance","Bane"],"picked":"After Image","floor":5},{"not_picked":["Acrobatics","Noxious Fumes"],"picked":"Corpse Explosion","floor":8},{"not_picked":["Prepared","Outmaneuver"],"picked":"Cloak And Dagger","floor":10},{"not_picked":["Cloak And Dagger","Masterful Stab"],"picked":"Slice","floor":13},{"not_picked":["Prepared","Cloak And Dagger"],"picked":"Night Terror","floor":14},{"not_picked":["Storm of Steel","Malaise"],"picked":"Corpse Explosion","floor":16},{"not_picked":["Cloak And Dagger","Bane"],"picked":"Bouncing Flask+1","floor":18},{"not_picked":["Infinite Blades","Blade Dance"],"picked":"Blur","floor":19},{"not_picked":["Expertise","Flying Knee"],"picked":"Flechettes","floor":20},{"not_picked":["Flying Knee","Outmaneuver"],"picked":"Dodge and Roll","floor":24},{"not_picked":["Glass Knife","Flying Knee"],"picked":"Blur","floor":27},{"not_picked":["Masterful Stab","Finisher"],"picked":"Slice","floor":28}],"player_experience":62468,"relics_obtained":[{"floor":8,"key":"MawBank"},{"floor":9,"key":"Ancient Tea Set"},{"floor":26,"key":"The Courier"},{"floor":27,"key":"Paper Crane"},{"floor":27,"key":"Ninja Scroll"},{"floor":29,"key":"Necronomicon"}],"event_choices":[{"damage_healed":0,"gold_gain":0,"player_choice":"Ignored","damage_taken":0,"max_hp_gain":0,"max_hp_loss":0,"event_name":"Liars Game","floor":7,"gold_loss":0},{"damage_healed":0,"gold_gain":0,"player_choice":"Ignored","damage_taken":0,"max_hp_gain":0,"max_hp_loss":0,"event_name":"Golden Wing","floor":12,"gold_loss":0},{"damage_healed":0,"gold_gain":0,"player_choice":"Shed Blood","damage_taken":18,"max_hp_gain":5,"max_hp_loss":0,"event_name":"Forgotten Altar","floor":22,"gold_loss":0},{"damage_healed":0,"gold_gain":0,"player_choice":"Obtained Book","damage_taken":16,"max_hp_gain":0,"max_hp_loss":0,"event_name":"Cursed Tome","floor":29,"gold_loss":0}],"is_beta":false,"boss_relics":[{"not_picked":["Velvet Choker","WristBlade"],"picked":"Black Star"}],"items_purged_floors":[],"is_endless":false,"potions_floor_spawned":[1,4,5,13,18,27,28],"killed_by":"Snake Plant","ascension_level":0}