{"path_per_floor":["M","?","?","?","M","R","M","E","T","R","M","M","M","?","R","B",null,"M","M","$","M","?","R","M","R","T","T","$","M","M","M","R","B",null,"M","?","M","?","M","R","M","M","T","M","M","$","M","M","R","B"],"character_chosen":"IRONCLAD","items_purchased":["Uppercut"],"gold_per_floor":[17,17,17,17,31,31,44,70,96,96,106,122,132,132,132,230,230,243,263,188,198,198,198,210,210,233,233,60,71,82,93,93,198,198,211,258,273,0,19,19,38,50,74,94,111,111,121,134,134,134],"floor_reached":51,"campfire_rested":4,"playtime":4049,"current_hp_per_floor":[76,76,76,51,57,57,57,39,39,63,69,71,77,61,61,42,80,80,78,78,80,80,80,72,72,72,72,72,64,42,28,52,32,80,58,58,52,52,38,62,47,38,38,37,37,37,39,40,64,1],"items_purged":["Defend_R","Defend_R"],"gold":134,"play_id":"943a045a-f4c2-4125-869c-d08f60da9516","is_prod":false,"is_daily":false,"campfire_rituals":0,"campfire_upgraded":4,"is_hardmode":false,"path_taken":["M","?","?","?","?","R","M","E","T","R","M","M","M","?","R","BOSS","M","M","$","?","?","R","M","R","T","?","?","?","M","M","R","BOSS","M","?","M","?","M","R","M","M","T","M","M","?","?","M","R","BOSS"],"build_version":"2017-12-21-PROD1","purchased_purges":2,"victory":true,"master_deck":["Strike_R","Bash","Seeing Red","Impervious","Thunderclap","Uppercut","Clothesline","Blood for Blood","Armaments","Rampage","Demon Form","Perfected Strike","Cleave","Double Tap","Uppercut","Clothesline","Perfected Strike","Bludgeon","Warcry","Clothesline","Headbutt","Clash","Impervious","Cleave","Clash","Armaments","Pommel Strike","Headbutt","Searing Blow","Perfected Strike"],"max_hp_per_floor":[80,80,80,80,80,80,80,80,80,80,80,80,80,80,80,80,80,80,80,80,80,80,80,80,80,80,80,80,80,80,80,80,80,80,80,80,80,80,80,80,80,80,80,80,80,80,80,80,80,80],"relics":["Thread and Needle","Whetstone","Oddly Smooth Stone","Snecko Eye","Nloth\u0027s Gift","Lantern","Calipers","Astrolabe","Bird Faced Urn","Red Mask","Orichalcum"],"campfire_meditates":0,"card_choices":[{"not_picked":["Hemokinesis","Clash"],"picked":"Seeing Red"},{"not_picked":["Warcry","Feel No Pain"],"picked":"Thunderclap"},{"not_picked":["Clash","Offering"],"picked":"Uppercut"},{"not_picked":["Cleave","Dual Wield"],"picked":"Clothesline"},{"not_picked":["Body Slam","Clothesline"],"picked":"Blood for Blood"},{"not_picked":["Thunderclap","True Grit"],"picked":"Armaments"},{"not_picked":["Heavy Blade","Fire Breathing"],"picked":"Rampage"},{"not_picked":["Limit Break","Impervious"],"picked":"Demon Form"},{"not_picked":["Anger","Flex"],"picked":"Perfected Strike"},{"not_picked":["Armaments","Hemokinesis"],"picked":"Cleave"},{"not_picked":["True Grit","Anger"],"picked":"Double Tap"},{"not_picked":["Iron Wave","Burning Pact"],"picked":"Clothesline"},{"not_picked":["Body Slam","Twin Strike"],"picked":"Perfected Strike"},{"not_picked":["Double Tap","Fiend Fire"],"picked":"Bludgeon"},{"not_picked":["Headbutt","Heavy Blade"],"picked":"Clash"},{"not_picked":["Sword Boomerang","Dual Wield"],"picked":"Impervious"},{"not_picked":["Iron Wave","Shockwave"],"picked":"Cleave"},{"not_picked":["True Grit","Thunderclap"],"picked":"Clash"},{"not_picked":["True Grit","Headbutt"],"picked":"Armaments"},{"not_picked":["Corruption","Armaments"],"picked":"Pommel Strike"},{"not_picked":["Rampage","Power Through"],"picked":"Headbutt"},{"not_picked":["Brutality","Pummel"],"picked":"Searing Blow"},{"not_picked":["True Grit","Anger"],"picked":"Perfected Strike"}],"player_experience":11081,"potions_floor_usage":[],"damage_taken":[{"damage":10,"enemies":"Blue Slaver","floor":1,"turns":6},{"damage":0,"enemies":"Looter","floor":5,"turns":4},{"damage":6,"enemies":"Jaw Worm","floor":7,"turns":3},{"damage":24,"enemies":"Gremlin Nob","floor":8,"turns":5},{"damage":0,"enemies":"Red Slaver","floor":11,"turns":3},{"damage":4,"enemies":"Exordium Thugs","floor":12,"turns":3},{"damage":0,"enemies":"Exordium Wildlife","floor":13,"turns":6},{"damage":25,"enemies":"Slime Boss","floor":16,"turns":12},{"damage":2,"enemies":"Chosen","floor":18,"turns":3},{"damage":8,"enemies":"Shell Parasite","floor":19,"turns":3},{"damage":1,"enemies":"Snecko","floor":21,"turns":4},{"damage":8,"enemies":"Slaver and Parasite","floor":24,"turns":4},{"damage":8,"enemies":"3 Cultists","floor":29,"turns":4},{"damage":22,"enemies":"Centurion and Healer","floor":30,"turns":5},{"damage":14,"enemies":"Slaver and Parasite","floor":31,"turns":3},{"damage":20,"enemies":"Collector","floor":33,"turns":4},{"damage":22,"enemies":"3 Darklings","floor":35,"turns":3},{"damage":0,"enemies":"Mysterious Sphere","floor":36,"turns":3},{"damage":6,"enemies":"Orb Walker","floor":37,"turns":2},{"damage":16,"enemies":"Maw","floor":39,"turns":6},{"damage":17,"enemies":"4 Shapes","floor":41,"turns":4},{"damage":11,"enemies":"Sphere and 2 Shapes","floor":42,"turns":4},{"damage":1,"enemies":"3 Darklings","floor":44,"turns":5},{"damage":0,"enemies":"Maw","floor":45,"turns":4},{"damage":0,"enemies":"Sphere and 2 Shapes","floor":47,"turns":4},{"damage":1,"enemies":"3 Darklings","floor":48,"turns":5},{"damage":65,"enemies":"Donu and Deca","floor":50,"turns":9}],"event_choices":[{"event_name":"The Cleric","player_choice":"Leave","floor":2,"damage_taken":0},{"event_name":"Transmorgrifier","player_choice":"Transform","floor":3,"damage_taken":0},{"event_name":"Scrap Ooze","player_choice":"success","floor":4,"damage_taken":25},{"event_name":"Shining Light","player_choice":"Entered Light","floor":14,"damage_taken":0},{"event_name":"N\u0027loth","player_choice":"Traded a Burning Blood","floor":22,"damage_taken":0},{"event_name":"Mysterious Sphere","player_choice":"Fight","floor":36,"damage_taken":0},{"event_name":"Tomb of Lord Red Mask","player_choice":"Paid","floor":38,"damage_taken":0}],"boss_relics":[{"not_picked":["Lizard Tail","Velvet Choker"],"picked":"Snecko Eye"},{"not_picked":["Sozu","Cursed Key"],"picked":"Astrolabe"}],"potions_floor_spawned":[1,5,11,16,18,21,31,37,41,45,47],"seed_played":"5180457344799041614","is_trial":false}