{"gold_per_floor":[111,124,144,158,158,158,178,178,202,11,26,26,40,71,71,166,166,178,103,103,31,50,50,27,27,27,44,44,44,44,72,72,168,168,188,199,199,199,50,50,77,77,77,77,92,92,122,122,122,122],"floor_reached":51,"playtime":2182,"items_purged":["Survivor"],"score":847,"play_id":"1abc327a-6606-43ea-af4a-be164ec97241","local_time":"20190129095103","is_ascension_mode":true,"campfire_choices":[{"data":"Neutralize","floor":6,"key":"SMITH"},{"data":"Sucker Punch","floor":8,"key":"SMITH"},{"data":"Skewer","floor":12,"key":"SMITH"},{"data":"Crippling Poison","floor":15,"key":"SMITH"},{"floor":23,"key":"REST"},{"data":"Caltrops","floor":25,"key":"SMITH"},{"data":"Burst","floor":30,"key":"SMITH"},{"data":"Well Laid Plans","floor":32,"key":"SMITH"},{"data":"Deadly Poison","floor":40,"key":"SMITH"},{"floor":42,"key":"REST"},{"data":"Noxious Fumes","floor":44,"key":"SMITH"},{"data":"Noxious Fumes","floor":49,"key":"SMITH"}],"neow_cost":"NONE","seed_source_timestamp":2898651750011,"circlet_count":0,"master_deck":["Defend_G+1","Defend_G+1","Defend_G+1","Defend_G+1","Defend_G+1","Strike_G+1","Strike_G+1","Strike_G+1","Neutralize+1","Sucker Punch+1","Noxious Fumes+1","PiercingWail","Skewer+1","Poisoned Stab","Crippling Poison+1","Burst+1","Caltrops+1","Flying Knee","Well Laid Plans+1","Bullet Time","Deadly Poison+1","Noxious Fumes+1","Writhe","Doubt"],"relics":["Ring of the Serpent","Whetstone","Vajra","Regal Pillow","Velvet Choker","Singing Bowl","NlothsMask","PreservedInsect","Smiling Mask","Pen Nib"],"potions_floor_usage":[7,7,14,16,16,27,31,33,47,47],"damage_taken":[{"damage":0,"enemies":"Small Slimes","floor":1,"turns":5},{"damage":0,"enemies":"Jaw Worm","floor":2,"turns":4},{"damage":0,"enemies":"Cultist","floor":3,"turns":4},{"damage":2,"enemies":"Large Slime","floor":4,"turns":7},{"damage":10,"enemies":"Exordium Thugs","floor":7,"turns":4},{"damage":3,"enemies":"Looter","floor":11,"turns":3},{"damage":0,"enemies":"Large Slime","floor":13,"turns":3},{"damage":1,"enemies":"Gremlin Nob","floor":14,"turns":4},{"damage":13,"enemies":"Hexaghost","floor":16,"turns":8},{"damage":10,"enemies":"Spheric Guardian","floor":18,"turns":4},{"damage":16,"enemies":"2 Thieves","floor":22,"turns":4},{"damage":5,"enemies":"Snecko","floor":27,"turns":5},{"damage":7,"enemies":"Book of Stabbing","floor":31,"turns":6},{"damage":33,"enemies":"Automaton","floor":33,"turns":11},{"damage":18,"enemies":"3 Darklings","floor":35,"turns":5},{"damage":0,"enemies":"Orb Walker","floor":36,"turns":4},{"damage":38,"enemies":"Giant Head","floor":41,"turns":8},{"damage":19,"enemies":"Spire Growth","floor":45,"turns":5},{"damage":34,"enemies":"Reptomancer","floor":47,"turns":7},{"damage":70,"enemies":"Time Eater","floor":50,"turns":13}],"seed_played":"7884721872027039223","potions_obtained":[{"floor":1,"key":"Poison Potion"},{"floor":4,"key":"SkillPotion"},{"floor":7,"key":"GhostInAJar"},{"floor":13,"key":"FearPotion"},{"floor":14,"key":"Fire Potion"},{"floor":18,"key":"Explosive Potion"},{"floor":22,"key":"Dexterity Potion"},{"floor":31,"key":"AttackPotion"},{"floor":36,"key":"GamblersBrew"},{"floor":45,"key":"Explosive Potion"}],"is_trial":false,"path_per_floor":["M","M","M","M","?","R","M","R","T","$","M","R","M","E","R","B",null,"M","?","?","$","M","R","$","R","T","M","?","?","R","E","R","B",null,"M","M","?","?","$","R","E","R","T","R","M","?","E","?","R","B",null],"character_chosen":"THE_SILENT","items_purchased":["Vajra","Skewer","Caltrops","Flying Knee","Noxious Fumes"],"campfire_rested":2,"item_purchase_floors":[10,10,21,24,39],"current_hp_per_floor":[70,70,70,68,73,73,63,63,63,63,60,60,60,59,59,46,75,65,65,51,51,35,74,74,74,74,71,71,71,71,64,64,31,82,66,66,66,66,66,66,30,70,70,70,53,75,43,90,90,20],"gold":122,"neow_bonus":"RANDOM_COMMON_RELIC","is_prod":false,"is_daily":false,"chose_seed":false,"campfire_upgraded":10,"win_rate":0,"timestamp":1548751863,"path_taken":["M","M","M","M","?","R","M","R","T","$","M","R","M","E","R","BOSS","M","?","?","$","M","R","?","R","T","?","?","?","R","E","R","BOSS","M","M","?","?","$","R","E","R","T","R","M","?","E","?","R","BOSS"],"build_version":"2019-01-23","purchased_purges":1,"victory":true,"max_hp_per_floor":[70,70,70,70,75,75,75,75,75,75,75,75,75,75,75,75,75,75,75,80,80,80,80,80,80,80,82,82,82,82,82,82,82,82,84,84,84,84,84,84,86,86,86,86,88,88,90,90,90,90],"card_choices":[{"not_picked":["Tactician","Acrobatics","Dagger Throw"],"picked":"SKIP","floor":1},{"not_picked":["Deflect","Slice","Prepared"],"picked":"SKIP","floor":2},{"not_picked":["Prepared","Choke"],"picked":"Sucker Punch","floor":3},{"not_picked":["Poisoned Stab","Sucker Punch"],"picked":"Noxious Fumes","floor":4},{"not_picked":["Finisher","Dash"],"picked":"PiercingWail","floor":7},{"not_picked":["PiercingWail","Dodge and Roll"],"picked":"Poisoned Stab","floor":11},{"not_picked":["Deadly Poison","Endless Agony"],"picked":"Crippling Poison","floor":13},{"not_picked":["Sucker Punch","Blade Dance","Predator"],"picked":"SKIP","floor":14},{"not_picked":["Die Die Die","Night Terror"],"picked":"Burst","floor":16},{"not_picked":["Prepared","Poisoned Stab","PiercingWail+1"],"picked":"SKIP","floor":18},{"not_picked":["Dagger Throw","Calculated Gamble","Underhanded Strike+1"],"picked":"SKIP","floor":22},{"not_picked":["Backflip","Underhanded Strike","Cloak And Dagger"],"picked":"Singing Bowl","floor":27},{"not_picked":["Phantasmal Killer","Endless Agony"],"picked":"Well Laid Plans","floor":31},{"not_picked":["Wraith Form v2","Storm of Steel"],"picked":"Bullet Time","floor":33},{"not_picked":["Prepared","Flechettes","PiercingWail"],"picked":"Singing Bowl","floor":35},{"not_picked":["Deflect+1","Cloak And Dagger"],"picked":"Deadly Poison","floor":36},{"not_picked":["Slice+1","Outmaneuver+1","Underhanded Strike+1"],"picked":"Singing Bowl","floor":41},{"not_picked":["Setup+1","Poisoned Stab+1","Flying Knee+1"],"picked":"Singing Bowl","floor":45},{"not_picked":["Prepared","Acrobatics+1","Outmaneuver"],"picked":"Singing Bowl","floor":47}],"player_experience":207744,"relics_obtained":[{"floor":14,"key":"Regal Pillow"},{"floor":26,"key":"Singing Bowl"},{"floor":31,"key":"PreservedInsect"},{"floor":41,"key":"Smiling Mask"},{"floor":47,"key":"Pen Nib"}],"event_choices":[{"damage_healed":0,"gold_gain":0,"player_choice":"Donut","damage_taken":0,"max_hp_gain":5,"max_hp_loss":0,"event_name":"Big Fish","floor":5,"gold_loss":0},{"cards_removed":["Strike_G"],"damage_healed":0,"gold_gain":0,"player_choice":"Gave Gold","damage_taken":0,"max_hp_gain":0,"max_hp_loss":0,"event_name":"Beggar","floor":19,"gold_loss":75},{"damage_healed":0,"gold_gain":0,"player_choice":"Shed Blood","damage_taken":19,"max_hp_gain":5,"max_hp_loss":0,"event_name":"Forgotten Altar","floor":20,"gold_loss":0},{"damage_healed":0,"gold_gain":0,"player_choice":"Simplicity","damage_taken":0,"max_hp_gain":0,"max_hp_loss":0,"event_name":"Back to Basics","floor":28,"gold_loss":0,"cards_upgraded":["Defend_G","Defend_G","Defend_G","Defend_G","Defend_G","Strike_G","Strike_G"]},{"damage_healed":0,"gold_gain":0,"player_choice":"Trade","damage_taken":0,"relics_obtained":["NlothsMask"],"max_hp_gain":0,"max_hp_loss":0,"event_name":"FaceTrader","floor":29,"gold_loss":0},{"cards_removed":["Strike_G"],"damage_healed":0,"gold_gain":0,"player_choice":"Removed Attack","damage_taken":0,"max_hp_gain":0,"max_hp_loss":0,"event_name":"Falling","floor":37,"gold_loss":0},{"damage_healed":0,"gold_gain":0,"player_choice":"Ignored","damage_taken":0,"max_hp_gain":0,"max_hp_loss":0,"event_name":"Tomb of Lord Red Mask","floor":38,"gold_loss":0},{"damage_healed":22,"gold_gain":0,"player_choice":"Writhe","damage_taken":0,"max_hp_gain":0,"max_hp_loss":0,"event_name":"Winding Halls","floor":46,"gold_loss":0,"cards_obtained":["Writhe"]},{"damage_healed":47,"gold_gain":0,"player_choice":"Heal","damage_taken":0,"max_hp_gain":0,"max_hp_loss":0,"event_name":"MindBloom","floor":48,"gold_loss":0,"cards_obtained":["Doubt"]}],"is_beta":true,"boss_relics":[{"not_picked":["HoveringKite","Fusion Hammer"],"picked":"Velvet Choker"},{"not_picked":["Eternal Feather","Calling Bell"],"picked":"Ring of the Serpent"}],"items_purged_floors":[39],"is_endless":false,"potions_floor_spawned":[1,4,7,13,14,18,22,31,36,45],"ascension_level":3}