{"gold_per_floor":[17,33,33,49,49,82,82,147,194,194,228,116,116,150,150,226,226,244,259,184,184,194,194,194,194],"floor_reached":25,"playtime":1529,"items_purged":[],"score":420,"play_id":"7482c1ee-9a38-4118-a8df-dfcea7b093bf","local_time":"20181115152901","is_ascension_mode":true,"campfire_choices":[{"data":"Iron Wave","floor":7.0,"key":"SMITH"},{"data":"Shrug It Off","floor":13.0,"key":"SMITH"},{"floor":15.0,"key":"REST"},{"data":"Armaments","floor":23,"key":"SMITH"}],"neow_cost":"NO_GOLD","seed_source_timestamp":1472442378716376,"circlet_count":0,"master_deck":["AscendersBane","Strike_R","Defend_R","Defend_R","Defend_R","Defend_R","Bash","Spot Weakness","Shockwave+1","Pummel","Iron Wave+1","Spot Weakness","Double Tap","Shrug It Off+1","Sword Boomerang","Pommel Strike","Immolate","Power Through+1","Offering+1","Evolve+1","Clothesline","Shrug It Off","Armaments+1"],"special_seed":0,"relics":["Burning Blood","Du-Vu Doll","Letter Opener","Tiny Chest","Boot","Vajra","Omamori","Astrolabe","Necronomicon"],"potions_floor_usage":[16,22,25],"damage_taken":[{"damage":6.0,"enemies":"Jaw Worm","floor":1.0,"turns":5.0},{"damage":12.0,"enemies":"Cultist","floor":2.0,"turns":4.0},{"damage":5.0,"enemies":"Small Slimes","floor":4.0,"turns":4.0},{"damage":30.0,"enemies":"3 Sentries","floor":6.0,"turns":9.0},{"damage":15.0,"enemies":"Lagavulin","floor":8.0,"turns":5.0},{"damage":10.0,"enemies":"Gremlin Nob","floor":11.0,"turns":3.0},{"damage":15.0,"enemies":"3 Sentries","floor":14.0,"turns":5.0},{"damage":26,"enemies":"Slime Boss","floor":16,"turns":8},{"damage":24,"enemies":"Shell Parasite","floor":18,"turns":5},{"damage":6,"enemies":"Chosen","floor":19,"turns":4},{"damage":26,"enemies":"Shelled Parasite and Fungi","floor":22,"turns":5},{"damage":22,"enemies":"Snecko","floor":25,"turns":4}],"seed_played":"2824790011736471788","potions_obtained":[{"floor":1.0,"key":"SkillPotion"},{"floor":6.0,"key":"SkillPotion"},{"floor":8.0,"key":"PowerPotion"},{"floor":11.0,"key":"SteroidPotion"},{"floor":16,"key":"Explosive Potion"},{"floor":18,"key":"Regen Potion"},{"floor":22,"key":"SkillPotion"}],"is_trial":false,"path_per_floor":["M","M","?","M","$","E","R","E","T","?","E","$","R","E","R","B",null,"M","M","?","?","M","R","?","M"],"character_chosen":"IRONCLAD","items_purchased":["Shrug It Off","Sword Boomerang"],"campfire_rested":1,"item_purchase_floors":[12,12],"current_hp_per_floor":[68,62,62,63,63,39,39,30,30,30,26,26,26,17,39,19,61,43,43,43,43,37,37,16,0],"gold":194,"neow_bonus":"ONE_RARE_RELIC","is_prod":false,"is_daily":false,"chose_seed":false,"campfire_upgraded":3,"win_rate":0,"timestamp":1542324541,"path_taken":["M","M","?","M","?","E","R","E","T","?","E","$","R","E","R","BOSS","M","M","?","?","M","R","?","M"],"build_version":"2018-11-08","purchased_purges":0,"victory":false,"max_hp_per_floor":[75,75,75,75,75,75,75,75,75,75,75,75,75,75,75,75,75,75,75,75,75,75,75,75,75],"card_choices":[{"not_picked":["Heavy Blade","Havoc"],"picked":"Spot Weakness","floor":1.0},{"not_picked":["Sword Boomerang","Fire Breathing"],"picked":"Shockwave","floor":2.0},{"not_picked":["Anger","Havoc"],"picked":"Pummel","floor":4.0},{"not_picked":["Reckless Charge","Pummel"],"picked":"Iron Wave","floor":6.0},{"not_picked":["Shockwave","Hemokinesis"],"picked":"Spot Weakness","floor":8.0},{"not_picked":["Evolve","Rampage"],"picked":"Double Tap","floor":11.0},{"not_picked":["Anger","Warcry"],"picked":"Pommel Strike","floor":14.0},{"not_picked":["Brutality","Feed"],"picked":"Immolate","floor":16},{"not_picked":["Seeing Red","Headbutt","Cleave"],"picked":"SKIP","floor":18},{"not_picked":["Perfected Strike","Twin Strike"],"picked":"Clothesline","floor":19},{"not_picked":["Twin Strike","Perfected Strike"],"picked":"Armaments","floor":22}],"player_experience":1302964,"relics_obtained":[{"floor":6.0,"key":"Letter Opener"},{"floor":8.0,"key":"Tiny Chest"},{"floor":9.0,"key":"Boot"},{"floor":11.0,"key":"Vajra"},{"floor":14.0,"key":"Omamori"},{"floor":24,"key":"Necronomicon"}],"event_choices":[{"damage_healed":0.0,"max_hp_gain":0.0,"max_hp_loss":0.0,"gold_gain":0.0,"event_name":"Accursed Blacksmith","player_choice":"Forge","floor":3.0,"gold_loss":0.0,"damage_taken":0.0,"cards_upgraded":["Shockwave"]},{"damage_healed":0.0,"max_hp_gain":0.0,"max_hp_loss":0.0,"gold_gain":0.0,"event_name":"Shining Light","player_choice":"Ignored","floor":10.0,"gold_loss":0.0,"damage_taken":0.0},{"cards_removed":["Strike_R"],"damage_healed":0,"gold_gain":0,"player_choice":"Gave Gold","damage_taken":0,"max_hp_gain":0,"max_hp_loss":0,"event_name":"Beggar","floor":20,"gold_loss":75},{"damage_healed":0,"gold_gain":0,"player_choice":"Read","damage_taken":0,"max_hp_gain":0,"max_hp_loss":0,"event_name":"The Library","floor":21,"gold_loss":0,"cards_obtained":["Shrug It Off"]},{"damage_healed":0,"gold_gain":0,"player_choice":"Obtained Book","damage_taken":21,"max_hp_gain":0,"max_hp_loss":0,"event_name":"Cursed Tome","floor":24,"gold_loss":0}],"is_beta":false,"boss_relics":[{"not_picked":["Ectoplasm","Philosopher\u0027s Stone"],"picked":"Astrolabe"}],"items_purged_floors":[],"is_endless":false,"potions_floor_spawned":[1,6,8,11,16,18,22],"killed_by":"Snecko","ascension_level":17}