{"gold_per_floor":[110,162,181,194,194,228,228,228,252,268,293,293,303,316,316,316],"floor_reached":16,"playtime":818,"items_purged":[],"score":129,"play_id":"7ca5b7db-a904-4252-9493-584667eee7e8","local_time":"20181209161416","is_ascension_mode":true,"campfire_choices":[{"floor":8,"key":"REST"},{"floor":12,"key":"REST"},{"data":"Consume","floor":15,"key":"SMITH"}],"neow_cost":"NONE","seed_source_timestamp":1961168342870979,"circlet_count":0,"master_deck":["Strike_B","Strike_B","Strike_B","Strike_B+1","Defend_B","Defend_B","Defend_B","Defend_B","Zap","Dualcast","Double Energy+1","Sweeping Beam","Reinforced Body+1","Consume+1","Sweeping Beam","Multi-Cast","Heatsinks","Genetic Algorithm"],"relics":["Cracked Core","Omamori","Thread and Needle","Smiling Mask","PreservedInsect"],"potions_floor_usage":[11,16],"damage_taken":[{"damage":1,"enemies":"Cultist","floor":1,"turns":3},{"damage":7,"enemies":"Jaw Worm","floor":3,"turns":3},{"damage":8,"enemies":"2 Louse","floor":4,"turns":2},{"damage":25,"enemies":"3 Sentries","floor":6,"turns":7},{"damage":19,"enemies":"Large Slime","floor":10,"turns":5},{"damage":14,"enemies":"Gremlin Nob","floor":11,"turns":3},{"damage":7,"enemies":"Looter","floor":13,"turns":3},{"damage":5,"enemies":"Exordium Thugs","floor":14,"turns":3},{"damage":31,"enemies":"Hexaghost","floor":16,"turns":9}],"seed_played":"2183516368497933010","potions_obtained":[{"floor":4,"key":"Energy Potion"},{"floor":10,"key":"SkillPotion"},{"floor":14,"key":"Ancient Potion"}],"is_trial":false,"path_per_floor":["M","T","M","M","?","E","?","R","T","M","E","R","M","M","R","B"],"character_chosen":"DEFECT","items_purchased":[],"campfire_rested":2,"item_purchase_floors":[],"current_hp_per_floor":[81,81,74,66,66,41,25,49,49,30,16,40,33,28,28,0],"gold":316,"neow_bonus":"TEN_PERCENT_HP_BONUS","is_prod":false,"is_daily":false,"chose_seed":false,"campfire_upgraded":1,"win_rate":0,"timestamp":1544393656,"path_taken":["M","?","M","M","?","E","?","R","T","M","E","R","M","M","R","BOSS"],"build_version":"2018-12-06","purchased_purges":0,"victory":false,"max_hp_per_floor":[82,82,82,82,82,82,82,82,82,82,82,82,82,82,82,82],"card_choices":[{"not_picked":["Go for the Eyes","Redo"],"picked":"Double Energy","floor":1},{"not_picked":["Leap","Skim"],"picked":"Sweeping Beam","floor":3},{"not_picked":["Hologram","Steam"],"picked":"Reinforced Body","floor":4},{"not_picked":["Coolheaded","Blizzard"],"picked":"Consume","floor":6},{"not_picked":["Coolheaded","Defragment"],"picked":"Sweeping Beam","floor":10},{"not_picked":["Sunder","Echo Form"],"picked":"Multi-Cast","floor":11},{"not_picked":["Go for the Eyes","Skim"],"picked":"Heatsinks","floor":13},{"not_picked":["Stack","Reinforced Body"],"picked":"Genetic Algorithm","floor":14}],"player_experience":287175,"relics_obtained":[{"floor":2,"key":"Omamori"},{"floor":6,"key":"Thread and Needle"},{"floor":9,"key":"Smiling Mask"},{"floor":11,"key":"PreservedInsect"}],"event_choices":[{"damage_healed":0,"gold_gain":0,"player_choice":"Grow","damage_taken":0,"max_hp_gain":0,"max_hp_loss":0,"event_name":"Living Wall","floor":5,"gold_loss":0,"cards_upgraded":["Double Energy"]},{"damage_healed":0,"gold_gain":0,"player_choice":"Entered Light","damage_taken":16,"max_hp_gain":0,"max_hp_loss":0,"event_name":"Shining Light","floor":7,"gold_loss":0,"cards_upgraded":["Strike_B","Reinforced Body"]}],"is_beta":false,"boss_relics":[],"items_purged_floors":[],"is_endless":false,"potions_floor_spawned":[4,10,14],"killed_by":"Hexaghost","ascension_level":3}