{"gold_per_floor":[112,128,78,253,30,130,155,174,227,227,260,275,275,294,294,294],"floor_reached":16,"playtime":430,"items_purged":["Doubt"],"score":149,"play_id":"a5b95ebe-47f3-4eb6-9437-b0e1d2b9bdc2","local_time":"20181215124144","is_ascension_mode":true,"campfire_choices":[{"data":"Whirlwind","floor":13,"key":"SMITH"},{"data":"Perfected Strike","floor":15,"key":"SMITH"}],"neow_cost":"NONE","seed_source_timestamp":2467205014294141,"circlet_count":0,"master_deck":["Strike_R","Strike_R","Strike_R","Strike_R+1","Strike_R","Defend_R","Defend_R","Defend_R+1","Bash+1","Whirlwind+1","Perfected Strike+1","Battle Trance","Perfected Strike"],"relics":["Burning Blood","Red Skull","Ancient Tea Set","Orichalcum","Singing Bowl"],"potions_floor_usage":[16],"damage_taken":[{"damage":12,"enemies":"Jaw Worm","floor":1,"turns":3},{"damage":7,"enemies":"2 Louse","floor":2,"turns":2},{"damage":40,"enemies":"Lagavulin","floor":7,"turns":6},{"damage":1,"enemies":"Cultist","floor":8,"turns":3},{"damage":10,"enemies":"Gremlin Nob","floor":11,"turns":3},{"damage":0,"enemies":"Exordium Wildlife","floor":12,"turns":2},{"damage":3,"enemies":"2 Fungi Beasts","floor":14,"turns":2},{"damage":31,"enemies":"The Guardian","floor":16,"turns":4}],"seed_played":"3406972888275393687","potions_obtained":[{"floor":12,"key":"SkillPotion"}],"is_trial":false,"path_per_floor":["M","M","?","?","$","?","E","M","T","?","E","M","R","M","R","B"],"character_chosen":"IRONCLAD","items_purchased":["Red Skull"],"campfire_rested":0,"item_purchase_floors":[5],"current_hp_per_floor":[66,65,65,65,65,65,31,36,36,20,18,26,26,31,31,0],"gold":294,"neow_bonus":"UPGRADE_CARD","is_prod":false,"is_daily":false,"chose_seed":false,"campfire_upgraded":2,"win_rate":0,"timestamp":1544899304,"path_taken":["M","M","?","?","$","?","E","?","T","?","E","M","R","M","R","BOSS"],"build_version":"2018-12-13","purchased_purges":1,"victory":false,"max_hp_per_floor":[80,80,80,80,80,80,80,80,80,80,82,84,84,86,86,86],"card_choices":[{"not_picked":["Sword Boomerang","Thunderclap"],"picked":"Whirlwind","floor":1},{"not_picked":["Warcry","Clash"],"picked":"Perfected Strike","floor":2},{"not_picked":["Searing Blow","Combust"],"picked":"Battle Trance","floor":7},{"not_picked":["Clash","Body Slam"],"picked":"Perfected Strike","floor":8},{"not_picked":["Sword Boomerang","Evolve","Searing Blow"],"picked":"Singing Bowl","floor":11},{"not_picked":["Body Slam","Whirlwind","Havoc"],"picked":"Singing Bowl","floor":12},{"not_picked":["Armaments","Sentinel","Disarm"],"picked":"Singing Bowl","floor":14}],"player_experience":297876,"relics_obtained":[{"floor":7,"key":"Ancient Tea Set"},{"floor":9,"key":"Orichalcum"},{"floor":11,"key":"Singing Bowl"}],"event_choices":[{"cards_removed":["Defend_R"],"damage_healed":0,"gold_gain":0,"player_choice":"Card Removal","damage_taken":0,"max_hp_gain":0,"max_hp_loss":0,"event_name":"The Cleric","floor":3,"gold_loss":50},{"damage_healed":0,"gold_gain":175,"player_choice":"AGREE","damage_taken":0,"max_hp_gain":0,"max_hp_loss":0,"event_name":"Liars Game","floor":4,"gold_loss":0,"cards_obtained":["Doubt"]},{"damage_healed":0,"gold_gain":100,"player_choice":"Gold","damage_taken":0,"max_hp_gain":0,"max_hp_loss":0,"event_name":"Wheel of Change","floor":6,"gold_loss":0},{"damage_healed":0,"gold_gain":0,"player_choice":"Entered Light","damage_taken":16,"max_hp_gain":0,"max_hp_loss":0,"event_name":"Shining Light","floor":10,"gold_loss":0,"cards_upgraded":["Defend_R","Strike_R"]}],"is_beta":false,"boss_relics":[],"items_purged_floors":[5],"is_endless":false,"potions_floor_spawned":[12],"killed_by":"The Guardian","ascension_level":7}