{"path_per_floor":["M","$","M","$","?","R","E","R","T","M","$","M","M","M","R","B",null,"M","?","M","?","M"],"character_chosen":"DEFECT","items_purchased":["Capacitor","Tempest"],"gold_per_floor":[116,41,59,5,80,80,107,107,159,169,133,149,162,180,180,276,276,293,293,304,304,323,323],"floor_reached":23,"campfire_rested":1,"playtime":983,"current_hp_per_floor":[75,75,75,75,64,64,78,78,78,78,78,68,50,11,52,31,89,63,63,28,28,9,0],"items_purged":["Strike_B"],"gold":323,"score":218,"play_id":"3b2f86b3-2c64-4a46-80dd-cdcb1dcb298a","local_time":"20180428133532","is_prod":false,"is_daily":false,"chose_seed":false,"is_ascension_mode":false,"campfire_upgraded":2,"timestamp":1524886532,"path_taken":["M","$","M","$","?","R","E","R","T","?","$","M","M","?","R","BOSS","M","?","?","?","M","E"],"build_version":"2018-04-26v2","seed_source_timestamp":3711394505664,"purchased_purges":1,"victory":false,"master_deck":["Strike_B","Strike_B","Strike_B","Defend_B","Defend_B","Defend_B","Defend_B","Zap+1","Dualcast","Beam Cell","White Noise","Capacitor+1","Barrage","Chaos","Tempest","Loop","Tempest","Fission","Sweeping Beam+1","Normality","Chill+1"],"max_hp_per_floor":[75,75,75,75,75,75,89,89,89,89,89,89,89,89,89,89,89,89,89,89,89,89,89],"relics":["Cracked Core","NeowsBlessing","Mango","Regal Pillow","Inserter","Orichalcum"],"card_choices":[{"not_picked":["Glacier","Melter"],"picked":"Beam Cell","floor":1},{"not_picked":["Streamline","FTL"],"picked":"White Noise","floor":3},{"not_picked":["Hello World","Beam Cell"],"picked":"Barrage","floor":7},{"not_picked":["Impulse","Capacitor"],"picked":"Chaos","floor":10},{"not_picked":["Skim","Streamline"],"picked":"Loop","floor":13},{"not_picked":["Glacier","Aggregate"],"picked":"Tempest","floor":14},{"not_picked":["Multi-Cast","Rainbow"],"picked":"Fission","floor":16},{"not_picked":["Hello World","Darkness"],"picked":"Sweeping Beam","floor":18},{"not_picked":["Blaster","Flux Capacitor"],"picked":"Chill","floor":22}],"player_experience":135178,"potions_floor_usage":[16,18,22,23],"damage_taken":[{"damage":0,"enemies":"Jaw Worm","floor":1,"turns":1},{"damage":0,"enemies":"2 Louse","floor":3,"turns":1},{"damage":0,"enemies":"3 Sentries","floor":7,"turns":1},{"damage":0,"enemies":"Small Slimes","floor":10,"turns":2},{"damage":10,"enemies":"Looter","floor":12,"turns":3},{"damage":18,"enemies":"2 Fungi Beasts","floor":13,"turns":4},{"damage":39,"enemies":"Lots of Slimes","floor":14,"turns":5},{"damage":21,"enemies":"Slime Boss","floor":16,"turns":9},{"damage":26,"enemies":"Chosen","floor":18,"turns":6},{"damage":35,"enemies":"Spheric Guardian","floor":20,"turns":5},{"damage":19,"enemies":"Chosen and Byrds","floor":22,"turns":7},{"damage":9,"enemies":"Gremlin Leader","floor":23,"turns":2}],"event_choices":[{"event_name":"World of Goop","player_choice":"Gather Gold","floor":5,"damage_taken":0},{"event_name":"Vampires","player_choice":"Ignored","floor":19,"damage_taken":0},{"event_name":"Accursed Blacksmith","player_choice":"Rummage","floor":21,"damage_taken":0}],"boss_relics":[{"not_picked":["Snecko Eye","Cursed Key"],"picked":"Inserter"}],"potions_floor_spawned":[1,10,13,14,20],"seed_played":"-328103442679012475","killed_by":"Gremlin Leader","ascension_level":0,"is_trial":false}