{"gold_per_floor":[114,114,128,128,42,68,68,101,101,101,118,145,145,161,161,240,240,258,258,258,258,94,64,92,92,116,180,180,180,190,204,204,204],"floor_reached":33,"playtime":1388,"items_purged":["Strike_B"],"score":648,"play_id":"960eb217-e7ed-4ada-8adb-3c48aafcb8ed","local_time":"20190106185901","is_ascension_mode":true,"campfire_choices":[{"data":"Zap","floor":7,"key":"SMITH"},{"data":"Hyperbeam","floor":10,"key":"SMITH"},{"data":"Dualcast","floor":13,"key":"SMITH"},{"data":"Hologram","floor":15,"key":"SMITH"},{"floor":25,"key":"REST"},{"floor":28,"key":"REST"},{"floor":32,"key":"REST"}],"neow_cost":"NONE","seed_source_timestamp":60640723107087,"circlet_count":0,"master_deck":["AscendersBane","Defend_B","Defend_B","Defend_B","Defend_B","Zap+1","Dualcast+1","Gash","Hyperbeam+1","Glacier","FTL","FTL","Gash","Hologram+1","Dramatic Entrance","Deep Breath","Electrodynamics","Hologram+1","Buffer","Steam","Glacier+1"],"relics":["Cracked Core","NeowsBlessing","StoneCalendar","Singing Bowl","Vajra","Emotion Chip","Potion Belt","Lizard Tail","Juzu Bracelet","Smiling Mask","Lantern","Tiny Chest"],"potions_floor_usage":[8,12,16,18,24,24,24,27,33,33],"damage_taken":[{"damage":0,"enemies":"2 Louse","floor":1,"turns":1},{"damage":0,"enemies":"Small Slimes","floor":3,"turns":1},{"damage":0,"enemies":"Lagavulin","floor":6,"turns":1},{"damage":1,"enemies":"3 Sentries","floor":8,"turns":3},{"damage":1,"enemies":"Jaw Worm","floor":11,"turns":2},{"damage":10,"enemies":"Lagavulin","floor":12,"turns":3},{"damage":6,"enemies":"Lots of Slimes","floor":14,"turns":3},{"damage":3,"enemies":"Slime Boss","floor":16,"turns":6},{"damage":29,"enemies":"Chosen","floor":18,"turns":4},{"damage":13,"enemies":"Slavers","floor":24,"turns":2},{"damage":26,"enemies":"Gremlin Leader","floor":27,"turns":6},{"damage":5,"enemies":"Shell Parasite","floor":30,"turns":4},{"damage":3,"enemies":"Chosen and Byrds","floor":31,"turns":4},{"damage":55,"enemies":"Collector","floor":33,"turns":10}],"seed_played":"5746376051908219326","potions_obtained":[{"floor":1,"key":"Explosive Potion"},{"floor":6,"key":"AttackPotion"},{"floor":12,"key":"PowerPotion"},{"floor":14,"key":"Poison Potion"},{"floor":16,"key":"Dexterity Potion"},{"floor":18,"key":"Weak Potion"},{"floor":23,"key":"GamblersBrew"},{"floor":23,"key":"Fire Potion"},{"floor":30,"key":"Swift Potion"},{"floor":31,"key":"Energy Potion"}],"is_trial":false,"path_per_floor":["M","?","M","?","$","E","R","E","T","R","M","E","R","M","R","B",null,"M","?","?","?","$","?","E","R","T","E","R","?","M","M","R","B"],"character_chosen":"DEFECT","items_purchased":["FTL","Electrodynamics"],"campfire_rested":3,"item_purchase_floors":[5,22],"current_hp_per_floor":[64,64,64,59,59,59,59,60,60,60,61,51,51,45,45,44,69,42,42,42,21,21,21,8,31,31,7,31,31,28,25,49,41],"gold":204,"neow_bonus":"THREE_ENEMY_KILL","is_prod":false,"is_daily":false,"chose_seed":false,"campfire_upgraded":4,"win_rate":0,"timestamp":1546761541,"path_taken":["M","?","M","?","$","E","R","E","T","R","?","E","R","?","R","BOSS","M","?","?","?","$","?","E","R","T","E","R","?","M","M","R","BOSS"],"build_version":"2018-11-15","purchased_purges":1,"victory":false,"max_hp_per_floor":[71,71,71,71,71,71,71,73,73,73,75,75,75,75,75,77,77,79,79,79,79,79,79,79,79,79,81,81,81,83,83,83,83],"card_choices":[{"not_picked":["Blizzard","Rebound"],"picked":"Gash","floor":1},{"not_picked":["Force Field","Steam"],"picked":"Glacier","floor":3},{"not_picked":["Undo","Fusion"],"picked":"FTL","floor":6},{"not_picked":["Lockon","BootSequence","Streamline"],"picked":"Singing Bowl","floor":8},{"not_picked":["Hello World","Undo","Glacier"],"picked":"Singing Bowl","floor":11},{"not_picked":["Cold Snap","Sunder"],"picked":"Gash","floor":12},{"not_picked":["Rebound","Static Discharge"],"picked":"Hologram","floor":14},{"not_picked":["Biased Cognition","Thunder Strike","Multi-Cast"],"picked":"Singing Bowl","floor":16},{"not_picked":["Cold Snap","Go for the Eyes","Compile Driver+1"],"picked":"Singing Bowl","floor":18},{"not_picked":["Reinforced Body","Redo"],"picked":"Hologram+1","floor":24},{"not_picked":["Core Surge","Fission","Leap"],"picked":"Singing Bowl","floor":27},{"not_picked":["Barrage","Rebound","Coolheaded"],"picked":"Singing Bowl","floor":30},{"not_picked":["Reprogram+1","Cold Snap"],"picked":"Glacier+1","floor":31}],"player_experience":993235,"relics_obtained":[{"floor":6,"key":"Singing Bowl"},{"floor":8,"key":"Vajra"},{"floor":9,"key":"Emotion Chip"},{"floor":12,"key":"Potion Belt"},{"floor":24,"key":"Smiling Mask"},{"floor":26,"key":"Lantern"},{"floor":27,"key":"Tiny Chest"}],"event_choices":[{"damage_healed":0,"gold_gain":0,"cards_transformed":["Strike_B"],"player_choice":"Change","damage_taken":0,"max_hp_gain":0,"max_hp_loss":0,"event_name":"Living Wall","floor":2,"gold_loss":0,"cards_obtained":["Hyperbeam"]},{"damage_healed":0,"gold_gain":0,"player_choice":"Success","damage_taken":5,"relics_obtained":["StoneCalendar"],"max_hp_gain":0,"max_hp_loss":0,"event_name":"Scrap Ooze","floor":4,"gold_loss":0},{"damage_healed":0,"gold_gain":0,"player_choice":"Opened","damage_taken":0,"relics_obtained":["Juzu Bracelet"],"max_hp_gain":0,"max_hp_loss":0,"event_name":"The Mausoleum","floor":19,"gold_loss":0,"cards_obtained":["Writhe"]},{"cards_removed":["Writhe"],"damage_healed":0,"gold_gain":0,"player_choice":"Removed Curses","damage_taken":0,"max_hp_gain":0,"max_hp_loss":0,"event_name":"Fountain of Cleansing","floor":20,"gold_loss":0},{"damage_healed":0,"gold_gain":0,"player_choice":"CARD CARD ","damage_taken":21,"max_hp_gain":0,"max_hp_loss":0,"event_name":"Knowing Skull","floor":21,"potions_obtained":[],"gold_loss":0,"cards_obtained":["Dramatic Entrance","Deep Breath"]},{"damage_healed":0,"gold_gain":0,"player_choice":"Bought 2 Potions","damage_taken":0,"max_hp_gain":0,"max_hp_loss":0,"event_name":"The Woman in Blue","floor":23,"gold_loss":0},{"damage_healed":0,"gold_gain":0,"cards_transformed":["Strike_B","Strike_B"],"player_choice":"Became Test Subject","damage_taken":0,"max_hp_gain":0,"max_hp_loss":0,"event_name":"Drug Dealer","floor":29,"gold_loss":0,"cards_obtained":["Buffer","Steam"]}],"is_beta":true,"boss_relics":[{"not_picked":["Snecko Eye","Philosopher\u0027s Stone"],"picked":"Lizard Tail"}],"items_purged_floors":[22],"is_endless":false,"potions_floor_spawned":[1,6,12,14,16,18,30,31],"killed_by":"Collector","ascension_level":20}