{"path_per_floor":["M","$","M","M","?","E","R","E","T","E","M","?","M","M","R","B",null,"M","M","?","T","M","R","E","M","T","R","M","?","?"],"character_chosen":"THE_SILENT","items_purchased":[],"gold_per_floor":[114,39,59,71,71,98,98,127,127,159,178,178,193,209,209,311,311,323,341,341,365,377,377,405,423,449,449,461,461,561,561],"floor_reached":31,"campfire_rested":2,"playtime":1574,"current_hp_per_floor":[70,70,70,70,70,50,50,26,26,26,26,48,48,48,48,19,91,64,61,61,61,15,42,45,26,26,53,55,37,37,0],"items_purged":["Strike_G"],"gold":561,"score":344,"play_id":"d0228e29-cec2-4326-8234-190156931a2f","local_time":"20180331214617","is_prod":false,"is_daily":false,"is_ascension_mode":true,"campfire_upgraded":2,"timestamp":1522550777,"path_taken":["M","$","M","?","?","E","R","E","T","E","M","?","M","M","R","BOSS","M","?","?","?","M","R","E","?","T","R","?","?","?","E"],"build_version":"2018-03-29v2","purchased_purges":1,"victory":false,"master_deck":["Defend_G","Defend_G","Defend_G","Defend_G","Strike_G","Strike_G","Strike_G","Strike_G","Survivor","Neutralize+1","Escape Plan","Heel Hook","Sucker Punch","Sucker Punch","Riddle With Holes","Sucker Punch","Calculated Gamble+1","Bouncing Flask","Dagger Throw","Doppelganger","Parasite","PiercingWail","Backstab","Night Terror","PiercingWail","Deadly Poison","Flying Knee","Venomology","Flying Knee+1","Underhanded Strike+1"],"max_hp_per_floor":[70,70,70,70,70,77,77,77,77,91,91,91,91,91,91,91,91,91,91,91,91,91,91,91,91,91,91,91,96,96,96],"relics":["Ring of the Snake","Strawberry","Gambling Chip","Tingsha","Mango","Lizard Tail","Vajra","Calipers","Blood Vial"],"card_choices":[{"not_picked":["Deadly Poison","Leg Sweep"],"picked":"Escape Plan","floor":0},{"not_picked":["Acrobatics","Deadly Poison"],"picked":"Heel Hook","floor":1},{"not_picked":["Deflect","Backflip"],"picked":"Sucker Punch","floor":3},{"not_picked":["Skewer","All Out Attack"],"picked":"Sucker Punch","floor":4},{"not_picked":["Slice","All Out Attack"],"picked":"Calculated Gamble","floor":6},{"not_picked":["Flechettes","Quick Slash"],"picked":"Bouncing Flask","floor":8},{"not_picked":["Outmaneuver","Eviscerate"],"picked":"Dagger Throw","floor":10},{"not_picked":["Poisoned Stab","Eviscerate"],"picked":"Doppelganger","floor":11},{"not_picked":["Bane","Eviscerate"],"picked":"PiercingWail","floor":13},{"not_picked":["Sucker Punch","Cloak And Dagger"],"picked":"Backstab","floor":14},{"not_picked":["Envenom","After Image"],"picked":"Night Terror","floor":16},{"not_picked":["Dagger Spray","Prepared"],"picked":"PiercingWail","floor":18},{"not_picked":["Sucker Punch","Acrobatics"],"picked":"Deadly Poison","floor":19},{"not_picked":["Deflect","Poisoned Stab"],"picked":"Flying Knee","floor":22},{"not_picked":["PiercingWail","Catalyst"],"picked":"Venomology","floor":24},{"not_picked":["Outmaneuver","Underhanded Strike"],"picked":"Flying Knee","floor":25},{"not_picked":["Dodge and Roll","Deadly Poison"],"picked":"Underhanded Strike","floor":28}],"player_experience":104618,"potions_floor_usage":[16,22,22,24,24,28,31,31],"damage_taken":[{"damage":0,"enemies":"Cultist","floor":1,"turns":4},{"damage":0,"enemies":"Small Slimes","floor":3,"turns":3},{"damage":0,"enemies":"2 Louse","floor":4,"turns":3},{"damage":27,"enemies":"3 Sentries","floor":6,"turns":8},{"damage":24,"enemies":"Gremlin Nob","floor":8,"turns":4},{"damage":14,"enemies":"Lagavulin","floor":10,"turns":5},{"damage":0,"enemies":"2 Fungi Beasts","floor":11,"turns":2},{"damage":0,"enemies":"Blue Slaver","floor":13,"turns":2},{"damage":0,"enemies":"3 Louse","floor":14,"turns":1},{"damage":29,"enemies":"Slime Boss","floor":16,"turns":8},{"damage":27,"enemies":"2 Thieves","floor":18,"turns":3},{"damage":3,"enemies":"Spheric Guardian","floor":19,"turns":3},{"damage":58,"enemies":"Slaver and Parasite","floor":22,"turns":7},{"damage":44,"enemies":"Book of Stabbing","floor":24,"turns":5},{"damage":19,"enemies":"Snake Plant","floor":25,"turns":3},{"damage":0,"enemies":"3 Cultists","floor":28,"turns":4},{"damage":39,"enemies":"Slavers","floor":31,"turns":4}],"event_choices":[{"event_name":"Match and Keep!","player_choice":"2 cards matched","floor":5,"damage_taken":0},{"event_name":"Mushrooms","player_choice":"Healed and dodged fight","floor":12,"damage_taken":0},{"event_name":"Purifier","player_choice":"One Purge","floor":20,"damage_taken":0},{"event_name":"Forgotten Altar","player_choice":"Shed Blood","floor":29,"damage_taken":0},{"event_name":"Golden Shrine","player_choice":"Pray","floor":30,"damage_taken":0}],"boss_relics":[{"not_picked":["Runic Dome","White Beast Statue"],"picked":"Lizard Tail"}],"potions_floor_spawned":[3,10,11,13,19,22,25],"seed_played":"1762783243353476323","killed_by":"Slavers","ascension_level":3,"is_trial":false}