{"path_per_floor":["M","M","M","?","M","E","R","?","T","R","M","E","?","M","R","B",null,"M","M","?","M","$","E","R","E","T","M","M","E","?","M","R","B",null,"M","?","T","?","M","R","M","E","T","E","M","$","R","M","R","B"],"character_chosen":"DEFECT","items_purchased":["Loop","Stack","Beam Cell","Ball Lightning"],"gold_per_floor":[15,26,41,41,56,91,91,91,91,91,111,139,139,152,152,278,278,278,278,278,278,9,9,9,9,9,9,9,9,9,9,9,9,9,9,0,0,0,0,0,0,0,0,0,0,0,0,0,0,0],"floor_reached":51,"campfire_rested":5,"playtime":3417,"item_purchase_floors":[22,22,22,22],"current_hp_per_floor":[68,66,66,66,62,35,57,57,57,75,73,71,71,54,75,48,75,70,63,63,40,40,20,57,53,53,53,55,52,52,59,59,66,75,75,75,85,85,85,85,85,85,85,85,85,85,85,75,85,83],"items_purged":["Injury"],"gold":0,"score":987,"play_id":"5ad2a09c-7b32-40fe-b9db-85719e973276","local_time":"20180603011430","is_prod":false,"is_daily":false,"chose_seed":false,"is_ascension_mode":true,"campfire_upgraded":3,"win_rate":0,"timestamp":1527981270,"campfire_choices":[{"floor":7,"key":"REST"},{"floor":10,"key":"REST"},{"floor":15,"key":"REST"},{"floor":24,"key":"REST"},{"data":"Hello World","floor":32,"key":"SMITH"},{"data":"Glacier","floor":40,"key":"SMITH"},{"data":"Go for the Eyes","floor":47,"key":"SMITH"},{"floor":49,"key":"REST"}],"path_taken":["M","M","M","?","M","E","R","?","T","R","M","E","?","M","R","BOSS","M","M","?","M","$","E","R","E","T","M","?","E","?","M","R","BOSS","M","?","?","?","M","R","M","E","T","E","M","?","R","M","R","BOSS"],"build_version":"2018-05-30v2","seed_source_timestamp":1028779399652,"purchased_purges":1,"victory":true,"master_deck":["Zap+1","Dualcast","Hello World+1","Ball Lightning","Go for the Eyes","Genetic Algorithm+1","Force Field","Glacier+1","Ball Lightning","White Noise","Machine Learning","FTL","Gash","Gash","Hologram","Loop","Stack","Beam Cell","Ball Lightning","Self Repair","Gash","Steam","Beam Cell+1","Gash","Electrodynamics","Go for the Eyes+1","Leap","Coolheaded","Conserve Battery","Conserve Battery","Cold Snap","Rebound","Beam Cell+1","Glacier+1","Chill+1","Leap","Blizzard+1","Capacitor+1","Chill","Hologram","Gash+1"],"max_hp_per_floor":[75,75,75,75,75,75,75,75,75,75,75,75,75,75,75,75,75,75,75,75,75,75,75,75,75,75,75,75,75,75,75,75,75,75,75,75,85,85,85,85,85,85,85,85,85,85,85,85,85,85],"relics":["Cracked Core","Calipers","Shuriken","Question Card","Kunai","Golden Idol","Ectoplasm","Regal Pillow","Mummified Hand","Meat on the Bone","DataDisk","Pandora\u0027s Box","Red Mask","Pear","Prayer Wheel","Pantograph","Omamori"],"card_choices":[{"not_picked":["Undo","Chill"],"picked":"Hello World","floor":1},{"not_picked":["Melter","Recycle"],"picked":"Ball Lightning","floor":2},{"not_picked":["Darkness","Cold Snap"],"picked":"Go for the Eyes","floor":3},{"not_picked":["Doom and Gloom","Streamline"],"picked":"Genetic Algorithm","floor":5},{"not_picked":["Steam","Fission"],"picked":"Force Field","floor":6},{"not_picked":["Compile Driver","Sweeping Beam","Rebound"],"picked":"Glacier","floor":11},{"not_picked":["Cold Snap","Compile Driver","Barrage"],"picked":"Ball Lightning","floor":12},{"not_picked":["Streamline","Machine Learning","Beam Cell"],"picked":"White Noise","floor":14},{"not_picked":["Thunder Strike","Echo Form","All For One"],"picked":"Machine Learning","floor":16},{"not_picked":["Barrage","Coolheaded+1","Ball Lightning"],"picked":"FTL","floor":18},{"not_picked":["Double Energy","Cold Snap+1","Conserve Battery"],"picked":"Gash","floor":19},{"not_picked":["Skim","Reprogram","Streamline"],"picked":"Hologram","floor":21},{"not_picked":["Leap+1","FTL","Static Discharge"],"picked":"Self Repair","floor":23},{"not_picked":["Fusion+1","Steam+1","Streamline"],"picked":"Gash","floor":25},{"not_picked":["Barrage","Genetic Algorithm","Turbo+1","Compile Driver"],"picked":"SKIP","floor":27},{"not_picked":["Sunder","Lockon","Ball Lightning"],"picked":"Steam","floor":28},{"not_picked":["Rainbow","Steam","Melter"],"picked":"Beam Cell+1","floor":29},{"not_picked":["White Noise","Rebound","Leap+1"],"picked":"Gash","floor":31},{"not_picked":["Thunder Strike","Machine Learning","Biased Cognition"],"picked":"Electrodynamics","floor":33},{"not_picked":["Rebound+1","Heatsinks+1","Aggregate+1"],"picked":"Beam Cell+1","floor":35},{"not_picked":["Skim","Double Energy","Rip and Tear+1"],"picked":"Glacier+1","floor":39},{"not_picked":["Chaos+1","Go for the Eyes+1","Double Energy"],"picked":"Chill+1","floor":41},{"not_picked":["Force Field+1","Rebound","Fusion"],"picked":"Leap","floor":42},{"not_picked":["Scrape","Conserve Battery+1","Auto Shields+1"],"picked":"Blizzard+1","floor":44},{"not_picked":["Conserve Battery","Force Field+1","Hologram"],"picked":"Capacitor+1","floor":45},{"not_picked":["Force Field","Melter","Sweeping Beam"],"picked":"Chill","floor":45},{"not_picked":["Streamline+1","Fusion+1","Go for the Eyes"],"picked":"Hologram","floor":48},{"not_picked":["Steam","Coolheaded","Ball Lightning+1"],"picked":"Gash+1","floor":48}],"player_experience":201912,"potions_floor_usage":[6,11,14,16,19,27,33,39,50],"damage_taken":[{"damage":7,"enemies":"Small Slimes","floor":1,"turns":4},{"damage":2,"enemies":"Jaw Worm","floor":2,"turns":4},{"damage":0,"enemies":"Cultist","floor":3,"turns":3},{"damage":4,"enemies":"Red Slaver","floor":5,"turns":4},{"damage":27,"enemies":"Gremlin Nob","floor":6,"turns":4},{"damage":2,"enemies":"2 Fungi Beasts","floor":11,"turns":4},{"damage":2,"enemies":"Lagavulin","floor":12,"turns":7},{"damage":17,"enemies":"3 Louse","floor":14,"turns":3},{"damage":27,"enemies":"The Guardian","floor":16,"turns":11},{"damage":5,"enemies":"Spheric Guardian","floor":18,"turns":4},{"damage":7,"enemies":"Shell Parasite","floor":19,"turns":7},{"damage":23,"enemies":"Snake Plant","floor":21,"turns":6},{"damage":20,"enemies":"Book of Stabbing","floor":23,"turns":5},{"damage":11,"enemies":"Gremlin Leader","floor":25,"turns":8},{"damage":19,"enemies":"Cultist and Chosen","floor":27,"turns":6},{"damage":12,"enemies":"Centurion and Healer","floor":28,"turns":6},{"damage":22,"enemies":"Book of Stabbing","floor":29,"turns":5},{"damage":0,"enemies":"Snecko","floor":31,"turns":4},{"damage":0,"enemies":"Collector","floor":33,"turns":8},{"damage":0,"enemies":"Flame Bruiser 1 Orb","floor":35,"turns":6},{"damage":2,"enemies":"3 Shapes","floor":39,"turns":4},{"damage":0,"enemies":"Transient","floor":41,"turns":5},{"damage":0,"enemies":"Nemesis","floor":42,"turns":9},{"damage":0,"enemies":"2 Orb Walkers","floor":44,"turns":5},{"damage":0,"enemies":"Maw","floor":45,"turns":7},{"damage":17,"enemies":"Spire Growth","floor":48,"turns":5},{"damage":2,"enemies":"Awakened One","floor":50,"turns":18}],"relics_obtained":[{"floor":6,"key":"Shuriken"},{"floor":9,"key":"Question Card"},{"floor":12,"key":"Kunai"},{"floor":23,"key":"Regal Pillow"},{"floor":25,"key":"Mummified Hand"},{"floor":26,"key":"Meat on the Bone"},{"floor":29,"key":"DataDisk"},{"floor":37,"key":"Pear"},{"floor":42,"key":"Prayer Wheel"},{"floor":43,"key":"Pantograph"},{"floor":44,"key":"Omamori"}],"event_choices":[{"event_name":"Living Wall","player_choice":"Grow","floor":4,"damage_taken":0},{"event_name":"Accursed Blacksmith","player_choice":"Forge","floor":8,"damage_taken":0},{"event_name":"Golden Idol","player_choice":"Take Wound","floor":13,"damage_taken":0},{"event_name":"The Library","player_choice":"Read","floor":20,"damage_taken":0},{"event_name":"Vampires","player_choice":"Ignored","floor":30,"damage_taken":0},{"event_name":"Tomb of Lord Red Mask","player_choice":"Paid","floor":36,"damage_taken":0}],"boss_relics":[{"not_picked":["White Beast Statue","Eternal Feather"],"picked":"Ectoplasm"},{"not_picked":["Lizard Tail","Calling Bell"],"picked":"Pandora\u0027s Box"}],"items_purged_floors":[22],"potions_floor_spawned":[1,3,5,11,16,21,23,27,29,35,42,48],"seed_played":"5585234890657862278","ascension_level":2,"potions_obtained":[{"floor":1,"key":"Energy Potion"},{"floor":3,"key":"Strength Potion"},{"floor":5,"key":"SpeedPotion"},{"floor":11,"key":"GamblersBrew"},{"floor":16,"key":"SpeedPotion"},{"floor":21,"key":"GamblersBrew"},{"floor":23,"key":"Ancient Potion"},{"floor":27,"key":"Energy Potion"},{"floor":29,"key":"SpeedPotion"},{"floor":35,"key":"Swift Potion"},{"floor":42,"key":"LiquidBronze"}],"is_trial":false}