{"gold_per_floor":[110,125,142,142,142,142,161,188,211,226,226,242,242,142,142,213,213,223,241,251,251,266,266,131,183,183,201,220,220,240,240,240,311,311,329,341,241,251,268,268,283,283,332,346,3,3,403,403,403,403],"floor_reached":51,"playtime":13025,"items_purged":["Strike_R","Strike_R","Strike_R"],"score":1171,"play_id":"6579ebd4-a39a-48ae-990f-b36f68053882","local_time":"20190115151242","is_ascension_mode":true,"campfire_choices":[{"data":"Rampage","floor":6.0,"key":"SMITH"},{"floor":11.0,"key":"REST"},{"data":"True Grit","floor":13.0,"key":"SMITH"},{"data":"Havoc","floor":15.0,"key":"SMITH"},{"floor":23.0,"key":"REST"},{"data":"Juggernaut","floor":29.0,"key":"SMITH"},{"data":"Shrug It Off","floor":32,"key":"SMITH"},{"data":"Double Tap","floor":40,"key":"SMITH"},{"data":"Clothesline","floor":42,"key":"SMITH"},{"data":"Inflame","floor":49,"key":"SMITH"}],"neow_cost":"TEN_PERCENT_HP_LOSS","seed_source_timestamp":532423364677969,"circlet_count":0,"master_deck":["AscendersBane","Strike_R+1","Defend_R","Defend_R","Defend_R","Defend_R","Bash","Reaper+1","Rampage+1","Clothesline+1","Thunderclap","Havoc+1","Reaper","Rage","Inflame+1","True Grit+1","Shrug It Off+1","Juggernaut+1","Hemokinesis+1","Disarm+1","Rupture","Double Tap+1","Power Through+1","Headbutt+1"],"special_seed":0,"relics":["Burning Blood","Bag of Marbles","Vajra","Busted Crown","Self Forming Clay","Bronze Scales","Red Skull","Snecko Eye","Lantern","Bag of Preparation","Old Coin"],"potions_floor_usage":[30,39,41,50,50],"damage_taken":[{"damage":11.0,"enemies":"Jaw Worm","floor":1.0,"turns":4.0},{"damage":15.0,"enemies":"2 Louse","floor":2.0,"turns":4.0},{"damage":6.0,"enemies":"Cultist","floor":3.0,"turns":4.0},{"damage":7.0,"enemies":"Exordium Thugs","floor":7.0,"turns":4.0},{"damage":67.0,"enemies":"3 Sentries","floor":8.0,"turns":9.0},{"damage":20.0,"enemies":"Exordium Wildlife","floor":10.0,"turns":4.0},{"damage":11.0,"enemies":"Looter","floor":12.0,"turns":3.0},{"damage":44.0,"enemies":"Hexaghost","floor":16.0,"turns":13.0},{"damage":19.0,"enemies":"Shell Parasite","floor":18.0,"turns":5.0},{"damage":19.0,"enemies":"Chosen","floor":19.0,"turns":4.0},{"damage":25.0,"enemies":"Sentry and Sphere","floor":20.0,"turns":6.0},{"damage":30.0,"enemies":"Cultist and Chosen","floor":22.0,"turns":7.0},{"damage":14.0,"enemies":"Snake Plant","floor":27.0,"turns":3.0},{"damage":18.0,"enemies":"Centurion and Healer","floor":28.0,"turns":6.0},{"damage":26,"enemies":"Cultist and Chosen","floor":30,"turns":7},{"damage":78,"enemies":"Collector","floor":33,"turns":9},{"damage":4,"enemies":"Orb Walker","floor":35,"turns":3},{"damage":19,"enemies":"3 Shapes","floor":36,"turns":4},{"damage":66,"enemies":"Maw","floor":38,"turns":9},{"damage":15,"enemies":"4 Shapes","floor":39,"turns":6},{"damage":21,"enemies":"Spire Growth","floor":41,"turns":5},{"damage":21,"enemies":"Sphere and 2 Shapes","floor":44,"turns":5},{"damage":2,"enemies":"Mind Bloom Boss Battle","floor":47,"turns":4},{"damage":53,"enemies":"Awakened One","floor":50,"turns":11}],"seed_played":"1256650063259948298","potions_obtained":[{"floor":7.0,"key":"Poison Potion"},{"floor":8.0,"key":"GamblersBrew"},{"floor":16.0,"key":"Weak Potion"},{"floor":18.0,"key":"Dexterity Potion"},{"floor":22.0,"key":"Ancient Potion"},{"floor":35,"key":"Explosive Potion"},{"floor":39,"key":"Poison Potion"}],"is_trial":false,"path_per_floor":["M","M","M","?","?","R","M","E","T","M","R","M","R","$","R","B",null,"M","M","M","T","M","R","$","T","T","M","M","R","M","?","R","B",null,"M","M","$","M","M","R","M","R","T","M","$","?","?","?","R","B",null],"character_chosen":"IRONCLAD","items_purchased":["Shrug It Off","Disarm","Poison Potion","Block Potion","Bag of Preparation"],"campfire_rested":2,"item_purchase_floors":[14,24,24,45,45],"current_hp_per_floor":[63,64,68,48,48,48,47,13,13,16,36,40,40,40,40,14,55,42,51,32,32,14,34,34,34,34,47,61,61,53,53,53,10,54,68,68,68,18,58,58,58,58,58,50,50,50,65,65,65,40],"gold":403,"neow_bonus":"THREE_RARE_CARDS","is_prod":false,"is_daily":false,"chose_seed":false,"campfire_upgraded":8,"win_rate":0,"timestamp":1547593962,"path_taken":["M","M","M","?","?","R","M","E","T","M","R","M","R","$","R","BOSS","M","M","M","?","M","R","?","?","T","M","?","R","M","?","R","BOSS","M","M","?","M","?","R","M","R","T","M","$","?","?","?","R","BOSS"],"build_version":"2019-01-10","purchased_purges":3,"victory":true,"max_hp_per_floor":[68,68,68,68,68,68,68,68,68,68,68,68,68,68,68,68,68,68,68,68,68,68,68,68,68,68,68,68,68,68,68,68,68,68,68,68,68,68,68,68,68,68,68,68,68,65,65,65,65,65],"card_choices":[{"not_picked":["Barricade","Berserk"],"picked":"Reaper","floor":0.0},{"not_picked":["Sword Boomerang","Warcry"],"picked":"Rampage","floor":1.0},{"not_picked":["Dropkick","Dual Wield"],"picked":"Clothesline","floor":2.0},{"not_picked":["Cleave","Sword Boomerang"],"picked":"Thunderclap","floor":3.0},{"not_picked":["Pommel Strike","Sentinel"],"picked":"Reaper","floor":7.0},{"not_picked":["Flex","Thunderclap"],"picked":"Rage","floor":8.0},{"not_picked":["Ghostly Armor","Clothesline"],"picked":"Inflame","floor":10.0},{"not_picked":["Clash","Perfected Strike"],"picked":"True Grit","floor":12.0},{"not_picked":["Dark Embrace","Brutality"],"picked":"Juggernaut","floor":16.0},{"not_picked":["True Grit"],"picked":"SKIP","floor":18.0},{"not_picked":["Seeing Red"],"picked":"SKIP","floor":19.0},{"not_picked":[],"picked":"Hemokinesis+1","floor":20.0},{"not_picked":["Perfected Strike"],"picked":"SKIP","floor":22.0},{"not_picked":["Burning Pact"],"picked":"SKIP","floor":27.0},{"not_picked":["Pommel Strike"],"picked":"SKIP","floor":28.0},{"not_picked":[],"picked":"Rupture","floor":30},{"not_picked":[],"picked":"Double Tap","floor":33},{"not_picked":["Whirlwind"],"picked":"SKIP","floor":35},{"not_picked":[],"picked":"Power Through+1","floor":36},{"not_picked":[],"picked":"Headbutt+1","floor":38},{"not_picked":["Twin Strike"],"picked":"SKIP","floor":39},{"not_picked":["Pommel Strike"],"picked":"SKIP","floor":41},{"not_picked":["Armaments"],"picked":"SKIP","floor":44}],"player_experience":1683350,"relics_obtained":[{"floor":8.0,"key":"Bag of Marbles"},{"floor":9.0,"key":"Vajra"},{"floor":21.0,"key":"Self Forming Clay"},{"floor":25.0,"key":"Bronze Scales"},{"floor":26.0,"key":"Red Skull"},{"floor":43,"key":"Lantern"},{"floor":47,"key":"Old Coin"}],"event_choices":[{"damage_healed":0.0,"max_hp_gain":0.0,"max_hp_loss":0.0,"gold_gain":0.0,"event_name":"Shining Light","player_choice":"Entered Light","floor":4.0,"gold_loss":0.0,"damage_taken":20.0,"cards_upgraded":["Reaper","Strike_R"]},{"damage_healed":0.0,"max_hp_gain":0.0,"max_hp_loss":0.0,"gold_gain":0.0,"cards_transformed":["Strike_R"],"event_name":"Transmorgrifier","player_choice":"Transformed","floor":5.0,"gold_loss":0.0,"damage_taken":0.0,"cards_obtained":["Havoc"]},{"damage_healed":0,"gold_gain":0,"player_choice":"Forge","damage_taken":0,"max_hp_gain":0,"max_hp_loss":0,"event_name":"Accursed Blacksmith","floor":31,"gold_loss":0,"cards_upgraded":["Disarm"]},{"damage_healed":0,"gold_gain":0,"player_choice":"Max HP","damage_taken":0,"max_hp_gain":0,"max_hp_loss":3,"event_name":"Winding Halls","floor":46,"gold_loss":0},{"damage_healed":0,"gold_gain":0,"player_choice":"Fight","damage_taken":0,"max_hp_gain":0,"max_hp_loss":0,"event_name":"MindBloom","floor":47,"gold_loss":0},{"damage_healed":0,"gold_gain":0,"player_choice":"Ignored","damage_taken":0,"max_hp_gain":0,"max_hp_loss":0,"event_name":"Mysterious Sphere","floor":48,"gold_loss":0}],"is_beta":false,"boss_relics":[{"not_picked":["Black Blood","Runic Pyramid"],"picked":"Busted Crown"},{"not_picked":["White Beast Statue","Pandora\u0027s Box"],"picked":"Snecko Eye"}],"items_purged_floors":[14,37,45],"is_endless":false,"potions_floor_spawned":[7,8,16,18,22,27,35,38,39],"ascension_level":18}