{"path_per_floor":["M","M","M","?","M","E","R","M","T","E","M","E","R","$","R","B",null,"M","M","?","?","M","E","?","R","T","?","E","R","M","M","R","B",null,"M","M","$","?","?","E","M","M","T","?","M","M","M","M","R","B"],"character_chosen":"IRONCLAD","items_purchased":["Uppercut","Inflame","Jack Of All Trades","Toxic Egg 2","Flex","Inflame","Madness"],"gold_per_floor":[117,135,146,146,163,192,192,209,209,237,251,277,277,78,78,182,182,200,218,251,251,268,295,295,295,295,295,330,330,346,363,363,460,460,476,492,38,38,38,69,86,101,101,101,115,131,148,160,160,160],"floor_reached":51,"campfire_rested":1,"playtime":2844,"item_purchase_floors":[14,14,14,37,37,37,37],"current_hp_per_floor":[80,80,80,83,86,83,83,84,84,81,86,83,83,83,83,89,106,93,99,92,92,89,71,71,71,71,71,54,87,91,96,96,51,96,84,80,80,80,66,11,12,15,15,97,69,89,86,83,83,13],"items_purged":[],"gold":160,"score":1029,"play_id":"21465756-8fbe-42f3-8c4d-8417a7e16e98","local_time":"20180612152325","is_prod":false,"is_daily":false,"chose_seed":false,"is_ascension_mode":true,"campfire_upgraded":6,"win_rate":0,"timestamp":1528809805,"campfire_choices":[{"data":"Iron Wave","floor":7,"key":"SMITH"},{"data":"Iron Wave","floor":13,"key":"SMITH"},{"data":"Uppercut","floor":15,"key":"SMITH"},{"data":"Jack Of All Trades","floor":25,"key":"SMITH"},{"floor":29,"key":"REST"},{"data":"Entrench","floor":32,"key":"SMITH"},{"data":"Shockwave","floor":49,"key":"SMITH"}],"path_taken":["M","M","M","?","M","E","R","M","T","E","M","E","R","?","R","BOSS","M","M","?","?","M","E","?","R","T","?","E","R","M","M","R","BOSS","M","M","$","?","?","E","M","M","T","?","M","M","M","M","R","BOSS"],"build_version":"2018-06-11","seed_source_timestamp":23320140478317,"purchased_purges":0,"victory":true,"master_deck":["Strike_R+1","Strike_R+1","Strike_R+1","Strike_R+1","Strike_R+1","Defend_R+1","Defend_R+1","Defend_R+1","Bash","Fiend Fire","Heavy Blade","Metallicize","Iron Wave+1","Iron Wave+1","Clash","Rage","Twin Strike","Clash","Spot Weakness","Uppercut+1","Inflame","Jack Of All Trades+1","Double Tap","Blood for Blood+1","Shockwave+1","Pommel Strike","Entrench+1","Pommel Strike","Iron Wave","Iron Wave+1","Flex+1","Inflame","Madness+1","Madness+1","Madness+1","Thunderclap","Flex+1","Thunderclap+1","Evolve+1","Inflame+1","Headbutt"],"max_hp_per_floor":[80,80,80,90,90,97,97,97,97,111,111,111,111,111,111,111,111,111,111,111,111,111,111,111,111,111,111,111,111,111,111,111,111,111,111,111,111,111,111,111,111,111,111,97,97,97,97,97,97,97],"special_seed":17694,"relics":["Burning Blood","Pear","Strawberry","Ornamental Fan","Mango","Omamori","Busted Crown","Red Mask","Happy Flower","Self Forming Clay","Thread and Needle","Champion Belt","Snecko Eye","Toxic Egg 2","Juzu Bracelet","Matryoshka"],"card_choices":[{"not_picked":["Sentinel","Burning Pact"],"picked":"Heavy Blade","floor":1},{"not_picked":["Twin Strike","Heavy Blade"],"picked":"Metallicize","floor":2},{"not_picked":["Feel No Pain","Armaments"],"picked":"Iron Wave","floor":3},{"not_picked":["Body Slam","Wild Strike"],"picked":"Iron Wave","floor":5},{"not_picked":["Headbutt","Bloodletting"],"picked":"Clash","floor":6},{"not_picked":["Anger","Body Slam"],"picked":"Rage","floor":8},{"not_picked":["Reckless Charge","Whirlwind"],"picked":"Twin Strike","floor":10},{"not_picked":["Wild Strike","Havoc"],"picked":"Clash","floor":11},{"not_picked":["Clash","Pommel Strike"],"picked":"Spot Weakness","floor":12},{"not_picked":["Fiend Fire","Dark Embrace"],"picked":"Double Tap","floor":16},{"not_picked":[],"picked":"Blood for Blood+1","floor":18},{"not_picked":[],"picked":"Shockwave","floor":19},{"not_picked":["Armaments"],"picked":"SKIP","floor":22},{"not_picked":["Armaments"],"picked":"SKIP","floor":23},{"not_picked":[],"picked":"Pommel Strike","floor":28},{"not_picked":[],"picked":"Entrench","floor":30},{"not_picked":[],"picked":"Pommel Strike","floor":31},{"not_picked":[],"picked":"Iron Wave","floor":35},{"not_picked":[],"picked":"Iron Wave+1","floor":36},{"not_picked":[],"picked":"Thunderclap","floor":40},{"not_picked":[],"picked":"Flex+1","floor":41},{"not_picked":[],"picked":"Thunderclap+1","floor":42},{"not_picked":["Burning Pact+1"],"picked":"SKIP","floor":45},{"not_picked":[],"picked":"Evolve+1","floor":46},{"not_picked":[],"picked":"Inflame+1","floor":47},{"not_picked":[],"picked":"Headbutt","floor":48}],"player_experience":250423,"potions_floor_usage":[16,16,19,33,35,36,45,46,48,50],"damage_taken":[{"damage":4,"enemies":"Jaw Worm","floor":1,"turns":4},{"damage":0,"enemies":"2 Louse","floor":2,"turns":2},{"damage":2,"enemies":"Cultist","floor":3,"turns":4},{"damage":3,"enemies":"Exordium Thugs","floor":5,"turns":4},{"damage":16,"enemies":"3 Sentries","floor":6,"turns":8},{"damage":5,"enemies":"2 Fungi Beasts","floor":8,"turns":3},{"damage":23,"enemies":"Gremlin Nob","floor":10,"turns":5},{"damage":1,"enemies":"Looter","floor":11,"turns":2},{"damage":9,"enemies":"3 Sentries","floor":12,"turns":8},{"damage":0,"enemies":"Slime Boss","floor":16,"turns":5},{"damage":19,"enemies":"Spheric Guardian","floor":18,"turns":4},{"damage":0,"enemies":"Shell Parasite","floor":19,"turns":3},{"damage":13,"floor":20,"turns":3},{"damage":9,"enemies":"Centurion and Healer","floor":22,"turns":5},{"damage":24,"enemies":"Slavers","floor":23,"turns":4},{"damage":23,"enemies":"Gremlin Leader","floor":28,"turns":8},{"damage":2,"enemies":"Cultist and Chosen","floor":30,"turns":6},{"damage":1,"enemies":"Snecko","floor":31,"turns":4},{"damage":51,"enemies":"Automaton","floor":33,"turns":10},{"damage":18,"enemies":"3 Darklings","floor":35,"turns":7},{"damage":10,"enemies":"Flame Bruiser 1 Orb","floor":36,"turns":6},{"damage":61,"enemies":"2 Orb Walkers","floor":40,"turns":6},{"damage":5,"enemies":"3 Darklings","floor":41,"turns":4},{"damage":3,"enemies":"Flame Bruiser 2 Orb","floor":42,"turns":4},{"damage":34,"enemies":"Sphere and 2 Shapes","floor":45,"turns":8},{"damage":0,"enemies":"3 Darklings","floor":46,"turns":6},{"damage":9,"enemies":"4 Shapes","floor":47,"turns":4},{"damage":9,"enemies":"Maw","floor":48,"turns":7},{"damage":80,"enemies":"Time Eater","floor":50,"turns":11}],"relics_obtained":[{"floor":6,"key":"Strawberry"},{"floor":9,"key":"Ornamental Fan"},{"floor":10,"key":"Mango"},{"floor":12,"key":"Omamori"},{"floor":20,"key":"Red Mask"},{"floor":23,"key":"Happy Flower"},{"floor":26,"key":"Self Forming Clay"},{"floor":28,"key":"Champion Belt"},{"floor":40,"key":"Juzu Bracelet"},{"floor":43,"key":"Matryoshka"}],"event_choices":[{"event_name":"Scrap Ooze","player_choice":"success","floor":4,"damage_taken":7},{"event_name":"Masked Bandits","player_choice":"Fought over 218 gold","floor":20,"damage_taken":0},{"event_name":"Back to Basics","player_choice":"Simplicity","floor":21,"damage_taken":0},{"event_name":"Ghosts","player_choice":"Ignored","floor":24,"damage_taken":0},{"event_name":"The Mausoleum","player_choice":"Yes","floor":27,"damage_taken":0},{"event_name":"Falling","player_choice":"Removed Skill","floor":38,"damage_taken":0},{"event_name":"Winding Halls","player_choice":"Embrace Madness","floor":39,"damage_taken":0},{"event_name":"The Moai Head","player_choice":"Heal","floor":44,"damage_taken":0}],"boss_relics":[{"not_picked":["Sozu","Runic Cube"],"picked":"Busted Crown"},{"not_picked":["Runic Pyramid","Tiny House"],"picked":"Snecko Eye"}],"items_purged_floors":[],"potions_floor_spawned":[2,5,10,12,18,28,31,33,41,45,46,48],"seed_played":"4696542489591801633","ascension_level":5,"potions_obtained":[{"floor":2,"key":"Dexterity Potion"},{"floor":5,"key":"SteroidPotion"},{"floor":10,"key":"Fire Potion"},{"floor":18,"key":"SkillPotion"},{"floor":28,"key":"Explosive Potion"},{"floor":31,"key":"PowerPotion"},{"floor":33,"key":"Energy Potion"},{"floor":41,"key":"Swift Potion"},{"floor":45,"key":"Regen Potion"},{"floor":46,"key":"Swift Potion"},{"floor":48,"key":"Explosive Potion"}],"is_trial":false}