{"gold_per_floor":[111,121,121,136,86,97,97,116,116,116,31,31,66,121,121,221,221,236,256,256,274,284,199,199,210,260,260,289,289,301,314,314,314],"floor_reached":33,"playtime":1382,"items_purged":[],"score":382,"play_id":"7899aba5-c9df-4787-bdb8-59d9c9a26662","local_time":"20180916183001","is_ascension_mode":true,"campfire_choices":[{"data":"Crippling Poison","floor":7,"key":"SMITH"},{"data":"Neutralize","floor":10,"key":"SMITH"},{"data":"Poisoned Stab","floor":12,"key":"SMITH"},{"data":"Footwork","floor":15,"key":"SMITH"},{"floor":27,"key":"REST"},{"floor":29,"key":"REST"},{"floor":32,"key":"REST"}],"neow_cost":"NONE","seed_source_timestamp":78241739026443,"circlet_count":0,"master_deck":["Defend_G","Defend_G","Defend_G","Defend_G","Defend_G","Strike_G","Strike_G","Strike_G","Strike_G","Survivor","Neutralize+1","Crippling Poison+1","Heel Hook","Poisoned Stab+1","Well Laid Plans","Footwork+1","Glass Knife","Slice","Prepared+1","Bane+1","Malaise","Masterful Stab+1","Backstab+1","Poisoned Stab"],"relics":["Ring of the Snake","Snake Skull","PreservedInsect","Juzu Bracelet","Tiny Chest","White Beast Statue","Blue Candle","Art of War","Happy Flower"],"potions_floor_usage":[6,6,8,13,16,19,21,22,24,30,31,33,33],"damage_taken":[{"damage":0,"enemies":"Jaw Worm","floor":1,"turns":5},{"damage":0,"enemies":"Cultist","floor":2,"turns":3},{"damage":0,"enemies":"Small Slimes","floor":4,"turns":4},{"damage":2,"enemies":"Exordium Wildlife","floor":6,"turns":4},{"damage":2,"enemies":"Blue Slaver","floor":8,"turns":4},{"damage":7,"enemies":"3 Sentries","floor":13,"turns":8},{"damage":0,"enemies":"The Guardian","floor":16,"turns":9},{"damage":21,"enemies":"Spheric Guardian","floor":18,"turns":6},{"damage":14,"enemies":"2 Thieves","floor":19,"turns":4},{"damage":6,"enemies":"Snake Plant","floor":21,"turns":4},{"damage":9,"enemies":"Chosen and Byrds","floor":22,"turns":7},{"damage":0,"enemies":"Slavers","floor":24,"turns":1},{"damage":6,"enemies":"Shelled Parasite and Fungi","floor":25,"turns":5},{"damage":0,"enemies":"Gremlin Leader","floor":28,"turns":4},{"damage":1,"enemies":"3 Cultists","floor":30,"turns":5},{"damage":1,"enemies":"Centurion and Healer","floor":31,"turns":4},{"damage":66,"enemies":"Collector","floor":33,"turns":7}],"seed_played":"3204927702228243311","potions_obtained":[{"floor":2,"key":"EntropicBrew"},{"floor":4,"key":"Ancient Potion"},{"floor":18,"key":"Strength Potion"},{"floor":19,"key":"PowerPotion"},{"floor":21,"key":"PowerPotion"},{"floor":22,"key":"SmokeBomb"},{"floor":25,"key":"Energy Potion"},{"floor":28,"key":"GhostInAJar"},{"floor":30,"key":"FearPotion"},{"floor":31,"key":"GamblersBrew"}],"is_trial":false,"path_per_floor":["M","M","?","M","?","M","R","M","T","R","$","R","E","T","R","B",null,"M","M","?","M","M","?","E","M","T","R","E","R","M","M","R"],"character_chosen":"THE_SILENT","items_purchased":["Poisoned Stab","Well Laid Plans"],"campfire_rested":3,"item_purchase_floors":[11,11],"current_hp_per_floor":[70,70,70,70,70,68,68,66,66,66,66,66,59,59,59,59,70,49,35,22,16,7,7,7,1,1,23,23,45,44,43,65,0],"gold":314,"neow_bonus":"RANDOM_COMMON_RELIC","is_prod":false,"is_daily":false,"chose_seed":false,"campfire_upgraded":4,"win_rate":0,"timestamp":1537115401,"path_taken":["M","M","?","M","?","?","R","M","T","R","?","R","E","?","R","BOSS","M","M","?","M","M","?","E","M","T","R","E","R","M","M","R","BOSS"],"build_version":"2018-09-12","purchased_purges":0,"victory":false,"max_hp_per_floor":[70,70,70,70,70,70,70,70,70,70,70,70,70,70,70,70,70,70,70,75,75,75,75,75,75,75,75,75,75,75,75,75,75],"card_choices":[{"not_picked":["Outmaneuver","Dodge and Roll","Quick Slash"],"picked":"SKIP","floor":1},{"not_picked":["Eviscerate","Dagger Throw"],"picked":"Crippling Poison","floor":2},{"not_picked":["All Out Attack","PiercingWail"],"picked":"Crippling Poison","floor":4},{"not_picked":["Acrobatics","Calculated Gamble","Predator"],"picked":"SKIP","floor":6},{"not_picked":["Expertise","PiercingWail"],"picked":"Heel Hook","floor":8},{"not_picked":["Backflip","Sucker Punch"],"picked":"Footwork","floor":13},{"not_picked":["Doppelganger","Envenom"],"picked":"Glass Knife","floor":16},{"not_picked":["Dodge and Roll+1","PiercingWail"],"picked":"Slice","floor":18},{"not_picked":["Underhanded Strike","Flying Knee"],"picked":"Prepared+1","floor":19},{"not_picked":["Acrobatics","Finisher"],"picked":"Bane+1","floor":21},{"not_picked":["Outmaneuver","Underhanded Strike"],"picked":"Malaise","floor":22},{"not_picked":["Caltrops+1","Dagger Spray"],"picked":"Masterful Stab+1","floor":25},{"not_picked":["Flying Knee","Dodge and Roll","Choke"],"picked":"SKIP","floor":28},{"not_picked":["Acrobatics+1","Quick Slash"],"picked":"Backstab+1","floor":30},{"not_picked":["Flechettes+1","Deflect"],"picked":"Poisoned Stab","floor":31}],"player_experience":133608,"relics_obtained":[{"floor":9,"key":"PreservedInsect"},{"floor":13,"key":"Juzu Bracelet"},{"floor":14,"key":"Tiny Chest"},{"floor":26,"key":"Art of War"},{"floor":28,"key":"Happy Flower"}],"event_choices":[{"event_name":"Bonfire Elementals","player_choice":"UNCOMMON","floor":3,"damage_taken":0},{"event_name":"The Cleric","player_choice":"Card Removal","floor":5,"damage_taken":0},{"event_name":"Forgotten Altar","player_choice":"Shed Blood","floor":20,"damage_taken":0},{"event_name":"Addict","player_choice":"Obtained Relic","floor":23,"damage_taken":0}],"is_beta":true,"boss_relics":[{"not_picked":["WristBlade","Velvet Choker"],"picked":"White Beast Statue"}],"items_purged_floors":[],"is_endless":false,"potions_floor_spawned":[2,4,6,18,19,21,22,24,25,28,30,31],"killed_by":"Collector","ascension_level":1}