{"gold_per_floor":[109,34,46,46,65,65,100,100,100,115,115],"floor_reached":11,"playtime":335,"items_purged":["Strike_B"],"score":77,"play_id":"b2634ddf-4d60-4d67-a2ec-e6cad305bb6a","local_time":"20190109113205","is_ascension_mode":true,"campfire_choices":[{"data":"Hologram","floor":6,"key":"SMITH"},{"data":"Hologram","floor":8,"key":"SMITH"}],"neow_cost":"NONE","seed_source_timestamp":103411973048503,"circlet_count":0,"master_deck":["Strike_B","Strike_B","Strike_B","Defend_B","Defend_B","Defend_B","Defend_B","Zap","Dualcast","Gash","Hologram+1","Hologram+1"],"relics":["Cracked Core","Darkstone Periapt","Regal Pillow"],"potions_floor_usage":[],"damage_taken":[{"damage":1,"enemies":"Cultist","floor":1,"turns":3},{"damage":1,"enemies":"Jaw Worm","floor":3,"turns":3},{"damage":0,"enemies":"2 Louse","floor":5,"turns":2},{"damage":31,"enemies":"Lagavulin","floor":7,"turns":8},{"damage":6,"enemies":"Exordium Wildlife","floor":10,"turns":4},{"damage":47,"enemies":"Gremlin Nob","floor":11,"turns":4}],"seed_played":"-2836001138058255606","potions_obtained":[{"floor":3,"key":"FairyPotion"},{"floor":4,"key":"Dexterity Potion"},{"floor":4,"key":"SmokeBomb"},{"floor":10,"key":"EntropicBrew"}],"is_trial":false,"path_per_floor":["M","$","M","?","M","R","E","R","T","M","E"],"character_chosen":"DEFECT","items_purchased":[],"campfire_rested":0,"item_purchase_floors":[],"current_hp_per_floor":[74,74,73,73,73,73,42,42,42,36,0],"gold":115,"neow_bonus":"THREE_CARDS","is_prod":false,"is_daily":false,"chose_seed":false,"campfire_upgraded":2,"win_rate":0,"timestamp":1546993925,"path_taken":["M","$","M","?","M","R","E","R","T","?","E"],"build_version":"2018-11-15","purchased_purges":1,"victory":false,"max_hp_per_floor":[75,75,75,75,75,75,75,75,75,75,75],"card_choices":[{"not_picked":["Sweeping Beam","Coolheaded"],"picked":"Gash","floor":0},{"not_picked":["Rebound","Barrage"],"picked":"Hologram","floor":1},{"not_picked":["Reinforced Body","Streamline","Meteor Strike"],"picked":"SKIP","floor":3},{"not_picked":["Redo","Beam Cell"],"picked":"Hologram","floor":5},{"not_picked":["Stack","Storm","Genetic Algorithm"],"picked":"SKIP","floor":7},{"not_picked":["Skim","Barrage","Leap"],"picked":"SKIP","floor":10}],"player_experience":1058255,"relics_obtained":[{"floor":7,"key":"Darkstone Periapt"},{"floor":9,"key":"Regal Pillow"}],"event_choices":[{"damage_healed":0,"gold_gain":0,"player_choice":"Got Potions","damage_taken":0,"max_hp_gain":0,"max_hp_loss":0,"event_name":"Lab","floor":4,"gold_loss":0}],"is_beta":true,"boss_relics":[],"items_purged_floors":[2],"is_endless":false,"potions_floor_spawned":[3,7,10],"killed_by":"Gremlin Nob","ascension_level":1}