{"path_per_floor":["M","?","?","M","$","E","R","?","T","T","?","R","$","M","R","B",null,"M","M","?","?","$","M","R","M","T","E","$","M"],"character_chosen":"IRONCLAD","items_purchased":["Apotheosis"],"gold_per_floor":[113,113,113,133,58,86,86,86,162,243,213,213,113,130,130,230,230,245,258,258,258,45,55,55,67,90,152,27,40],"floor_reached":30,"campfire_rested":2,"playtime":2565,"current_hp_per_floor":[80,80,87,72,72,24,50,43,43,43,43,69,69,74,74,20,87,86,72,72,72,72,35,41,41,41,28,28,34],"items_purged":["Regret","Strike_R","Pain"],"gold":40,"play_id":"58b01afb-df3f-4886-a2cb-e3973a1ff986","is_prod":false,"is_daily":false,"campfire_rituals":0,"campfire_upgraded":2,"is_hardmode":false,"path_taken":["M","?","?","M","$","E","R","?","T","?","?","R","?","M","R","BOSS","M","M","?","?","$","M","R","M","T","E","$","M","E"],"build_version":"2018-01-18-PROD4","purchased_purges":4,"victory":false,"master_deck":["Strike_R","Strike_R","Defend_R","Defend_R","Defend_R","Defend_R","Bash","Body Slam","Armaments","Sentinel","Thunderclap","Impervious","Shrug It Off","Inflame","Pommel Strike","Apotheosis","Flame Barrier"],"max_hp_per_floor":[80,80,87,87,87,87,87,87,87,87,87,87,87,87,87,87,87,87,87,87,87,87,87,87,87,87,87,87,87],"relics":["Burning Blood","Strawberry","Pantograph","Mercury Hourglass","Ornamental Fan","Eternal Feather","Lantern","Tiny Chest"],"campfire_meditates":0,"card_choices":[{"not_picked":["Clash","Sever Soul"],"picked":"Body Slam"},{"not_picked":["Infernal Blade","Dual Wield"],"picked":"Armaments"},{"not_picked":["Dark Embrace","Pummel"],"picked":"Sentinel"},{"not_picked":["Fire Breathing","Armaments"],"picked":"Thunderclap"},{"not_picked":["Juggernaut","Exhume"],"picked":"Impervious"},{"not_picked":["Rupture","Heavy Blade"],"picked":"Shrug It Off"},{"not_picked":["Reckless Charge","Twin Strike"],"picked":"Inflame"},{"not_picked":["Shrug It Off","Twin Strike"],"picked":"Flame Barrier"}],"player_experience":166335,"potions_floor_usage":[16,16,18,25,27,30,30],"damage_taken":[{"damage":1,"enemies":"Cultist","floor":1,"turns":3},{"damage":21,"enemies":"Blue Slaver","floor":4,"turns":3},{"damage":54,"enemies":"Lagavulin","floor":6,"turns":8},{"damage":1,"enemies":"Jaw Worm","floor":14,"turns":4},{"damage":73,"enemies":"Hexaghost","floor":16,"turns":12},{"damage":7,"enemies":"3 Byrds","floor":18,"turns":4},{"damage":20,"enemies":"Shell Parasite","floor":19,"turns":8},{"damage":43,"enemies":"Sentry and Sphere","floor":23,"turns":6},{"damage":6,"enemies":"Snake Plant","floor":25,"turns":5},{"damage":19,"enemies":"Slavers","floor":27,"turns":6},{"damage":0,"enemies":"Chosen and Byrds","floor":29,"turns":4},{"damage":37,"enemies":"Book of Stabbing","floor":30,"turns":8}],"event_choices":[{"event_name":"Purifier","player_choice":"One Purge","floor":2,"damage_taken":0},{"event_name":"Big Fish","player_choice":"Box","floor":3,"damage_taken":0},{"event_name":"Golden Wing","player_choice":"Card Removal","floor":8,"damage_taken":0},{"event_name":"The Woman in Blue","player_choice":"Bought 2 Potions","floor":11,"damage_taken":0},{"event_name":"Upgrade Shrine","player_choice":"Upgraded","floor":20,"damage_taken":0},{"event_name":"Match and Keep!","player_choice":"2 cards matched","floor":21,"damage_taken":0}],"boss_relics":[{"not_picked":["Black Blood","Runic Dome"],"picked":"Eternal Feather"}],"potions_floor_spawned":[4,16,18,23,29],"seed_played":"910403662239229381","killed_by":"Book of Stabbing","is_trial":false}