{"gold_per_floor":[116,116,133,133,144,144,156,30,30,48,48,48,59,59,59,136,136,136,136,136,136,136,136,136,136,136,136,136,136,136,61,61,61],"floor_reached":33,"playtime":1232,"items_purged":[],"score":486,"play_id":"f76f0559-6bf9-4301-95a9-9f9faed5378c","local_time":"20181207190312","is_ascension_mode":true,"campfire_choices":[{"floor":6,"key":"REST"},{"floor":11,"key":"REST"},{"data":"Shockwave","floor":15,"key":"SMITH"},{"data":"Enlightenment","floor":23,"key":"SMITH"},{"floor":30,"key":"REST"},{"data":"Disarm","floor":32,"key":"SMITH"}],"neow_cost":"PERCENT_DAMAGE","seed_source_timestamp":995853550026247,"circlet_count":0,"master_deck":["AscendersBane","Strike_R","Strike_R","Strike_R","Strike_R","Defend_R","Defend_R","Defend_R","Defend_R","Bash","Demon Form+1","Pommel Strike+1","Feel No Pain","Headbutt","Shrug It Off","Ghostly Armor","Disarm+1","Shockwave+1","Immolate","Warcry","Evolve","Enlightenment+1","Flame Barrier","Ghostly Armor","Armaments+1"],"relics":["Burning Blood","Sundial","Mercury Hourglass","Strawberry","Ectoplasm","Ancient Tea Set"],"potions_floor_usage":[13,16,22,25,27,29],"damage_taken":[{"damage":8,"enemies":"2 Louse","floor":1,"turns":4},{"damage":10,"enemies":"Small Slimes","floor":3,"turns":4},{"damage":3,"enemies":"Cultist","floor":5,"turns":3},{"damage":22,"enemies":"Exordium Thugs","floor":7,"turns":3},{"damage":7,"enemies":"Looter","floor":10,"turns":4},{"damage":0,"enemies":"Lots of Slimes","floor":13,"turns":3},{"damage":9,"enemies":"Slime Boss","floor":16,"turns":8},{"damage":0,"enemies":"Chosen","floor":18,"turns":3},{"damage":12,"enemies":"3 Byrds","floor":19,"turns":3},{"damage":22,"enemies":"Snake Plant","floor":21,"turns":4},{"damage":0,"enemies":"3 Cultists","floor":22,"turns":2},{"damage":1,"enemies":"Snecko","floor":24,"turns":5},{"damage":10,"enemies":"Shelled Parasite and Fungi","floor":25,"turns":5},{"damage":12,"enemies":"Snake Plant","floor":27,"turns":5},{"damage":21,"enemies":"Snecko","floor":28,"turns":7},{"damage":26,"enemies":"Colosseum Slavers","floor":29,"turns":4},{"damage":46,"enemies":"Champ","floor":33,"turns":14}],"seed_played":"9023042774411234520","potions_obtained":[{"floor":3,"key":"BloodPotion"},{"floor":10,"key":"FearPotion"},{"floor":13,"key":"Block Potion"},{"floor":16,"key":"AttackPotion"},{"floor":24,"key":"PowerPotion"},{"floor":25,"key":"Weak Potion"}],"is_trial":false,"path_per_floor":["M","?","M","?","M","R","M","$","T","M","R","?","M","T","R","B",null,"M","M","?","M","M","R","M","M","T","M","M","?","R","?","R","B"],"character_chosen":"IRONCLAD","items_purchased":["Ghostly Armor","Disarm"],"campfire_rested":3,"item_purchase_floors":[8,8],"current_hp_per_floor":[48,13,9,9,12,34,18,18,18,17,39,39,45,52,52,49,74,80,74,58,42,48,48,53,49,49,43,28,16,40,40,40,0],"gold":61,"neow_bonus":"THREE_RARE_CARDS","is_prod":false,"is_daily":false,"chose_seed":false,"campfire_upgraded":3,"win_rate":0,"timestamp":1544238192,"path_taken":["M","?","M","?","M","R","M","$","T","M","R","?","?","?","R","BOSS","M","M","?","M","M","R","M","M","T","?","M","?","R","?","R","BOSS"],"build_version":"2018-12-06","purchased_purges":0,"victory":false,"max_hp_per_floor":[75,75,75,75,75,75,75,75,75,75,75,75,75,82,82,82,82,82,82,82,82,82,82,82,82,82,82,82,82,82,82,82,82],"card_choices":[{"not_picked":["Exhume","Juggernaut"],"picked":"Demon Form","floor":0},{"not_picked":["Sword Boomerang","Armaments"],"picked":"Pommel Strike","floor":1},{"not_picked":["Pommel Strike","Burning Pact"],"picked":"Feel No Pain","floor":3},{"not_picked":["Perfected Strike","Pommel Strike"],"picked":"Headbutt","floor":5},{"not_picked":["Warcry","Perfected Strike"],"picked":"Shrug It Off","floor":7},{"not_picked":["Flex","Combust","Fire Breathing"],"picked":"SKIP","floor":10},{"not_picked":["Anger","Flex"],"picked":"Shockwave","floor":13},{"not_picked":["Dark Embrace","Double Tap"],"picked":"Immolate","floor":16},{"not_picked":["Sever Soul","Flex"],"picked":"Warcry","floor":18},{"not_picked":["True Grit","Ghostly Armor"],"picked":"Evolve","floor":19},{"not_picked":["Headbutt","Burning Pact"],"picked":"Flame Barrier","floor":21},{"not_picked":["Havoc","Iron Wave"],"picked":"Ghostly Armor","floor":22},{"not_picked":["Anger","Body Slam"],"picked":"Armaments+1","floor":24},{"not_picked":["Seeing Red","Twin Strike","Clash"],"picked":"SKIP","floor":25},{"not_picked":["Clash","Sentinel","Burning Pact"],"picked":"SKIP","floor":27},{"not_picked":["Reckless Charge","Havoc","Sentinel"],"picked":"SKIP","floor":28}],"player_experience":959906,"relics_obtained":[{"floor":9,"key":"Mercury Hourglass"},{"floor":14,"key":"Strawberry"},{"floor":26,"key":"Ancient Tea Set"}],"event_choices":[{"damage_healed":0,"gold_gain":0,"player_choice":"Success","damage_taken":35,"relics_obtained":["Sundial"],"max_hp_gain":0,"max_hp_loss":0,"event_name":"Scrap Ooze","floor":2,"gold_loss":0},{"damage_healed":0,"gold_gain":0,"player_choice":"Grow","damage_taken":0,"max_hp_gain":0,"max_hp_loss":0,"event_name":"Living Wall","floor":4,"gold_loss":0,"cards_upgraded":["Pommel Strike"]},{"damage_healed":0,"gold_gain":0,"player_choice":"Forge","damage_taken":0,"max_hp_gain":0,"max_hp_loss":0,"event_name":"Accursed Blacksmith","floor":12,"gold_loss":0,"cards_upgraded":["Demon Form"]},{"damage_healed":0,"gold_gain":0,"player_choice":"CARD ","damage_taken":16,"max_hp_gain":0,"max_hp_loss":0,"event_name":"Knowing Skull","floor":20,"potions_obtained":[],"gold_loss":0,"cards_obtained":["Enlightenment"]},{"damage_healed":0,"gold_gain":0,"player_choice":"Fight","damage_taken":0,"max_hp_gain":0,"max_hp_loss":0,"event_name":"Colosseum","floor":29,"gold_loss":0},{"damage_healed":0,"gold_gain":0,"player_choice":"Fled From Nobs","damage_taken":0,"max_hp_gain":0,"max_hp_loss":0,"event_name":"Colosseum","floor":29,"gold_loss":0},{"cards_removed":["Strike_R"],"damage_healed":0,"gold_gain":0,"player_choice":"Gave Gold","damage_taken":0,"max_hp_gain":0,"max_hp_loss":0,"event_name":"Beggar","floor":31,"gold_loss":75}],"is_beta":true,"boss_relics":[{"not_picked":["Astrolabe","Runic Cube"],"picked":"Ectoplasm"}],"items_purged_floors":[],"is_endless":false,"potions_floor_spawned":[3,10,13,16,18,19,24,25],"killed_by":"Champ","ascension_level":20}