{"gold_per_floor":[114,130,55,3,3,3,30,30,30,55,55,55,80,96,96,171,171,181,199,211,140,140,140,151,151,199,232,232,246,280,280,280,354,354,367,418,433,445,457,457,467,467,467,467,479,105,105,118,118,118],"floor_reached":51,"playtime":3001,"items_purged":["Parasite"],"score":1198,"play_id":"85079a77-d380-4800-9555-b60affb775bf","local_time":"20181107091934","is_ascension_mode":true,"campfire_choices":[{"data":"Zap","floor":6,"key":"SMITH"},{"data":"Sweeping Beam","floor":8,"key":"SMITH"},{"data":"Coolheaded","floor":12,"key":"SMITH"},{"floor":15,"key":"REST"},{"floor":23,"key":"REST"},{"floor":25,"key":"REST"},{"floor":28,"key":"REST"},{"data":"Fusion","floor":32,"key":"SMITH"},{"floor":40,"key":"REST"},{"floor":47,"key":"REST"},{"floor":49,"key":"REST"}],"neow_cost":"NONE","seed_source_timestamp":757724486436277,"circlet_count":0,"master_deck":["AscendersBane","Defend_B","Defend_B","Defend_B","Defend_B","Zap+1","Dualcast","Coolheaded+1","Go for the Eyes","Sweeping Beam+1","FTL+1","Compile Driver+1","FTL+1","Echo Form","Blizzard+1","Coolheaded+1","Multi-Cast+1","Cold Snap+1","Gash+1","Conserve Battery","FTL+1","Chill+1","Ball Lightning+1","Fusion+1","Sweeping Beam+1","All For One+1","Redo+1","Beam Cell+1","Sadistic Nature","Sunder+1","Coolheaded+1"],"relics":["Cracked Core","NeowsBlessing","Molten Egg 2","Kunai","PreservedInsect","DataDisk","Astrolabe","Gremlin Horn","Smiling Mask","Bronze Scales","Dream Catcher","Busted Crown","Incense Burner","Ancient Tea Set","Chemical X"],"potions_floor_usage":[19,27,33,45,48,50],"damage_taken":[{"damage":0,"enemies":"2 Louse","floor":1,"turns":1},{"damage":0,"enemies":"Jaw Worm","floor":2,"turns":1},{"damage":0,"enemies":"Lagavulin","floor":7,"turns":1},{"damage":39,"enemies":"Gremlin Nob","floor":10,"turns":5},{"damage":4,"enemies":"Small Slimes","floor":14,"turns":2},{"damage":28,"enemies":"Slime Boss","floor":16,"turns":7},{"damage":9,"enemies":"Chosen","floor":18,"turns":5},{"damage":0,"enemies":"Spheric Guardian","floor":19,"turns":3},{"damage":26,"enemies":"Snake Plant","floor":20,"turns":5},{"damage":16,"enemies":"Cultist and Chosen","floor":24,"turns":5},{"damage":10,"enemies":"Slavers","floor":27,"turns":4},{"damage":0,"enemies":"Centurion and Healer","floor":29,"turns":5},{"damage":10,"enemies":"Gremlin Leader","floor":30,"turns":4},{"damage":40,"enemies":"Collector","floor":33,"turns":9},{"damage":6,"enemies":"3 Darklings","floor":35,"turns":4},{"damage":20,"enemies":"2 Orb Walkers","floor":36,"turns":5},{"damage":3,"enemies":"3 Shapes","floor":37,"turns":4},{"damage":10,"enemies":"Writhing Mass","floor":38,"turns":6},{"damage":5,"enemies":"3 Darklings","floor":39,"turns":3},{"damage":0,"enemies":"4 Shapes","floor":41,"turns":5},{"damage":42,"enemies":"Spire Growth","floor":45,"turns":5},{"damage":3,"enemies":"Maw","floor":48,"turns":7},{"damage":14,"enemies":"Donu and Deca","floor":50,"turns":8}],"seed_played":"8292351395357062124","potions_obtained":[{"floor":1,"key":"LiquidBronze"},{"floor":10,"key":"Energy Potion"},{"floor":24,"key":"Regen Potion"},{"floor":27,"key":"Explosive Potion"},{"floor":29,"key":"Block Potion"},{"floor":38,"key":"GamblersBrew"},{"floor":41,"key":"Regen Potion"},{"floor":48,"key":"Regen Potion"}],"is_trial":false,"path_per_floor":["M","M","?","$","?","R","E","R","T","E","?","R","T","M","R","B",null,"M","M","M","$","T","R","M","R","T","E","R","M","E","?","R","B",null,"M","?","M","M","M","R","M","?","T","?","M","$","R","M","R","B",null],"character_chosen":"DEFECT","items_purchased":["Sweeping Beam","FTL+1","Sunder+1","Chemical X","Weak Potion"],"campfire_rested":7,"item_purchase_floors":[4,21,46,46,46],"current_hp_per_floor":[64,64,64,64,69,69,69,69,69,30,30,30,30,26,48,20,62,53,53,27,27,27,49,33,55,55,57,76,76,66,66,66,26,64,58,38,35,25,20,42,42,42,42,42,14,14,35,32,53,54],"gold":118,"neow_bonus":"THREE_ENEMY_KILL","is_prod":false,"is_daily":false,"chose_seed":false,"campfire_upgraded":4,"win_rate":0,"timestamp":1541611174,"path_taken":["M","M","?","$","?","R","E","R","T","E","?","R","?","M","R","BOSS","M","M","M","$","?","R","M","R","T","E","R","M","E","?","R","BOSS","M","?","M","M","M","R","M","?","T","?","M","$","R","M","R","BOSS"],"build_version":"2018-11-01","purchased_purges":1,"victory":true,"max_hp_per_floor":[71,71,71,71,76,76,76,76,76,76,76,76,76,76,76,76,76,76,76,76,76,76,76,76,76,76,76,76,76,76,76,76,76,76,76,76,76,76,76,76,76,76,76,76,76,73,73,73,73,73],"card_choices":[{"not_picked":["Steam Power","Cold Snap"],"picked":"Coolheaded","floor":1},{"not_picked":["Stack","Force Field"],"picked":"Go for the Eyes","floor":2},{"not_picked":["Go for the Eyes","Turbo"],"picked":"FTL","floor":7},{"not_picked":["Rebound+1","Thunder Strike+1"],"picked":"Compile Driver+1","floor":10},{"not_picked":["Streamline+1","Rebound+1"],"picked":"FTL+1","floor":14},{"not_picked":["Buffer","Creative AI"],"picked":"Echo Form","floor":16},{"not_picked":["Leap","Genetic Algorithm"],"picked":"Cold Snap+1","floor":18},{"not_picked":["Rebound+1","Streamline+1"],"picked":"Gash+1","floor":19},{"not_picked":["Rip and Tear+1","Static Discharge"],"picked":"Conserve Battery","floor":20},{"not_picked":["Rainbow","Barrage+1"],"picked":"Chill+1","floor":24},{"not_picked":["Beam Cell+1","Coolheaded"],"picked":"Ball Lightning+1","floor":27},{"not_picked":["Barrage+1","Sweeping Beam+1"],"picked":"Fusion","floor":29},{"not_picked":["Consume","Coolheaded"],"picked":"Sweeping Beam+1","floor":30},{"not_picked":["Machine Learning","Multi-Cast"],"picked":"All For One+1","floor":33},{"not_picked":[],"picked":"Redo+1","floor":35},{"not_picked":["Ball Lightning+1"],"picked":"SKIP","floor":37},{"not_picked":["Aggregate"],"picked":"SKIP","floor":38},{"not_picked":["Rebound+1"],"picked":"SKIP","floor":39},{"not_picked":[],"picked":"Beam Cell+1","floor":41},{"not_picked":[],"picked":"Sadistic Nature","floor":42},{"not_picked":["Scrape+1"],"picked":"SKIP","floor":45},{"not_picked":[],"picked":"Coolheaded+1","floor":47},{"not_picked":["Redo"],"picked":"SKIP","floor":48}],"player_experience":1248599,"relics_obtained":[{"floor":7,"key":"Molten Egg 2"},{"floor":9,"key":"Kunai"},{"floor":10,"key":"PreservedInsect"},{"floor":13,"key":"DataDisk"},{"floor":22,"key":"Gremlin Horn"},{"floor":26,"key":"Smiling Mask"},{"floor":27,"key":"Bronze Scales"},{"floor":30,"key":"Dream Catcher"},{"floor":36,"key":"Incense Burner"},{"floor":43,"key":"Ancient Tea Set"}],"event_choices":[{"cards_removed":["Strike_B"],"damage_healed":0,"gold_gain":0,"player_choice":"Card Removal","damage_taken":0,"max_hp_gain":0,"max_hp_loss":0,"event_name":"The Cleric","floor":3,"gold_loss":75},{"damage_healed":0,"gold_gain":0,"player_choice":"Donut","damage_taken":0,"max_hp_gain":5,"max_hp_loss":0,"event_name":"Big Fish","floor":5,"gold_loss":0},{"damage_healed":0,"gold_gain":0,"player_choice":"Ignored","damage_taken":0,"max_hp_gain":0,"max_hp_loss":0,"event_name":"Liars Game","floor":11,"gold_loss":0},{"damage_healed":0,"gold_gain":0,"player_choice":"Ignored","damage_taken":0,"max_hp_gain":0,"max_hp_loss":0,"event_name":"The Mausoleum","floor":31,"gold_loss":0},{"damage_healed":0,"gold_gain":0,"player_choice":"Fight","damage_taken":0,"max_hp_gain":0,"max_hp_loss":0,"event_name":"Mysterious Sphere","floor":36,"gold_loss":0},{"damage_healed":0,"gold_gain":0,"player_choice":"Memory 1","damage_taken":0,"max_hp_gain":0,"max_hp_loss":0,"event_name":"SensoryStone","floor":42,"gold_loss":0},{"damage_healed":0,"gold_gain":0,"player_choice":"Ignored","damage_taken":0,"max_hp_gain":0,"max_hp_loss":0,"event_name":"Tomb of Lord Red Mask","floor":44,"gold_loss":0}],"is_beta":false,"boss_relics":[{"not_picked":["Calling Bell","White Beast Statue"],"picked":"Astrolabe"},{"not_picked":["Lizard Tail","Sozu"],"picked":"Busted Crown"}],"items_purged_floors":[46],"is_endless":false,"potions_floor_spawned":[1,10,16,18,24,27,29,38,39,41,48],"ascension_level":15}