{"gold_per_floor":[110,110,110,125,44,88,104,104,104,104,104,145,168,2,2,2],"floor_reached":16,"playtime":416,"items_purged":[],"score":113,"play_id":"6634b2e1-32b1-4ca3-a87f-f1324b760736","local_time":"20190201170546","is_ascension_mode":true,"campfire_choices":[{"floor":8,"key":"REST"},{"data":"Zap","floor":11,"key":"SMITH"},{"floor":15,"key":"REST"}],"neow_cost":"PERCENT_DAMAGE","seed_source_timestamp":345809151862275,"circlet_count":0,"master_deck":["Strike_B","Strike_B","Strike_B+1","Strike_B","Defend_B","Defend_B","Defend_B","Defend_B","Zap+1","Dualcast","Echo Form","Doom and Gloom+1","Mayhem"],"relics":["Cracked Core","Golden Idol","StoneCalendar","Whetstone","Kunai","NlothsMask","Blood Vial"],"potions_floor_usage":[6,12,12,12],"damage_taken":[{"damage":5,"enemies":"Small Slimes","floor":1,"turns":4},{"damage":1,"enemies":"Cultist","floor":4,"turns":4},{"damage":16,"enemies":"Lagavulin","floor":6,"turns":7},{"damage":1,"enemies":"Jaw Worm","floor":7,"turns":4},{"damage":18,"enemies":"Gremlin Nob","floor":12,"turns":4},{"damage":13,"enemies":"Red Slaver","floor":13,"turns":3},{"damage":46,"enemies":"The Guardian","floor":16,"turns":5}],"seed_played":"2686036676217562488","potions_obtained":[{"floor":1,"key":"Fire Potion"},{"floor":4,"key":"EntropicBrew"}],"is_trial":false,"path_per_floor":["M","?","?","M","$","E","M","R","T","?","R","E","M","$","R","B"],"character_chosen":"DEFECT","items_purchased":["Doom and Gloom","Mayhem"],"campfire_rested":2,"item_purchase_floors":[5,14],"current_hp_per_floor":[49,31,31,30,30,14,13,35,35,35,35,29,18,18,40,0],"gold":2,"neow_bonus":"THREE_RARE_CARDS","is_prod":false,"is_daily":false,"chose_seed":false,"campfire_upgraded":1,"win_rate":0,"timestamp":1549001146,"path_taken":["M","?","?","?","?","E","?","R","T","?","R","E","M","$","R","BOSS"],"build_version":"2019-01-23","purchased_purges":0,"victory":false,"max_hp_per_floor":[75,75,75,75,75,75,75,75,75,75,75,75,75,75,75,75],"card_choices":[{"not_picked":["All For One","Hyperbeam"],"picked":"Echo Form","floor":0},{"not_picked":["Rip and Tear","Rebound","Reprogram"],"picked":"SKIP","floor":1},{"not_picked":["Leap","Hologram","Redo"],"picked":"SKIP","floor":4},{"not_picked":["Skim","Gash","Barrage"],"picked":"SKIP","floor":6},{"not_picked":["Streamline","Redo","Aggregate"],"picked":"SKIP","floor":7},{"not_picked":["Fission","Blizzard","Hologram"],"picked":"SKIP","floor":12},{"not_picked":["Steam","Hello World","Go for the Eyes"],"picked":"SKIP","floor":13}],"player_experience":1188910,"relics_obtained":[{"floor":3,"key":"StoneCalendar"},{"floor":6,"key":"Whetstone"},{"floor":9,"key":"Kunai"},{"floor":12,"key":"Blood Vial"}],"event_choices":[{"damage_healed":0,"gold_gain":0,"player_choice":"Take Damage","damage_taken":18,"relics_obtained":["Golden Idol"],"max_hp_gain":0,"max_hp_loss":0,"event_name":"Golden Idol","floor":2,"gold_loss":0},{"damage_healed":0,"gold_gain":0,"player_choice":"Relic","damage_taken":0,"max_hp_gain":0,"max_hp_loss":0,"event_name":"Wheel of Change","floor":3,"gold_loss":0},{"damage_healed":0,"gold_gain":0,"player_choice":"Trade","damage_taken":0,"relics_obtained":["NlothsMask"],"max_hp_gain":0,"max_hp_loss":0,"event_name":"FaceTrader","floor":10,"gold_loss":0}],"is_beta":true,"boss_relics":[],"items_purged_floors":[],"is_endless":false,"potions_floor_spawned":[1,4],"killed_by":"The Guardian","ascension_level":1}