{"gold_per_floor":[218,218,237,248,260,260,210,210,210,235,235,247,264,327,327,428,428,446,457,475,475,475,475,502,516,516,77,94,94,94,106,106,106],"floor_reached":33,"playtime":2976,"items_purged":[],"score":309,"play_id":"1f7c3cf4-682a-4a42-b73e-c902f7f19565","local_time":"20180713082700","is_ascension_mode":true,"campfire_choices":[{"data":"Chill","floor":6.0,"key":"SMITH"},{"data":"Ball Lightning","floor":11.0,"key":"SMITH"},{"floor":15.0,"key":"REST"},{"data":"Creative AI","floor":23,"key":"SMITH"},{"floor":29,"key":"REST"},{"floor":32,"key":"REST"}],"neow_cost":"NONE","seed_source_timestamp":152121122593918,"circlet_count":0,"master_deck":["Strike_B","Strike_B","Defend_B","Defend_B","Defend_B","Zap","Dualcast","Ball Lightning+1","Auto Shields","Chill+1","Reboot","Leap","Cold Snap+1","Rip and Tear+1","Creative AI+1","Stack+1","Conserve Battery","Barrage+1","Doom and Gloom+1","Beam Cell+1","Cold Snap+1","Swift Strike+1","Sweeping Beam+1"],"special_seed":0,"relics":["Cracked Core","Molten Egg 2","Girya","Mercury Hourglass","Busted Crown","Mummified Hand","Torii","Blue Candle","Shuriken"],"potions_floor_usage":[25,25,25,25,28,28,33,33],"damage_taken":[{"damage":0.0,"enemies":"Small Slimes","floor":1.0,"turns":3.0},{"damage":6.0,"enemies":"Jaw Worm","floor":3.0,"turns":4.0},{"damage":3.0,"enemies":"2 Louse","floor":4.0,"turns":2.0},{"damage":12.0,"enemies":"Exordium Thugs","floor":5.0,"turns":4.0},{"damage":16.0,"enemies":"3 Sentries","floor":10.0,"turns":7.0},{"damage":0.0,"enemies":"3 Louse","floor":12.0,"turns":3.0},{"damage":0.0,"enemies":"Gremlin Gang","floor":13.0,"turns":4.0},{"damage":17.0,"enemies":"Gremlin Nob","floor":14.0,"turns":4.0},{"damage":16.0,"enemies":"Hexaghost","floor":16.0,"turns":10.0},{"damage":14.0,"enemies":"2 Thieves","floor":18.0,"turns":4.0},{"damage":5.0,"enemies":"Chosen","floor":19.0,"turns":4.0},{"damage":16,"enemies":"3 Cultists","floor":20,"turns":6},{"damage":26,"enemies":"Book of Stabbing","floor":24,"turns":6},{"damage":13,"enemies":"Snake Plant","floor":25,"turns":4},{"damage":0,"enemies":"Snecko","floor":28,"turns":3},{"damage":1,"enemies":"Centurion and Healer","floor":31,"turns":4},{"damage":52,"enemies":"Automaton","floor":33,"turns":6}],"seed_played":"3351571524659549381","potions_obtained":[{"floor":1.0,"key":"SkillPotion"},{"floor":3.0,"key":"Ancient Potion"},{"floor":4.0,"key":"PowerPotion"},{"floor":12.0,"key":"Weak Potion"},{"floor":24,"key":"EntropicBrew"},{"floor":25,"key":"PowerPotion"},{"floor":31,"key":"Swift Potion"}],"is_trial":false,"path_per_floor":["M","$","M","M","M","R","?","?","T","E","R","M","M","?","R","B",null,"M","M","M","?","?","R","E","M","T","$","M","R","?","M","R"],"character_chosen":"DEFECT","items_purchased":["Shuriken","Beam Cell+1","Cold Snap+1","Swift Strike+1"],"campfire_rested":3,"item_purchase_floors":[27,27,27,27],"current_hp_per_floor":[75,75,69,66,54,54,54,47,47,31,31,31,31,14,36,20,75,61,56,40,40,40,40,14,1,1,1,1,23,23,22,44,0],"gold":106,"neow_bonus":"HUNDRED_GOLD","is_prod":false,"is_daily":false,"chose_seed":false,"campfire_upgraded":3,"win_rate":0,"timestamp":1531495620,"path_taken":["M","$","M","M","M","R","?","?","T","E","R","M","?","?","R","BOSS","M","M","M","?","?","R","E","M","T","$","M","R","?","?","R","BOSS"],"build_version":"2018-07-12","purchased_purges":0,"victory":false,"max_hp_per_floor":[75,75,75,75,75,75,75,75,75,75,75,75,75,75,75,75,75,75,75,75,75,75,75,75,75,75,75,75,75,75,75,75,75],"card_choices":[{"not_picked":["Heatsinks","Compile Driver","Hello World"],"picked":"SKIP","floor":1.0},{"not_picked":["Reprogram","Rip and Tear"],"picked":"Ball Lightning","floor":3.0},{"not_picked":["Steam Power","Beam Cell"],"picked":"Auto Shields","floor":4.0},{"not_picked":["Steam Power","Gash"],"picked":"Chill","floor":5.0},{"not_picked":["Multi-Cast","Lockon+1"],"picked":"Reboot","floor":10.0},{"not_picked":["Compile Driver+1","Scrape+1"],"picked":"Leap","floor":12.0},{"not_picked":["BootSequence","Stack"],"picked":"Cold Snap+1","floor":13.0},{"not_picked":["Hologram","Conserve Battery"],"picked":"Rip and Tear+1","floor":14.0},{"not_picked":["Thunder Strike+1","Seek"],"picked":"Creative AI","floor":16.0},{"not_picked":["Stack"],"picked":"SKIP","floor":18.0},{"not_picked":[],"picked":"Stack+1","floor":19.0},{"not_picked":[],"picked":"Conserve Battery","floor":20},{"not_picked":[],"picked":"Barrage+1","floor":24},{"not_picked":[],"picked":"Doom and Gloom+1","floor":25},{"not_picked":[],"picked":"Sweeping Beam+1","floor":28},{"not_picked":["Redo+1"],"picked":"SKIP","floor":31}],"player_experience":957943,"relics_obtained":[{"floor":9.0,"key":"Molten Egg 2"},{"floor":10.0,"key":"Girya"},{"floor":14.0,"key":"Mercury Hourglass"},{"floor":24,"key":"Torii"},{"floor":26,"key":"Blue Candle"}],"event_choices":[{"event_name":"The Cleric","player_choice":"Card Removal","floor":7.0,"damage_taken":0.0},{"event_name":"Golden Wing","player_choice":"Card Removal","floor":8.0,"damage_taken":0.0},{"event_name":"Dead Adventurer","player_choice":"Searched \u00272\u0027 times","floor":14.0,"damage_taken":0.0},{"event_name":"The Mausoleum","player_choice":"Yes","floor":21,"damage_taken":0},{"event_name":"Beggar","player_choice":"Ignored","floor":22,"damage_taken":0},{"event_name":"Wheel of Change","player_choice":"Card Removal","floor":30,"damage_taken":0}],"boss_relics":[{"not_picked":["Tiny House","Sozu"],"picked":"Busted Crown"}],"items_purged_floors":[],"is_endless":false,"potions_floor_spawned":[1,3,4,12,24,25,31],"killed_by":"Automaton","ascension_level":3}