{"gold_per_floor":[119,119,33,49,49,49,64,64,87,87,107,121,121,148,148,220,220,236,326,342,267,281,281,315,315,315,326,340,358,358,94,94,169,169,185,198,213,213,224,224,224,224,224,224,243,243,243,34,34,34],"floor_reached":51,"playtime":2018,"items_purged":[],"score":1390,"play_id":"2b25d49e-789c-494b-a8e5-7bb222470998","local_time":"20181025011833","is_ascension_mode":true,"campfire_choices":[{"data":"Zap","floor":6.0,"key":"SMITH"},{"data":"Defragment","floor":8.0,"key":"SMITH"},{"data":"Dualcast","floor":10.0,"key":"SMITH"},{"data":"White Noise","floor":13.0,"key":"SMITH"},{"floor":15.0,"key":"REST"},{"floor":23.0,"key":"REST"},{"data":"Go for the Eyes","floor":32.0,"key":"SMITH"},{"data":"Beam Cell","floor":40,"key":"SMITH"},{"data":"Recycle","floor":42,"key":"SMITH"},{"floor":46,"key":"REST"},{"floor":49,"key":"REST"}],"neow_cost":"NONE","seed_source_timestamp":0,"circlet_count":0,"master_deck":["Strike_B+1","Defend_B","Defend_B+1","Zap+1","Dualcast+1","AscendersBane","Defragment+1","Ball Lightning","BootSequence","White Noise+1","Reboot","Beam Cell+1","Machine Learning","Lockon+1","Tempest+1","Seek+1","Finesse","PanicButton","Chill","Glacier","Glacier","Recycle+1","Go for the Eyes+1","Biased Cognition","Defragment+1","Skim+1","All For One"],"special_seed":0,"relics":["Cracked Core","NeowsBlessing","Calipers","Blood Vial","Pen Nib","Astrolabe","Ice Cream","Ornamental Fan","Lee\u0027s Waffle","Philosopher\u0027s Stone","Shuriken","Runic Capacitor"],"potions_floor_usage":[37,50],"damage_taken":[{"damage":0.0,"enemies":"2 Louse","floor":1.0,"turns":1.0},{"damage":0.0,"enemies":"Jaw Worm","floor":4.0,"turns":1.0},{"damage":0.0,"enemies":"Small Slimes","floor":7.0,"turns":1.0},{"damage":0.0,"enemies":"Red Slaver","floor":11.0,"turns":3.0},{"damage":6.0,"enemies":"Lots of Slimes","floor":12.0,"turns":3.0},{"damage":22.0,"enemies":"3 Sentries","floor":14.0,"turns":5.0},{"damage":7.0,"enemies":"Slime Boss","floor":16.0,"turns":8.0},{"damage":1.0,"enemies":"Spheric Guardian","floor":18.0,"turns":3.0},{"damage":14.0,"enemies":"Shell Parasite","floor":20.0,"turns":4.0},{"damage":0.0,"enemies":"Centurion and Healer","floor":22.0,"turns":3.0},{"damage":0.0,"enemies":"Gremlin Leader","floor":24.0,"turns":5.0},{"damage":0.0,"enemies":"Masked Bandits","floor":25.0,"turns":1.0},{"damage":0.0,"enemies":"Snake Plant","floor":27.0,"turns":3.0},{"damage":21.0,"enemies":"Cultist and Chosen","floor":28.0,"turns":9.0},{"damage":0.0,"enemies":"3 Cultists","floor":29.0,"turns":3.0},{"damage":0.0,"enemies":"Champ","floor":33.0,"turns":16.0},{"damage":0,"enemies":"Orb Walker","floor":35,"turns":4},{"damage":8,"enemies":"3 Shapes","floor":36,"turns":4},{"damage":0,"enemies":"Transient","floor":37,"turns":6},{"damage":26,"enemies":"Maw","floor":39,"turns":7},{"damage":22,"enemies":"Spire Growth","floor":45,"turns":3},{"damage":14,"enemies":"Donu and Deca","floor":50,"turns":8}],"seed_played":"-9189979243856263434","potions_obtained":[{"floor":11.0,"key":"Poison Potion"},{"floor":12.0,"key":"SmokeBomb"},{"floor":16.0,"key":"SpeedPotion"},{"floor":18.0,"key":"Ancient Potion"},{"floor":30.0,"key":"Fruit Juice"},{"floor":30.0,"key":"Fire Potion"},{"floor":33.0,"key":"FearPotion"},{"floor":35,"key":"FearPotion"}],"is_trial":false,"path_per_floor":["M","?","?","M","?","R","M","R","T","R","M","M","R","E","R","B",null,"M","?","M","?","M","R","E","?","T","M","M","M","?","$","R","B",null,"M","M","M","?","M","R","?","R","T","?","M","R","?","$","R","B"],"character_chosen":"DEFECT","items_purchased":["Lee\u0027s Waffle","Strength Potion","Runic Capacitor"],"campfire_rested":4,"item_purchase_floors":[31,31,48],"current_hp_per_floor":[64,43,43,43,43,43,43,43,43,43,45,41,41,21,42,37,63,64,36,24,24,26,47,49,51,51,53,34,36,41,83,83,83,83,83,75,77,77,53,53,53,53,53,53,33,57,57,57,81,69],"gold":34,"neow_bonus":"THREE_ENEMY_KILL","is_prod":false,"is_daily":false,"chose_seed":false,"campfire_upgraded":7,"win_rate":0,"timestamp":1540455513,"path_taken":["M","?","?","?","?","R","?","R","T","R","M","M","R","E","R","BOSS","M","?","M","?","M","R","E","?","T","?","M","M","?","$","R","BOSS","M","M","M","?","?","R","?","R","T","?","M","R","?","$","R","BOSS"],"build_version":"2018-10-24","purchased_purges":0,"victory":true,"max_hp_per_floor":[71,71,71,71,71,71,71,71,71,71,71,71,71,71,71,71,71,71,71,71,71,71,71,71,71,71,71,71,71,76,83,83,83,83,83,83,83,83,83,83,83,83,83,83,83,83,83,83,83,83],"card_choices":[{"not_picked":["Hologram","Conserve Battery"],"picked":"Defragment","floor":1.0},{"not_picked":["Turbo","Force Field"],"picked":"Ball Lightning","floor":4.0},{"not_picked":["Ball Lightning","Skim"],"picked":"BootSequence","floor":7.0},{"not_picked":["Skim","Chaos"],"picked":"White Noise","floor":11.0},{"not_picked":["Stack","Gash"],"picked":"Reboot","floor":12.0},{"not_picked":["Aggregate","Turbo"],"picked":"Beam Cell","floor":14.0},{"not_picked":["Reboot","Electrodynamics"],"picked":"Machine Learning","floor":16.0},{"not_picked":["Redo","Gash","Reinforced Body"],"picked":"SKIP","floor":18.0},{"not_picked":["Force Field","Lockon","Hologram"],"picked":"SKIP","floor":20.0},{"not_picked":["Streamline","Genetic Algorithm"],"picked":"Chill","floor":22.0},{"not_picked":["Biased Cognition","Sweeping Beam+1"],"picked":"Glacier","floor":24.0},{"not_picked":["Redo","Gash"],"picked":"Glacier","floor":27.0},{"not_picked":["Conserve Battery","Cold Snap"],"picked":"Recycle","floor":28.0},{"not_picked":["Compile Driver","Double Energy"],"picked":"Go for the Eyes","floor":29.0},{"not_picked":["Buffer","Reboot"],"picked":"Biased Cognition","floor":33.0},{"not_picked":["Streamline","Beam Cell","Barrage"],"picked":"SKIP","floor":35},{"not_picked":["Go for the Eyes","Stack+1","Rebound+1"],"picked":"SKIP","floor":36},{"not_picked":["Blizzard","Lockon","Compile Driver"],"picked":"SKIP","floor":37},{"not_picked":["Leap+1","Cold Snap"],"picked":"Skim+1","floor":39},{"not_picked":["Stack","Rip and Tear+1"],"picked":"All For One","floor":45}],"player_experience":890310,"relics_obtained":[{"floor":9.0,"key":"Blood Vial"},{"floor":14.0,"key":"Pen Nib"},{"floor":24.0,"key":"Ice Cream"},{"floor":26.0,"key":"Ornamental Fan"},{"floor":43,"key":"Shuriken"}],"event_choices":[{"damage_healed":0.0,"max_hp_gain":0.0,"max_hp_loss":0.0,"gold_gain":0.0,"event_name":"Shining Light","player_choice":"Entered Light","floor":2.0,"gold_loss":0.0,"damage_taken":21.0,"cards_upgraded":["Defend_B","Strike_B"]},{"damage_healed":0.0,"max_hp_gain":0.0,"max_hp_loss":0.0,"gold_gain":0.0,"event_name":"WeMeetAgain","player_choice":"Paid Gold","floor":3.0,"gold_loss":86.0,"damage_taken":0.0,"relics_obtained":["Calipers"]},{"damage_healed":0.0,"max_hp_gain":0.0,"max_hp_loss":0.0,"gold_gain":0.0,"event_name":"Liars Game","player_choice":"Ignored","floor":5.0,"gold_loss":0.0,"damage_taken":0.0},{"damage_healed":0.0,"max_hp_gain":0.0,"max_hp_loss":0.0,"gold_gain":90.0,"event_name":"Knowing Skull","player_choice":"CARD CARD GOLD ","floor":19.0,"potions_obtained":[],"gold_loss":0.0,"damage_taken":28.0,"cards_obtained":["Finesse","PanicButton"]},{"cards_removed":["Defend_B"],"damage_healed":0.0,"max_hp_gain":0.0,"max_hp_loss":0.0,"gold_gain":0.0,"event_name":"Beggar","player_choice":"Gave Gold","floor":21.0,"gold_loss":75.0,"damage_taken":0.0},{"damage_healed":0.0,"max_hp_gain":0.0,"max_hp_loss":0.0,"gold_gain":0.0,"event_name":"Masked Bandits","player_choice":"Fought Bandits","floor":25.0,"gold_loss":0.0,"damage_taken":0.0},{"damage_healed":0.0,"max_hp_gain":0.0,"max_hp_loss":0.0,"gold_gain":0.0,"event_name":"The Lab","player_choice":"Got Potions","floor":30.0,"gold_loss":0.0,"damage_taken":0.0},{"damage_healed":0,"gold_gain":0,"player_choice":"Copied","damage_taken":0,"max_hp_gain":0,"max_hp_loss":0,"event_name":"Duplicator","floor":38,"gold_loss":0,"cards_obtained":["Defragment"]},{"cards_removed":["Defend_B"],"damage_healed":0,"gold_gain":0,"player_choice":"Removed Skill","damage_taken":0,"max_hp_gain":0,"max_hp_loss":0,"event_name":"Falling","floor":41,"gold_loss":0},{"damage_healed":0,"gold_gain":0,"player_choice":"0 cards matched","damage_taken":0,"max_hp_gain":0,"max_hp_loss":0,"event_name":"Match and Keep!","floor":44,"gold_loss":0,"cards_obtained":[]},{"damage_healed":0,"gold_gain":0,"player_choice":"Ignored","damage_taken":0,"max_hp_gain":0,"max_hp_loss":0,"event_name":"Tomb of Lord Red Mask","floor":47,"gold_loss":0}],"is_beta":true,"boss_relics":[{"not_picked":["White Beast Statue","Busted Crown"],"picked":"Astrolabe"},{"not_picked":["Calling Bell","Orrery"],"picked":"Philosopher\u0027s Stone"}],"items_purged_floors":[],"is_endless":false,"potions_floor_spawned":[11,12,16,18,22,25,33,35],"ascension_level":18}