{"gold_per_floor":[116,116,41,55,55,55,69,69,116,116,127,147,160,210,210,287,337,354],"floor_reached":18,"playtime":1087,"items_purged":["Decay"],"score":308,"play_id":"065fb617-0dfd-4037-acfd-6ace3c0ddbdd","local_time":"20190206074257","is_ascension_mode":true,"campfire_choices":[{"floor":6,"key":"DIG"},{"floor":8,"key":"DIG"},{"floor":10,"key":"DIG"},{"floor":15,"key":"DIG"}],"neow_cost":"CURSE","seed_source_timestamp":567620933288771,"circlet_count":0,"master_deck":["AscendersBane","Strike_R","Strike_R","Strike_R","Strike_R","Strike_R","Defend_R","Defend_R","Defend_R","Defend_R","Bash","Twin Strike","Thunderclap","Battle Trance+1","Inflame","Feed","Clothesline"],"relics":["Burning Blood","Torii","CultistMask","Shovel","Boot","Art of War","Anchor","Red Skull","Mango","Tiny House"],"potions_floor_usage":[13,16],"damage_taken":[{"damage":13,"enemies":"Small Slimes","floor":1,"turns":5},{"damage":1,"enemies":"Cultist","floor":4,"turns":3},{"damage":12,"enemies":"Jaw Worm","floor":7,"turns":3},{"damage":2,"enemies":"Blue Slaver","floor":11,"turns":3},{"damage":30,"enemies":"Exordium Thugs","floor":12,"turns":6},{"damage":1,"enemies":"Gremlin Gang","floor":13,"turns":3},{"damage":40,"enemies":"The Guardian","floor":16,"turns":13},{"damage":45,"enemies":"Spheric Guardian","floor":18,"turns":8}],"seed_played":"6159681508839610271","potions_obtained":[{"floor":1,"key":"Poison Potion"},{"floor":7,"key":"BloodPotion"},{"floor":16,"key":"Poison Potion"},{"floor":17,"key":"SmokeBomb"}],"is_trial":false,"path_per_floor":["M","?","$","M","?","R","M","R","T","R","M","M","M","?","R","B",null,"M"],"character_chosen":"IRONCLAD","items_purchased":[],"campfire_rested":0,"item_purchase_floors":[],"current_hp_per_floor":[61,61,61,66,48,48,42,42,42,42,46,22,27,27,41,15,76,37],"gold":354,"neow_bonus":"ONE_RARE_RELIC","is_prod":false,"is_daily":false,"chose_seed":false,"campfire_upgraded":0,"win_rate":0,"timestamp":1549467777,"path_taken":["M","?","?","M","?","R","M","R","T","R","M","?","M","?","R","BOSS","M"],"build_version":"2019-01-23","purchased_purges":1,"victory":false,"max_hp_per_floor":[75,75,75,75,75,75,75,75,75,75,75,75,75,75,89,89,94,94],"card_choices":[{"not_picked":["Rage","Clash"],"picked":"Twin Strike","floor":1},{"not_picked":["Burning Pact","Twin Strike"],"picked":"Thunderclap","floor":4},{"not_picked":["Havoc","Power Through"],"picked":"Battle Trance","floor":7},{"not_picked":["Flex","Havoc","Second Wind"],"picked":"SKIP","floor":11},{"not_picked":["Body Slam","Combust","Second Wind"],"picked":"SKIP","floor":12},{"not_picked":["Thunderclap","Sword Boomerang"],"picked":"Inflame","floor":13},{"not_picked":["Fiend Fire","Impervious"],"picked":"Feed","floor":16},{"not_picked":["Heavy Blade","Pummel"],"picked":"Clothesline","floor":17},{"not_picked":["Clothesline","Flex","Corruption"],"picked":"SKIP","floor":18}],"player_experience":1824885,"relics_obtained":[{"floor":6,"key":"Boot"},{"floor":8,"key":"Art of War"},{"floor":9,"key":"Anchor"},{"floor":10,"key":"Red Skull"},{"floor":15,"key":"Mango"}],"event_choices":[{"damage_healed":0,"gold_gain":0,"player_choice":"Trade","damage_taken":0,"relics_obtained":["CultistMask"],"max_hp_gain":0,"max_hp_loss":0,"event_name":"FaceTrader","floor":2,"gold_loss":0},{"damage_healed":0,"gold_gain":0,"player_choice":"Success","damage_taken":18,"relics_obtained":["Shovel"],"max_hp_gain":0,"max_hp_loss":0,"event_name":"Scrap Ooze","floor":5,"gold_loss":0},{"damage_healed":0,"gold_gain":50,"player_choice":"Pray","damage_taken":0,"max_hp_gain":0,"max_hp_loss":0,"event_name":"Golden Shrine","floor":14,"gold_loss":0}],"is_beta":false,"boss_relics":[{"not_picked":["Empty Cage","Runic Pyramid"],"picked":"Tiny House"}],"items_purged_floors":[3],"is_endless":false,"potions_floor_spawned":[1,7,16,18],"killed_by":"Spheric Guardian","ascension_level":20}