{"gold_per_floor":[113,113,127,302,317,348,348,410,484,484],"floor_reached":10,"playtime":359,"items_purged":[],"score":69,"play_id":"77e4a1dd-18ab-41d5-959b-337b8ee7f71c","local_time":"20190108142025","is_ascension_mode":true,"campfire_choices":[{"data":"Fusion","floor":7,"key":"SMITH"}],"neow_cost":"NONE","seed_source_timestamp":66065119216807,"circlet_count":0,"master_deck":["Strike_B","Strike_B","Strike_B+1","Strike_B+1","Defend_B","Defend_B","Defend_B","Defend_B","Zap","Dualcast","Meteor Strike","Turbo","Double Energy","Doubt","Fusion+1","Conserve Battery"],"relics":["Cracked Core","Whetstone","Juzu Bracelet","Kunai"],"potions_floor_usage":[8],"damage_taken":[{"damage":0,"enemies":"Small Slimes","floor":1,"turns":2},{"damage":6,"enemies":"Jaw Worm","floor":3,"turns":2},{"damage":0,"enemies":"Cultist","floor":5,"turns":3},{"damage":41,"enemies":"Lagavulin","floor":6,"turns":9},{"damage":24,"enemies":"Lagavulin Event","floor":8,"turns":5},{"damage":2,"enemies":"Gremlin Nob","floor":10,"turns":3}],"seed_played":"5609473691015277308","potions_obtained":[{"floor":6,"key":"FearPotion"},{"floor":8,"key":"Strength Potion"}],"is_trial":false,"path_per_floor":["M","$","M","?","M","E","R","?","T","E"],"character_chosen":"DEFECT","items_purchased":[],"campfire_rested":0,"item_purchase_floors":[],"current_hp_per_floor":[75,75,69,69,69,28,28,4,4,2],"gold":484,"neow_bonus":"ONE_RANDOM_RARE_CARD","is_prod":false,"is_daily":false,"chose_seed":false,"campfire_upgraded":1,"win_rate":0,"timestamp":1546917625,"path_taken":["M","$","M","?","M","E","R","?","T","E"],"build_version":"2018-11-15","purchased_purges":0,"victory":false,"max_hp_per_floor":[75,75,75,75,75,75,75,75,75,75],"card_choices":[{"not_picked":["Go for the Eyes","Compile Driver"],"picked":"Turbo","floor":1},{"not_picked":["Loop","Gash"],"picked":"Double Energy","floor":3},{"not_picked":["Gash","Sunder"],"picked":"Fusion","floor":5},{"not_picked":["Hologram","BootSequence"],"picked":"Conserve Battery","floor":6}],"player_experience":1040549,"relics_obtained":[{"floor":6,"key":"Whetstone"},{"floor":9,"key":"Kunai"}],"event_choices":[{"damage_healed":0,"gold_gain":175,"player_choice":"AGREE","damage_taken":0,"max_hp_gain":0,"max_hp_loss":0,"event_name":"Liars Game","floor":4,"gold_loss":0,"cards_obtained":["Doubt"]},{"damage_healed":0,"gold_gain":0,"player_choice":"Searched \u00273\u0027 times","damage_taken":0,"relics_obtained":["Juzu Bracelet"],"max_hp_gain":0,"max_hp_loss":0,"event_name":"Dead Adventurer","floor":8,"gold_loss":0}],"is_beta":true,"boss_relics":[],"items_purged_floors":[],"is_endless":false,"potions_floor_spawned":[6,8],"killed_by":"Gremlin Nob","ascension_level":1}