{"path_per_floor":["M","?","?","?","M","R","M","E","T","R","?","$","M","E","R","B",null,"M","$","?","?","M","R","E","R","T","E","M","?","M","E","R","B",null,"M","?","?","M","?","E","M","E","T","E","M","?","M","E","R","B"],"character_chosen":"IRONCLAD","items_purchased":["Pommel Strike"],"gold_per_floor":[118,118,118,68,81,81,93,121,121,121,121,46,56,89,89,184,184,184,135,135,135,135,135,135,135,135,135,135,135,135,135,135,135,135,135,135,135,135,135,135,135,135,135,135,135,135,135,135,135,135],"floor_reached":51,"campfire_rested":0,"playtime":2640,"current_hp_per_floor":[79,79,84,84,85,85,82,61,61,61,54,54,59,49,49,14,85,88,88,44,44,47,47,50,50,50,54,58,42,48,51,51,25,58,66,70,70,70,61,69,82,82,82,86,86,96,96,96,96,64],"items_purged":["Defend_R"],"gold":135,"score":1177,"play_id":"03aa2ed8-2663-4870-94cd-e71f8f09671c","local_time":"20180417224754","is_prod":false,"is_daily":false,"chose_seed":false,"is_ascension_mode":true,"campfire_upgraded":7,"timestamp":1524023274,"path_taken":["M","?","?","?","M","R","M","E","T","R","?","?","?","E","R","BOSS","M","$","?","?","M","R","E","R","T","E","?","?","M","E","R","BOSS","M","?","?","M","?","E","M","E","T","E","M","?","M","E","R","BOSS"],"build_version":"2018-04-12","seed_source_timestamp":1994890119541095,"purchased_purges":1,"victory":true,"master_deck":["Strike_R","Strike_R","Strike_R","Strike_R","Strike_R","Defend_R","Bash+1","Perfected Strike+1","Headbutt+1","Thunderclap+1","Pommel Strike","Pommel Strike+1","Feed+1","Pommel Strike","Pommel Strike","Ghostly","Ghostly","Ghostly","Ghostly","Ghostly","Perfected Strike+1","Burning Pact+1","Flex+1","Metallicize+1","Flex+1","Warcry+1","Exhume","Clash+1","Madness","Madness","Disarm+1","Shrug It Off+1","Clumsy","Pommel Strike+1","Warcry+1"],"max_hp_per_floor":[80,80,85,85,85,85,85,85,85,85,85,85,85,85,85,85,85,88,88,44,44,47,47,50,50,50,54,58,58,58,58,58,58,58,66,70,70,70,70,74,82,82,82,86,86,96,96,96,96,96],"relics":["Burning Blood","Gremlin Horn","Mummified Hand","Centennial Puzzle","Ectoplasm","Bottled Flame","Old Coin","Blue Candle","Enchiridion","Smiling Mask","Cursed Key","Magic Flower","Toxic Egg 2","Regal Pillow","Letter Opener","Vajra","Pear","Pantograph"],"card_choices":[{"not_picked":["Twin Strike","Anger"],"picked":"Perfected Strike","floor":1},{"not_picked":["Iron Wave","Rupture"],"picked":"Headbutt","floor":5},{"not_picked":["Second Wind","Searing Blow"],"picked":"Thunderclap","floor":7},{"not_picked":["Reckless Charge","Juggernaut"],"picked":"Shrug It Off","floor":8},{"not_picked":["Spot Weakness","True Grit"],"picked":"Pommel Strike","floor":13},{"not_picked":["Thunderclap","Intimidate"],"picked":"Pommel Strike","floor":14},{"not_picked":["Juggernaut","Barricade"],"picked":"Feed","floor":16},{"not_picked":["Flex","Pummel"],"picked":"Pommel Strike","floor":18},{"not_picked":["Thunderclap","Juggernaut"],"picked":"Burning Pact","floor":24},{"not_picked":["Hemokinesis","Seeing Red"],"picked":"Flex","floor":27},{"not_picked":["Sword Boomerang","Second Wind"],"picked":"Metallicize","floor":28},{"not_picked":["Hemokinesis","True Grit"],"picked":"Flex","floor":30},{"not_picked":["Flex","Havoc"],"picked":"Warcry","floor":31},{"not_picked":["Immolate","Double Tap"],"picked":"Exhume","floor":33},{"not_picked":["Shrug It Off","Headbutt"],"picked":"Clash","floor":36},{"not_picked":["Armaments","Flex"],"picked":"Disarm","floor":41},{"not_picked":["Impervious","Feed"],"picked":"Shrug It Off","floor":42},{"not_picked":["Fiend Fire","Cleave"],"picked":"Pommel Strike","floor":44},{"not_picked":["Headbutt","Dark Embrace"],"picked":"Warcry","floor":48}],"player_experience":175212,"potions_floor_usage":[16,22,33,33,33,40,50,50,50],"damage_taken":[{"damage":7,"enemies":"2 Louse","floor":1,"turns":4},{"damage":0,"enemies":"Cultist","floor":5,"turns":2},{"damage":9,"enemies":"Jaw Worm","floor":7,"turns":3},{"damage":27,"enemies":"3 Sentries","floor":8,"turns":6},{"damage":1,"enemies":"Exordium Wildlife","floor":13,"turns":3},{"damage":16,"enemies":"Gremlin Nob","floor":14,"turns":3},{"damage":41,"enemies":"The Guardian","floor":16,"turns":8},{"damage":3,"enemies":"Spheric Guardian","floor":18,"turns":3},{"damage":1,"enemies":"Shell Parasite","floor":22,"turns":3},{"damage":4,"enemies":"Book of Stabbing","floor":24,"turns":6},{"damage":3,"enemies":"Slavers","floor":27,"turns":4},{"damage":1,"enemies":"Snecko","floor":28,"turns":4},{"damage":0,"enemies":"Centurion and Healer","floor":30,"turns":1},{"damage":3,"enemies":"Book of Stabbing","floor":31,"turns":6},{"damage":32,"enemies":"Champ","floor":33,"turns":8},{"damage":4,"enemies":"3 Shapes","floor":35,"turns":2},{"damage":3,"enemies":"Mysterious Sphere","floor":36,"turns":4},{"damage":1,"enemies":"3 Darklings","floor":38,"turns":3},{"damage":7,"enemies":"2 Orb Walkers","floor":40,"turns":5},{"damage":6,"enemies":"Sphere and 2 Shapes","floor":41,"turns":3},{"damage":0,"enemies":"Giant Head","floor":42,"turns":7},{"damage":1,"enemies":"Nemesis","floor":44,"turns":5},{"damage":0,"enemies":"Maw","floor":45,"turns":5},{"damage":1,"enemies":"3 Darklings","floor":47,"turns":3},{"damage":1,"enemies":"Giant Head","floor":48,"turns":5},{"damage":47,"enemies":"Awakened One","floor":50,"turns":9}],"event_choices":[{"event_name":"Upgrade Shrine","player_choice":"Upgraded","floor":2,"damage_taken":0},{"event_name":"Big Fish","player_choice":"Donut","floor":3,"damage_taken":0},{"event_name":"The Cleric","player_choice":"Card Removal","floor":4,"damage_taken":0},{"event_name":"Golden Wing","player_choice":"Card Removal","floor":11,"damage_taken":0},{"event_name":"Ghosts","player_choice":"Became a Ghost","floor":20,"damage_taken":0},{"event_name":"The Library","player_choice":"Read","floor":21,"damage_taken":0},{"event_name":"Cursed Tome","player_choice":"Obtained Book","floor":29,"damage_taken":0},{"event_name":"Mysterious Sphere","player_choice":"Fight","floor":36,"damage_taken":0},{"event_name":"Winding Halls","player_choice":"Embrace Madness","floor":39,"damage_taken":0},{"event_name":"Wheel of Change","player_choice":"Relic","floor":46,"damage_taken":0}],"boss_relics":[{"not_picked":["Pandora\u0027s Box","Snecko Eye"],"picked":"Ectoplasm"},{"not_picked":["White Beast Statue","Sozu"],"picked":"Cursed Key"}],"potions_floor_spawned":[5,14,16,28,30,33,35,40,42,45,48],"seed_played":"-584311402341792167","ascension_level":4,"is_trial":false}