{"gold_per_floor":[117,192,192,212,212,250,250,270,270,47,61,80,119,135,135,135],"floor_reached":16,"playtime":521,"items_purged":[],"score":224,"play_id":"de25867c-3d1d-4a46-b50d-777b1d8596df","local_time":"20181212111938","is_ascension_mode":true,"campfire_choices":[{"floor":7.0,"key":"REST"},{"data":"Armaments","floor":15.0,"key":"SMITH"}],"neow_cost":"NONE","seed_source_timestamp":142154364684455,"circlet_count":0,"master_deck":["AscendersBane","Strike_R","Strike_R","Strike_R","Strike_R","Strike_R","Defend_R","Defend_R","Defend_R","Bash","Twin Strike","Spot Weakness","Double Tap","Body Slam","Shrug It Off","Armaments+1","Impervious","Flame Barrier"],"special_seed":0,"relics":["Burning Blood","Centennial Puzzle","Golden Idol","Meat on the Bone","Toolbox","Magic Flower"],"potions_floor_usage":[16],"damage_taken":[{"damage":10.0,"enemies":"2 Louse","floor":1.0,"turns":3.0},{"damage":12.0,"enemies":"Jaw Worm","floor":4.0,"turns":2.0},{"damage":36.0,"enemies":"Gremlin Nob","floor":6.0,"turns":4.0},{"damage":6.0,"enemies":"Small Slimes","floor":8.0,"turns":4.0},{"damage":15.0,"enemies":"Gremlin Gang","floor":11.0,"turns":5.0},{"damage":4.0,"enemies":"Looter","floor":12.0,"turns":3.0},{"damage":10.0,"enemies":"3 Sentries","floor":13.0,"turns":5.0},{"damage":0.0,"enemies":"Large Slime","floor":14.0,"turns":4.0},{"damage":67,"enemies":"Hexaghost","floor":16,"turns":12}],"seed_played":"4081575022700808636","potions_obtained":[{"floor":11.0,"key":"SkillPotion"},{"floor":12.0,"key":"SteroidPotion"},{"floor":13.0,"key":"BloodPotion"}],"is_trial":false,"path_per_floor":["M","?","?","M","?","E","R","M","T","$","M","M","E","M","R","B"],"character_chosen":"IRONCLAD","items_purchased":["Toolbox"],"campfire_rested":1,"item_purchase_floors":[10],"current_hp_per_floor":[64,53,53,47,47,17,37,49,49,49,52,54,50,59,59,1],"gold":135,"neow_bonus":"RANDOM_COMMON_RELIC","is_prod":false,"is_daily":false,"chose_seed":false,"campfire_upgraded":1,"win_rate":0,"timestamp":1544638778,"path_taken":["M","?","?","M","?","E","R","?","T","$","M","M","E","M","R","BOSS"],"build_version":"2018-12-06","purchased_purges":0,"victory":false,"max_hp_per_floor":[75,75,68,68,68,68,68,68,68,68,68,68,68,68,68,68],"card_choices":[{"not_picked":["Warcry","Second Wind"],"picked":"Twin Strike","floor":1.0},{"not_picked":["Body Slam","Sword Boomerang"],"picked":"Spot Weakness","floor":4.0},{"not_picked":["Dropkick","Armaments"],"picked":"Double Tap","floor":6.0},{"not_picked":["Wild Strike","Clothesline"],"picked":"Body Slam","floor":8.0},{"not_picked":["Iron Wave","Perfected Strike"],"picked":"Shrug It Off","floor":11.0},{"not_picked":["Anger","Shrug It Off"],"picked":"Armaments","floor":12.0},{"not_picked":["Havoc","Shrug It Off"],"picked":"Impervious","floor":13.0},{"not_picked":["Reckless Charge","Sword Boomerang"],"picked":"Flame Barrier","floor":14.0}],"player_experience":611040,"relics_obtained":[{"floor":6.0,"key":"Meat on the Bone"},{"floor":13.0,"key":"Magic Flower"}],"event_choices":[{"damage_healed":0.0,"max_hp_gain":0.0,"max_hp_loss":0.0,"gold_gain":75.0,"event_name":"World of Goop","player_choice":"Gather Gold","floor":2.0,"gold_loss":0.0,"damage_taken":11.0},{"damage_healed":0.0,"max_hp_gain":0.0,"max_hp_loss":7.0,"gold_gain":0.0,"event_name":"Golden Idol","player_choice":"Lose Max HP","floor":3.0,"gold_loss":0.0,"damage_taken":0.0,"relics_obtained":["Golden Idol"]},{"cards_removed":["Defend_R"],"damage_healed":0.0,"max_hp_gain":0.0,"max_hp_loss":0.0,"gold_gain":0.0,"event_name":"Purifier","player_choice":"Purged","floor":5.0,"gold_loss":0.0,"damage_taken":0.0}],"is_beta":false,"boss_relics":[],"items_purged_floors":[],"is_endless":false,"potions_floor_spawned":[11,12,13],"killed_by":"Hexaghost","ascension_level":20}