{"gold_per_floor":[118,135,150,150,165,204,204,204,204,224,224],"floor_reached":11,"playtime":241,"items_purged":[],"score":124,"play_id":"324d16ae-e696-4429-9fbf-81c8367dbf43","local_time":"20181220152409","is_ascension_mode":true,"campfire_choices":[{"floor":7.0,"key":"REST"}],"neow_cost":"NONE","seed_source_timestamp":490723573307538,"circlet_count":0,"master_deck":["AscendersBane","Strike_B","Strike_B","Strike_B","Strike_B","Defend_B","Defend_B","Defend_B","Defend_B","Zap","Dualcast","Sweeping Beam","Capacitor","Go for the Eyes","Seek","Loop"],"special_seed":0,"relics":["Cracked Core","NeowsBlessing","Golden Idol","Shovel","Singing Bowl"],"potions_floor_usage":[10],"damage_taken":[{"damage":0.0,"enemies":"Cultist","floor":1.0,"turns":1.0},{"damage":0.0,"enemies":"Jaw Worm","floor":2.0,"turns":1.0},{"damage":0.0,"enemies":"2 Louse","floor":3.0,"turns":1.0},{"damage":0.0,"enemies":"2 Fungi Beasts","floor":5.0,"turns":2.0},{"damage":45.0,"enemies":"3 Sentries","floor":6.0,"turns":8.0},{"damage":41,"enemies":"Gremlin Gang","floor":10,"turns":4},{"damage":8,"enemies":"Large Slime","floor":11,"turns":1}],"seed_played":"-2057671279392601573","potions_obtained":[{"floor":1.0,"key":"Swift Potion"},{"floor":10,"key":"EssenceOfSteel"}],"is_trial":false,"path_per_floor":["M","M","M","?","M","E","R","T","T","M","M"],"character_chosen":"DEFECT","items_purchased":[],"campfire_rested":1,"item_purchase_floors":[],"current_hp_per_floor":[68,68,68,68,68,23,43,43,43,4,0],"gold":224,"neow_bonus":"THREE_ENEMY_KILL","is_prod":false,"is_daily":false,"chose_seed":false,"campfire_upgraded":0,"win_rate":0,"timestamp":1545344649,"path_taken":["M","?","M","?","M","E","R","?","T","M","M"],"build_version":"2018-12-13","purchased_purges":0,"victory":false,"max_hp_per_floor":[75,75,75,69,69,69,69,69,69,71,71],"card_choices":[{"not_picked":["Scrape","Barrage"],"picked":"Sweeping Beam","floor":1.0},{"not_picked":["Turbo","Steam"],"picked":"Capacitor","floor":2.0},{"not_picked":["Streamline","Rebound"],"picked":"Go for the Eyes","floor":3.0},{"not_picked":["Gash","Compile Driver"],"picked":"Seek","floor":5.0},{"not_picked":["Compile Driver","Rip and Tear"],"picked":"Loop","floor":6.0},{"not_picked":["Redo","Barrage","Gash"],"picked":"Singing Bowl","floor":10}],"player_experience":719276,"relics_obtained":[{"floor":6.0,"key":"Shovel"},{"floor":9.0,"key":"Singing Bowl"}],"event_choices":[{"damage_healed":0.0,"max_hp_gain":0.0,"max_hp_loss":6.0,"gold_gain":0.0,"event_name":"Golden Idol","player_choice":"Lose Max HP","floor":4.0,"gold_loss":0.0,"damage_taken":0.0,"relics_obtained":["Golden Idol"]}],"is_beta":false,"boss_relics":[],"items_purged_floors":[],"is_endless":false,"potions_floor_spawned":[1,10],"killed_by":"Large Slime","ascension_level":13}