{"gold_per_floor":[147,162,174,190,210,210,235,253,253,253,279,279,24,24,24,127,127,142,157,173,225,225,225,255,255,255,0,99,8,8,41,41,41],"floor_reached":33,"playtime":2220,"items_purged":[],"score":391,"play_id":"b3dc496a-118d-464d-b63b-bbba4d46c21d","local_time":"20190101235756","is_ascension_mode":true,"campfire_choices":[{"data":"Noxious Fumes","floor":6,"key":"SMITH"},{"floor":10,"key":"REST"},{"data":"Leg Sweep","floor":12,"key":"SMITH"},{"data":"Neutralize","floor":15,"key":"SMITH"},{"floor":23,"key":"REST"},{"floor":30,"key":"REST"},{"floor":32,"key":"REST"}],"neow_cost":"NONE","seed_source_timestamp":1222461042406542,"circlet_count":0,"master_deck":["Defend_G","Defend_G","Defend_G","Defend_G","Survivor","Neutralize+1","Sucker Punch","Cloak And Dagger","Leg Sweep+1","Sucker Punch","Noxious Fumes+1","Venomology","Slice","Wraith Form v2+1","Die Die Die","PiercingWail+1","Footwork+1","Flying Knee","Bite","Bite","Bite","Bite","Bite","Quick Slash","PiercingWail","Good Instincts"],"relics":["Ring of the Snake","Tiny Chest","Anchor","Frozen Egg 2","Omamori","Letter Opener","Empty Cage","Juzu Bracelet","Bottled Flame","TwistedFunnel","Meat on the Bone"],"potions_floor_usage":[11,11,11,19,20,20,20,24,24,31,31,33],"damage_taken":[{"damage":7,"enemies":"2 Louse","floor":1,"turns":3},{"damage":2,"enemies":"Cultist","floor":2,"turns":4},{"damage":0,"enemies":"Jaw Worm","floor":3,"turns":4},{"damage":0,"enemies":"Exordium Wildlife","floor":4,"turns":3},{"damage":0,"enemies":"Large Slime","floor":5,"turns":7},{"damage":8,"enemies":"3 Sentries","floor":7,"turns":7},{"damage":4,"enemies":"Lots of Slimes","floor":8,"turns":6},{"damage":10,"enemies":"Gremlin Nob","floor":11,"turns":5},{"damage":33,"enemies":"Slime Boss","floor":16,"turns":13},{"damage":5,"enemies":"Shell Parasite","floor":18,"turns":10},{"damage":16,"enemies":"3 Byrds","floor":19,"turns":6},{"damage":12,"enemies":"3 Cultists","floor":20,"turns":8},{"damage":32,"enemies":"Gremlin Leader","floor":24,"turns":10},{"damage":39,"enemies":"Book of Stabbing","floor":31,"turns":8},{"damage":66,"enemies":"Collector","floor":33,"turns":5}],"seed_played":"8015323906478283018","potions_obtained":[{"floor":2,"key":"Energy Potion"},{"floor":7,"key":"GamblersBrew"},{"floor":8,"key":"PowerPotion"}],"is_trial":false,"path_per_floor":["M","M","M","M","M","R","E","M","T","R","E","R","$","?","R","B",null,"M","M","M","T","?","R","E","?","T","$","?","$","R","E","R","B"],"character_chosen":"THE_SILENT","items_purchased":["Letter Opener","TwistedFunnel","AttackPotion","Good Instincts"],"campfire_rested":4,"item_purchase_floors":[13,27,27,29],"current_hp_per_floor":[63,61,61,61,61,61,53,49,49,70,60,60,60,60,60,27,59,54,38,26,26,26,40,28,28,28,28,28,28,42,17,31,0],"gold":41,"neow_bonus":"RANDOM_COMMON_RELIC","is_prod":false,"is_daily":false,"chose_seed":false,"campfire_upgraded":3,"win_rate":0,"timestamp":1546405076,"path_taken":["M","M","M","M","M","R","E","M","T","R","E","R","$","?","R","BOSS","M","M","M","?","?","R","E","?","T","$","?","$","R","E","R","BOSS"],"build_version":"2018-12-20","purchased_purges":0,"victory":false,"max_hp_per_floor":[70,70,70,70,70,70,70,70,70,70,70,70,70,70,70,70,70,70,70,70,70,49,49,49,49,49,49,49,49,49,49,49,49],"card_choices":[{"not_picked":["PiercingWail","Dodge and Roll"],"picked":"Sucker Punch","floor":1},{"not_picked":["Outmaneuver","Blade Dance"],"picked":"Cloak And Dagger","floor":2},{"not_picked":["Riddle With Holes","Backflip"],"picked":"Leg Sweep","floor":3},{"not_picked":["Malaise","Blade Dance"],"picked":"Sucker Punch","floor":4},{"not_picked":["Cloak And Dagger","All Out Attack"],"picked":"Noxious Fumes","floor":5},{"not_picked":["Underhanded Strike","Acrobatics"],"picked":"Venomology","floor":7},{"not_picked":["Quick Slash","Finisher"],"picked":"Slice","floor":8},{"not_picked":["Masterful Stab","Concentrate"],"picked":"Wraith Form v2+1","floor":11},{"not_picked":["Venomology","Storm of Steel"],"picked":"Die Die Die","floor":16},{"not_picked":["Dodge and Roll","Sucker Punch+1"],"picked":"PiercingWail+1","floor":18},{"not_picked":["Bane","Poisoned Stab"],"picked":"Footwork+1","floor":19},{"not_picked":["Dagger Throw","Bouncing Flask"],"picked":"Flying Knee","floor":20},{"not_picked":["Acrobatics","Concentrate+1","Sucker Punch"],"picked":"SKIP","floor":24},{"not_picked":["Bouncing Flask","Accuracy+1","Reflex"],"picked":"SKIP","floor":31}],"player_experience":306882,"relics_obtained":[{"floor":7,"key":"Anchor"},{"floor":9,"key":"Frozen Egg 2"},{"floor":11,"key":"Omamori"},{"floor":21,"key":"Juzu Bracelet"},{"floor":24,"key":"Bottled Flame"},{"floor":31,"key":"Meat on the Bone"}],"event_choices":[{"damage_healed":0,"gold_gain":0,"cards_transformed":["Strike_G"],"player_choice":"Transformed","damage_taken":0,"max_hp_gain":0,"max_hp_loss":0,"event_name":"Transmorgrifier","floor":14,"gold_loss":0,"cards_obtained":["Reflex"]},{"damage_healed":0,"gold_gain":0,"player_choice":"Became a vampire","damage_taken":0,"max_hp_gain":0,"max_hp_loss":21,"event_name":"Vampires","floor":22,"gold_loss":0,"cards_obtained":["Bite","Bite","Bite","Bite","Bite"]},{"damage_healed":0,"gold_gain":0,"cards_transformed":["Defend_G","Reflex"],"player_choice":"Became Test Subject","damage_taken":0,"max_hp_gain":0,"max_hp_loss":0,"event_name":"Drug Dealer","floor":25,"gold_loss":0,"cards_obtained":["Quick Slash","PiercingWail"]},{"damage_healed":0,"gold_gain":99,"player_choice":"Stole From Cult","damage_taken":0,"max_hp_gain":0,"max_hp_loss":0,"event_name":"Nest","floor":28,"gold_loss":0}],"is_beta":false,"boss_relics":[{"not_picked":["White Beast Statue","HoveringKite"],"picked":"Empty Cage"}],"items_purged_floors":[],"is_endless":false,"potions_floor_spawned":[2,7,8,18,19],"killed_by":"Collector","ascension_level":5}