{"gold_per_floor":[20,34,51,51,67,67,99,99,126,126,126,126,138,163,163,237,237,256,256,273,273],"floor_reached":21,"playtime":695,"items_purged":[],"score":378,"play_id":"0b83c1c9-d25b-4ac5-8e92-d3c7c82809c5","local_time":"20181118100524","is_ascension_mode":true,"campfire_choices":[{"data":"Zap","floor":6,"key":"SMITH"},{"data":"Chaos","floor":8,"key":"SMITH"},{"data":"Doom and Gloom","floor":10,"key":"SMITH"},{"data":"Dualcast","floor":12,"key":"SMITH"},{"floor":15,"key":"REST"}],"neow_cost":"NO_GOLD","seed_source_timestamp":779775727935007,"circlet_count":0,"master_deck":["AscendersBane","Strike_B+1","Strike_B+1","Strike_B","Defend_B","Defend_B","Defend_B","Zap+1","Dualcast+1","Ball Lightning","Stack","Chaos+1","Doom and Gloom+1","FTL","Genetic Algorithm","Machine Learning","Defragment","Creative AI","Chaos","Beam Cell"],"relics":["Cracked Core","Lantern","Centennial Puzzle","Shuriken","Whetstone","Cursed Key"],"potions_floor_usage":[7,14,16,20],"damage_taken":[{"damage":7,"enemies":"Jaw Worm","floor":1,"turns":3},{"damage":1,"enemies":"Cultist","floor":2,"turns":3},{"damage":7,"enemies":"Small Slimes","floor":3,"turns":3},{"damage":14,"enemies":"Gremlin Gang","floor":5,"turns":3},{"damage":18,"enemies":"Lagavulin","floor":7,"turns":7},{"damage":17,"enemies":"3 Louse","floor":13,"turns":2},{"damage":11,"enemies":"Gremlin Nob","floor":14,"turns":3},{"damage":19,"enemies":"The Guardian","floor":16,"turns":10},{"damage":18,"enemies":"Chosen","floor":18,"turns":6},{"damage":27,"enemies":"3 Byrds","floor":20,"turns":4},{"damage":18,"enemies":"Cultist and Chosen","floor":21,"turns":4}],"seed_played":"2841049897692479635","potions_obtained":[{"floor":1,"key":"Energy Potion"},{"floor":2,"key":"Strength Potion"},{"floor":7,"key":"Strength Potion"},{"floor":14,"key":"GamblersBrew"},{"floor":18,"key":"AttackPotion"}],"is_trial":false,"path_per_floor":["M","M","M","?","M","R","E","R","T","R","T","R","M","E","R","B",null,"M","T","M","M"],"character_chosen":"DEFECT","items_purchased":[],"campfire_rested":1,"item_purchase_floors":[],"current_hp_per_floor":[57,56,49,71,57,57,39,39,39,39,39,39,22,11,32,13,57,39,39,12,0],"gold":273,"neow_bonus":"TRANSFORM_TWO_CARDS","is_prod":false,"is_daily":false,"chose_seed":false,"campfire_upgraded":4,"win_rate":0,"timestamp":1542564324,"path_taken":["M","M","M","?","M","R","E","R","T","R","?","R","?","E","R","BOSS","M","?","?","M"],"build_version":"2018-11-15","purchased_purges":0,"victory":false,"max_hp_per_floor":[71,71,71,71,71,71,71,71,71,71,71,71,71,71,71,71,71,71,71,71,71],"card_choices":[{"not_picked":["Turbo","Leap"],"picked":"Chaos","floor":1},{"not_picked":["Heatsinks","Steam"],"picked":"Doom and Gloom","floor":2},{"not_picked":["Redo","Steam"],"picked":"FTL","floor":3},{"not_picked":["Go for the Eyes","Reinforced Body"],"picked":"Genetic Algorithm","floor":5},{"not_picked":["Fusion","Aggregate"],"picked":"Machine Learning","floor":7},{"not_picked":["Turbo","Static Discharge","Rebound"],"picked":"SKIP","floor":13},{"not_picked":["Amplify","Barrage"],"picked":"Defragment","floor":14},{"not_picked":["Seek","Fission"],"picked":"Creative AI","floor":16},{"not_picked":["Heatsinks+1","Sweeping Beam"],"picked":"Chaos","floor":18},{"not_picked":["Aggregate","Turbo"],"picked":"Beam Cell","floor":20}],"player_experience":947170,"relics_obtained":[{"floor":7,"key":"Lantern"},{"floor":9,"key":"Centennial Puzzle"},{"floor":11,"key":"Shuriken"},{"floor":14,"key":"Whetstone"}],"event_choices":[{"damage_healed":23,"gold_gain":0,"player_choice":"Banana","damage_taken":0,"max_hp_gain":0,"max_hp_loss":0,"event_name":"Big Fish","floor":4,"gold_loss":0}],"is_beta":true,"boss_relics":[{"not_picked":["Snecko Eye","Coffee Dripper"],"picked":"Cursed Key"}],"items_purged_floors":[],"is_endless":false,"potions_floor_spawned":[1,2,7,14,18],"killed_by":"Cultist and Chosen","ascension_level":20}