{"gold_per_floor":[117,37,37,37,52,87,106,106,106,106,135,135],"floor_reached":12,"playtime":602,"items_purged":[],"score":163,"play_id":"d664fa3c-10e7-4fa9-a7c5-8402517beaaa","local_time":"20190102095733","is_ascension_mode":true,"campfire_choices":[{"data":"Uppercut","floor":8,"key":"SMITH"},{"data":"Reckless Charge","floor":10,"key":"SMITH"}],"neow_cost":"NONE","seed_source_timestamp":1043699680151252,"circlet_count":0,"master_deck":["AscendersBane","Strike_R","Strike_R","Strike_R","Strike_R","Strike_R","Defend_R","Defend_R","Defend_R","Defend_R","Bash","True Grit","Uppercut+1","Thunderclap","Reckless Charge+1","Intimidate","Metallicize"],"relics":["Burning Blood","Centennial Puzzle","Letter Opener","Strawberry","Dodecahedron"],"potions_floor_usage":[11],"damage_taken":[{"damage":6,"enemies":"Cultist","floor":1,"turns":3},{"damage":12,"enemies":"Jaw Worm","floor":5,"turns":4},{"damage":43,"enemies":"Lagavulin","floor":6,"turns":6},{"damage":1,"enemies":"2 Louse","floor":7,"turns":2},{"damage":40,"enemies":"3 Sentries","floor":11,"turns":10},{"damage":9,"enemies":"Large Slime","floor":12,"turns":1}],"seed_played":"7992989890898042680","potions_obtained":[{"floor":4,"key":"FearPotion"},{"floor":4,"key":"Swift Potion"},{"floor":11,"key":"FearPotion"}],"is_trial":false,"path_per_floor":["M","$","?","?","M","E","M","R","T","R","E","M"],"character_chosen":"IRONCLAD","items_purchased":["Uppercut"],"campfire_rested":0,"item_purchase_floors":[2],"current_hp_per_floor":[68,68,73,73,67,30,35,35,42,42,8,0],"gold":135,"neow_bonus":"RANDOM_COMMON_RELIC","is_prod":false,"is_daily":false,"chose_seed":false,"campfire_upgraded":2,"win_rate":0,"timestamp":1546451853,"path_taken":["M","$","?","?","?","E","?","R","T","R","E","M"],"build_version":"2018-12-20","purchased_purges":0,"victory":false,"max_hp_per_floor":[75,75,80,80,80,80,80,80,87,87,87,87],"card_choices":[{"not_picked":["Combust","Anger"],"picked":"True Grit","floor":1},{"not_picked":["Fire Breathing","Havoc"],"picked":"Thunderclap","floor":5},{"not_picked":["Headbutt","Searing Blow"],"picked":"Reckless Charge","floor":6},{"not_picked":["Reckless Charge","Clash"],"picked":"Intimidate","floor":7},{"not_picked":["Sword Boomerang","Pommel Strike"],"picked":"Metallicize","floor":11}],"player_experience":1625372,"relics_obtained":[{"floor":6,"key":"Letter Opener"},{"floor":9,"key":"Strawberry"},{"floor":11,"key":"Dodecahedron"}],"event_choices":[{"damage_healed":0,"gold_gain":0,"player_choice":"Donut","damage_taken":0,"max_hp_gain":5,"max_hp_loss":0,"event_name":"Big Fish","floor":3,"gold_loss":0},{"damage_healed":0,"gold_gain":0,"player_choice":"Got Potions","damage_taken":0,"max_hp_gain":0,"max_hp_loss":0,"event_name":"Lab","floor":4,"gold_loss":0}],"is_beta":false,"boss_relics":[],"items_purged_floors":[],"is_endless":false,"potions_floor_spawned":[5,7,11],"killed_by":"Large Slime","ascension_level":18}