{"gold_per_floor":[116,11,69,89,43,75,75,75,156,171,197,216,241,256,256,333,333,345,345,270,256,256,256,274,285,285,297,315,315,364,378,378,454,454,468,35,47,60,77,77,105,105,177,194,194,194,149,162,162,162],"floor_reached":51,"playtime":4160,"items_purged":["Strike_G","Strike_G"],"score":1166,"play_id":"f4733af7-7128-484f-b1d0-34e35935ec02","local_time":"20180928145045","is_ascension_mode":true,"campfire_choices":[{"data":"Noxious Fumes","floor":8.0,"key":"SMITH"},{"data":"Cloak And Dagger","floor":15.0,"key":"SMITH"},{"data":"Cloak And Dagger","floor":23.0,"key":"SMITH"},{"data":"Defend_G","floor":29.0,"key":"PURGE"},{"data":"Dodge and Roll","floor":32.0,"key":"SMITH"},{"floor":40.0,"key":"REST"},{"data":"Dash","floor":42,"key":"SMITH"},{"data":"Deadly Poison","floor":45,"key":"SMITH"},{"data":"Bane","floor":49,"key":"SMITH"}],"neow_cost":"NONE","seed_source_timestamp":0,"circlet_count":0,"master_deck":["Defend_G","Defend_G","Defend_G","Defend_G","Strike_G","Strike_G","Survivor","Neutralize","AscendersBane","Deadly Poison+1","Noxious Fumes+1","Backstab","Cloak And Dagger+1","Footwork+1","Infinite Blades","Leg Sweep","Dodge and Roll+1","Cloak And Dagger+1","Blur","Glass Knife","Backflip","Well Laid Plans","Glass Knife","Dash+1","Backstab+1","Bane+1"],"special_seed":0,"relics":["Ring of the Snake","NeowsBlessing","Peace Pipe","Kunai","Odd Mushroom","Torii","Busted Crown","Meat on the Bone","Regal Pillow","Runic Pyramid","Paper Crane","Bottled Flame","Gremlin Horn"],"potions_floor_usage":[41,50],"damage_taken":[{"damage":0.0,"enemies":"Jaw Worm","floor":1.0,"turns":1.0},{"damage":0.0,"enemies":"2 Louse","floor":4.0,"turns":1.0},{"damage":0.0,"enemies":"Lagavulin","floor":6.0,"turns":1.0},{"damage":2.0,"enemies":"Cultist","floor":10.0,"turns":4.0},{"damage":15.0,"enemies":"The Mushroom Lair","floor":11.0,"turns":5.0},{"damage":0.0,"enemies":"2 Fungi Beasts","floor":12.0,"turns":4.0},{"damage":5.0,"enemies":"Gremlin Nob","floor":13.0,"turns":5.0},{"damage":0.0,"enemies":"Gremlin Gang","floor":14.0,"turns":2.0},{"damage":1.0,"enemies":"Hexaghost","floor":16.0,"turns":10.0},{"damage":0.0,"enemies":"Chosen","floor":18.0,"turns":5.0},{"damage":8.0,"enemies":"2 Thieves","floor":21.0,"turns":4.0},{"damage":1.0,"enemies":"3 Cultists","floor":24.0,"turns":7.0},{"damage":8.0,"enemies":"Cultist and Chosen","floor":25.0,"turns":10.0},{"damage":12.0,"enemies":"Snake Plant","floor":27.0,"turns":6.0},{"damage":2.0,"enemies":"Shelled Parasite and Fungi","floor":28.0,"turns":6.0},{"damage":0.0,"enemies":"Centurion and Healer","floor":31.0,"turns":7.0},{"damage":19.0,"enemies":"Automaton","floor":33.0,"turns":18.0},{"damage":9.0,"enemies":"Orb Walker","floor":35.0,"turns":5.0},{"damage":8.0,"enemies":"3 Darklings","floor":37.0,"turns":8.0},{"damage":21.0,"enemies":"Spire Growth","floor":38.0,"turns":7.0},{"damage":8.0,"enemies":"Maw","floor":39.0,"turns":11.0},{"damage":23,"enemies":"2 Orb Walkers","floor":41,"turns":7},{"damage":1,"enemies":"Reptomancer","floor":44,"turns":10},{"damage":0,"enemies":"4 Shapes","floor":48,"turns":6},{"damage":22,"enemies":"Awakened One","floor":50,"turns":21}],"seed_played":"6690144891316087424","potions_obtained":[{"floor":6.0,"key":"Explosive Potion"},{"floor":10.0,"key":"SteroidPotion"},{"floor":14.0,"key":"PowerPotion"},{"floor":18.0,"key":"Energy Potion"},{"floor":25.0,"key":"Swift Potion"},{"floor":31.0,"key":"Regen Potion"},{"floor":35.0,"key":"SpeedPotion"},{"floor":39.0,"key":"FearPotion"},{"floor":48,"key":"Explosive Potion"}],"is_trial":false,"path_per_floor":["M","$","?","M","$","E","?","R","T","M","?","M","E","M","R","B",null,"M","?","$","M","?","R","M","M","T","M","M","R","T","M","R","B",null,"M","$","M","M","M","R","E","R","T","M","R","?","$","M","R","B"],"character_chosen":"THE_SILENT","items_purchased":["Noxious Fumes","Backstab","Cloak And Dagger","Paper Crane","Dash","Bane"],"campfire_rested":1,"item_purchase_floors":[2,2,5,36,36,47],"current_hp_per_floor":[59,59,59,59,59,59,59,59,59,57,42,42,37,37,37,36,59,59,59,59,51,51,51,50,42,42,42,40,40,40,40,40,36,59,50,50,42,33,37,66,43,43,43,42,42,42,42,42,42,32],"gold":162,"neow_bonus":"THREE_ENEMY_KILL","is_prod":false,"is_daily":false,"chose_seed":false,"campfire_upgraded":7,"win_rate":0,"timestamp":1538171445,"path_taken":["M","$","?","?","$","E","?","R","T","M","?","M","E","M","R","BOSS","M","?","$","?","?","R","M","M","T","?","M","R","?","M","R","BOSS","M","$","M","M","M","R","E","R","T","M","R","?","$","M","R","BOSS"],"build_version":"2018-09-27","purchased_purges":2,"victory":true,"max_hp_per_floor":[66,66,66,66,66,66,66,66,66,66,66,66,66,66,66,66,66,66,66,66,66,66,66,66,66,66,66,66,66,66,66,66,66,66,66,66,66,66,66,66,66,66,66,66,66,63,63,63,63,63],"card_choices":[{"not_picked":["Quick Slash","Catalyst"],"picked":"Deadly Poison","floor":1.0},{"not_picked":["Flying Knee","Concentrate","Poisoned Stab"],"picked":"SKIP","floor":4.0},{"not_picked":["Poisoned Stab","Backflip"],"picked":"Footwork","floor":6.0},{"not_picked":["Finisher","Choke"],"picked":"Infinite Blades","floor":10.0},{"not_picked":["Predator","Underhanded Strike"],"picked":"Leg Sweep","floor":11.0},{"not_picked":["Underhanded Strike","Prepared"],"picked":"Dodge and Roll","floor":12.0},{"not_picked":["Night Terror","Tactician"],"picked":"Cloak And Dagger","floor":13.0},{"not_picked":["Choke","Crippling Poison"],"picked":"Blur","floor":14.0},{"not_picked":["Bullet Time","Unload"],"picked":"Glass Knife","floor":16.0},{"not_picked":["Choke"],"picked":"SKIP","floor":18.0},{"not_picked":[],"picked":"Backflip","floor":21.0},{"not_picked":[],"picked":"Well Laid Plans","floor":24.0},{"not_picked":["Blade Dance"],"picked":"SKIP","floor":25.0},{"not_picked":["Skewer"],"picked":"SKIP","floor":27.0},{"not_picked":["Blade Dance"],"picked":"SKIP","floor":28.0},{"not_picked":["Accuracy"],"picked":"SKIP","floor":31.0},{"not_picked":[],"picked":"Glass Knife","floor":33.0},{"not_picked":["Riddle With Holes"],"picked":"SKIP","floor":35.0},{"not_picked":["Dagger Spray"],"picked":"SKIP","floor":37.0},{"not_picked":["Underhanded Strike"],"picked":"SKIP","floor":38.0},{"not_picked":[],"picked":"Backstab+1","floor":39.0},{"not_picked":["Backstab"],"picked":"SKIP","floor":41},{"not_picked":["Choke"],"picked":"SKIP","floor":44},{"not_picked":["Flechettes"],"picked":"SKIP","floor":48}],"player_experience":1111811,"relics_obtained":[{"floor":6.0,"key":"Peace Pipe"},{"floor":9.0,"key":"Kunai"},{"floor":11.0,"key":"Odd Mushroom"},{"floor":13.0,"key":"Torii"},{"floor":26.0,"key":"Meat on the Bone"},{"floor":30.0,"key":"Regal Pillow"},{"floor":41,"key":"Bottled Flame"},{"floor":43,"key":"Gremlin Horn"}],"event_choices":[{"event_name":"Golden Wing","player_choice":"Gained Gold","floor":3.0,"damage_taken":0.0},{"event_name":"Living Wall","player_choice":"Grow","floor":7.0,"damage_taken":0.0},{"event_name":"Mushrooms","player_choice":"Fought Mushrooms","floor":11.0,"damage_taken":0.0},{"event_name":"Bonfire Elementals","player_choice":"BASIC","floor":19.0,"damage_taken":0.0},{"event_name":"Ghosts","player_choice":"Ignored","floor":22.0,"damage_taken":0.0},{"event_name":"Winding Halls","player_choice":"Max HP","floor":46,"damage_taken":0}],"is_beta":false,"boss_relics":[{"not_picked":["Runic Dome","Black Star"],"picked":"Busted Crown"},{"not_picked":["White Beast Statue","Philosopher\u0027s Stone"],"picked":"Runic Pyramid"}],"items_purged_floors":[20,36],"is_endless":false,"potions_floor_spawned":[6,10,11,14,18,25,27,31,35,39,48],"ascension_level":15}