{"gold_per_floor":[15,15,25,35,35,35,63,63,63,83,98,98,23,57,57,57],"floor_reached":16,"playtime":4275,"items_purged":["Strike_B"],"score":204,"play_id":"66db2ea1-7349-46e0-bf58-bb728ecaa344","local_time":"20181203123642","is_ascension_mode":true,"campfire_choices":[{"data":"Streamline","floor":6,"key":"SMITH"},{"floor":8,"key":"REST"},{"data":"Zap","floor":12,"key":"SMITH"},{"data":"Fission","floor":15,"key":"SMITH"}],"neow_cost":"NO_GOLD","seed_source_timestamp":1532839261077107,"circlet_count":0,"master_deck":["AscendersBane","Strike_B","Strike_B","Strike_B","Defend_B","Defend_B","Defend_B","Defend_B","Zap+1","Dualcast","Core Surge","Streamline+1","Rainbow","Rip and Tear","Conserve Battery","Hologram","Cold Snap","Hologram","Fission+1"],"special_seed":0,"relics":["Cracked Core","Frozen Egg 2","Ancient Tea Set","PreservedInsect"],"potions_floor_usage":[16,16],"damage_taken":[{"damage":13,"enemies":"Small Slimes","floor":1,"turns":4},{"damage":9,"enemies":"Cultist","floor":3,"turns":4},{"damage":0,"enemies":"2 Louse","floor":4,"turns":1},{"damage":24,"enemies":"Lagavulin","floor":7,"turns":6},{"damage":1,"enemies":"2 Fungi Beasts","floor":10,"turns":3},{"damage":11,"enemies":"Looter","floor":11,"turns":2},{"damage":8,"enemies":"3 Sentries","floor":14,"turns":5},{"damage":20,"enemies":"Hexaghost","floor":16,"turns":9}],"seed_played":"-5151398752745946886","potions_obtained":[{"floor":1,"key":"Weak Potion"},{"floor":7,"key":"PowerPotion"}],"is_trial":false,"path_per_floor":["M","?","M","M","$","R","E","R","T","M","M","R","$","E","R","B"],"character_chosen":"DEFECT","items_purchased":[],"campfire_rested":1,"item_purchase_floors":[],"current_hp_per_floor":[51,51,42,42,42,42,18,39,39,38,27,27,27,19,19,0],"gold":57,"neow_bonus":"THREE_RARE_CARDS","is_prod":false,"is_daily":false,"chose_seed":false,"campfire_upgraded":3,"win_rate":0,"timestamp":1543869402,"path_taken":["M","?","M","M","$","R","E","R","T","M","M","R","?","E","R","BOSS"],"build_version":"2018-11-15","purchased_purges":1,"victory":false,"max_hp_per_floor":[71,71,71,71,71,71,71,71,71,71,71,71,71,71,71,71],"card_choices":[{"not_picked":["Machine Learning","Hyperbeam"],"picked":"Core Surge","floor":0.0},{"not_picked":["BootSequence","Hologram"],"picked":"Streamline","floor":1},{"not_picked":["Hologram","Multi-Cast"],"picked":"Rip and Tear","floor":3},{"not_picked":["Steam","Go for the Eyes"],"picked":"Conserve Battery","floor":4},{"not_picked":["Rip and Tear","Turbo"],"picked":"Hologram","floor":7},{"not_picked":["Static Discharge+1","Conserve Battery"],"picked":"Cold Snap","floor":10},{"not_picked":["Genetic Algorithm","Beam Cell"],"picked":"Hologram","floor":11},{"not_picked":["Compile Driver","Undo"],"picked":"Fission","floor":14}],"player_experience":1532469,"relics_obtained":[{"floor":7,"key":"Frozen Egg 2"},{"floor":9,"key":"Ancient Tea Set"},{"floor":14,"key":"PreservedInsect"}],"event_choices":[{"damage_healed":0,"gold_gain":0,"player_choice":"1 cards matched","damage_taken":0,"max_hp_gain":0,"max_hp_loss":0,"event_name":"Match and Keep!","floor":2,"gold_loss":0,"cards_obtained":["Rainbow"]}],"is_beta":false,"boss_relics":[],"items_purged_floors":[13],"is_endless":false,"potions_floor_spawned":[1,7,11],"killed_by":"Hexaghost","ascension_level":17}