{"gold_per_floor":[114,131,149,160,160,160,160,185,260,280,310,146,146,165,165,244,244,256,256,291,29,42,42,76,90,140,140,140,150,150,170,170,170],"floor_reached":33,"playtime":1286,"items_purged":["Strike_G"],"score":512,"play_id":"8c28a9d4-b995-45da-9dd4-073980b0cb91","local_time":"20181027144603","is_ascension_mode":true,"campfire_choices":[{"data":"A Thousand Cuts","floor":6,"key":"SMITH"},{"floor":13,"key":"REST"},{"floor":15,"key":"REST"},{"data":"Noxious Fumes","floor":23,"key":"SMITH"},{"data":"Footwork","floor":28,"key":"SMITH"},{"data":"Calculated Gamble","floor":30,"key":"SMITH"},{"data":"Footwork","floor":32,"key":"SMITH"}],"neow_cost":"NONE","seed_source_timestamp":519533218120696,"circlet_count":0,"master_deck":["Defend_G+1","Defend_G+1","Defend_G+1","Defend_G+1","Defend_G+1","Strike_G+1","Strike_G+1","Strike_G+1","Strike_G+1","Survivor","Neutralize+1","AscendersBane","Footwork+1","Quick Slash","Dagger Spray","A Thousand Cuts+1","Crippling Poison","Noxious Fumes+1","Footwork+1","Calculated Gamble+1","Die Die Die","Leg Sweep","Acrobatics","Cloak And Dagger","Cloak And Dagger","Shame"],"relics":["Ring of the Snake","Du-Vu Doll","WingedGreaves","Dodecahedron","Sundial","Cursed Key","Red Mask","Meat on the Bone","Mango","Blood Vial"],"potions_floor_usage":[8,20,20,33],"damage_taken":[{"damage":1,"enemies":"2 Louse","floor":1,"turns":3},{"damage":1,"enemies":"Small Slimes","floor":2,"turns":4},{"damage":0,"enemies":"Jaw Worm","floor":3,"turns":6},{"damage":12,"enemies":"2 Fungi Beasts","floor":4,"turns":4},{"damage":20,"enemies":"Gremlin Nob","floor":8,"turns":4},{"damage":0,"enemies":"Blue Slaver","floor":10,"turns":6},{"damage":18,"enemies":"3 Sentries","floor":11,"turns":5},{"damage":9,"enemies":"Looter","floor":14,"turns":4},{"damage":34,"enemies":"Slime Boss","floor":16,"turns":9},{"damage":18,"enemies":"2 Thieves","floor":18,"turns":4},{"damage":0,"enemies":"Masked Bandits","floor":20,"turns":2},{"damage":3,"enemies":"3 Byrds","floor":22,"turns":5},{"damage":27,"enemies":"Book of Stabbing","floor":24,"turns":8},{"damage":10,"enemies":"3 Cultists","floor":25,"turns":6},{"damage":20,"enemies":"Shelled Parasite and Fungi","floor":29,"turns":7},{"damage":0,"enemies":"Snake Plant","floor":31,"turns":5},{"damage":69,"enemies":"Champ","floor":33,"turns":19}],"seed_played":"7579254892111776713","potions_obtained":[{"floor":1,"key":"SteroidPotion"},{"floor":3,"key":"Ancient Potion"},{"floor":11,"key":"Energy Potion"},{"floor":29,"key":"Poison Potion"}],"is_trial":false,"path_per_floor":["M","M","M","M","?","R","T","E","T","M","E","$","R","M","R","B",null,"M","?","?","$","M","R","E","M","T","?","R","M","R","M","R"],"character_chosen":"THE_SILENT","items_purchased":["Footwork","Meat on the Bone"],"campfire_rested":2,"item_purchase_floors":[12,21],"current_hp_per_floor":[58,57,57,45,45,45,45,25,25,25,7,7,26,17,36,2,50,32,32,32,32,41,41,40,42,42,42,42,36,36,50,50,0],"gold":170,"neow_bonus":"THREE_CARDS","is_prod":false,"is_daily":false,"chose_seed":false,"campfire_upgraded":5,"win_rate":0,"timestamp":1540676763,"path_taken":["M","M","M","M","?","R","?","E","T","M","E","$","R","M","R","BOSS","M","?","?","?","?","R","E","M","T","?","R","M","R","M","R","BOSS"],"build_version":"2018-10-25v2","purchased_purges":1,"victory":false,"max_hp_per_floor":[66,66,66,66,66,66,66,66,66,66,66,66,66,66,66,66,66,66,66,66,66,66,66,80,80,80,80,80,80,80,80,80,80],"card_choices":[{"not_picked":["Leg Sweep","Poisoned Stab"],"picked":"Footwork","floor":1},{"not_picked":["Deflect","Slice"],"picked":"Quick Slash","floor":2},{"not_picked":["Catalyst","Poisoned Stab"],"picked":"Dagger Spray","floor":3},{"not_picked":["Deflect","Dagger Throw"],"picked":"A Thousand Cuts","floor":4},{"not_picked":["Choke","Caltrops"],"picked":"Crippling Poison","floor":8},{"not_picked":["Dagger Spray","Acrobatics"],"picked":"Noxious Fumes","floor":10},{"not_picked":["Poisoned Stab","Prepared","Acrobatics"],"picked":"SKIP","floor":11},{"not_picked":["Reflex","Tactician"],"picked":"Calculated Gamble","floor":14},{"not_picked":["Wraith Form v2","Doppelganger"],"picked":"Die Die Die","floor":16},{"not_picked":["Catalyst","Accuracy"],"picked":"Leg Sweep","floor":18},{"not_picked":["Sucker Punch","Bane+1"],"picked":"Acrobatics","floor":20},{"not_picked":["Caltrops+1","Heel Hook","All Out Attack"],"picked":"SKIP","floor":22},{"not_picked":["Underhanded Strike","Dagger Spray"],"picked":"Cloak And Dagger","floor":24},{"not_picked":["Bane","Poisoned Stab"],"picked":"Cloak And Dagger","floor":25},{"not_picked":["Sucker Punch","Die Die Die","Tactician"],"picked":"SKIP","floor":29},{"not_picked":["Bouncing Flask","Poisoned Stab","Tactician"],"picked":"SKIP","floor":31}],"player_experience":894229,"relics_obtained":[{"floor":7,"key":"Du-Vu Doll"},{"floor":8,"key":"WingedGreaves"},{"floor":9,"key":"Dodecahedron"},{"floor":11,"key":"Sundial"},{"floor":20,"key":"Red Mask"},{"floor":24,"key":"Mango"},{"floor":26,"key":"Blood Vial"}],"event_choices":[{"damage_healed":0,"gold_gain":0,"player_choice":"Grow","damage_taken":0,"max_hp_gain":0,"max_hp_loss":0,"event_name":"Living Wall","floor":5,"gold_loss":0,"cards_upgraded":["Neutralize"]},{"damage_healed":0,"gold_gain":0,"player_choice":"Simplicity","damage_taken":0,"max_hp_gain":0,"max_hp_loss":0,"event_name":"Back to Basics","floor":19,"gold_loss":0,"cards_upgraded":["Defend_G","Defend_G","Defend_G","Defend_G","Defend_G","Strike_G","Strike_G","Strike_G","Strike_G"]},{"damage_healed":0,"gold_gain":0,"player_choice":"Fought Bandits","damage_taken":0,"max_hp_gain":0,"max_hp_loss":0,"event_name":"Masked Bandits","floor":20,"gold_loss":0},{"damage_healed":0,"gold_gain":0,"player_choice":"Ignored","damage_taken":0,"max_hp_gain":0,"max_hp_loss":0,"event_name":"The Mausoleum","floor":27,"gold_loss":0}],"is_beta":true,"boss_relics":[{"not_picked":["Velvet Choker","Calling Bell"],"picked":"Cursed Key"}],"items_purged_floors":[12],"is_endless":false,"potions_floor_spawned":[1,3,11,14,18,29],"killed_by":"Champ","ascension_level":17}