{"gold_per_floor":[13,13,13,13,27,75,104,122,122,122,142,173,219,219,219,219],"floor_reached":16,"playtime":1502,"items_purged":[],"score":108,"play_id":"b8f307f9-bf5b-4e71-85e6-ff3532368d2e","local_time":"20190203222933","is_ascension_mode":false,"campfire_choices":[{"floor":15,"key":"REST"}],"neow_cost":"NO_GOLD","seed_source_timestamp":1347877767032397,"circlet_count":0,"master_deck":["Strike_R","Strike_R+1","Strike_R","Strike_R","Defend_R","Defend_R","Defend_R","Bash","Cleave+1","Dropkick","Dual Wield","Warcry","Headbutt"],"relics":["Burning Blood","Matryoshka","Omamori","Juzu Bracelet","Oddly Smooth Stone","Whetstone","Potion Belt","Letter Opener","Golden Idol","Unceasing Top","Pen Nib","NlothsMask"],"potions_floor_usage":[],"damage_taken":[{"damage":10,"enemies":"Small Slimes","floor":1,"turns":4},{"damage":6,"enemies":"Jaw Worm","floor":5,"turns":3},{"damage":27,"enemies":"Gremlin Nob","floor":7,"turns":4},{"damage":0,"enemies":"Cultist","floor":8,"turns":3},{"damage":16,"enemies":"Exordium Thugs","floor":11,"turns":4},{"damage":39,"enemies":"Lagavulin","floor":12,"turns":7},{"damage":46,"enemies":"The Guardian","floor":16,"turns":8}],"seed_played":"6087647905973492647","potions_obtained":[{"floor":7,"key":"Block Potion"},{"floor":8,"key":"Explosive Potion"},{"floor":12,"key":"Energy Potion"}],"is_trial":false,"path_per_floor":["M","?","T","?","M","T","E","M","T","?","M","E","T","?","R","B"],"character_chosen":"IRONCLAD","items_purchased":[],"campfire_rested":1,"item_purchase_floors":[],"current_hp_per_floor":[76,81,81,81,81,81,60,66,66,66,56,23,23,23,46,0],"gold":219,"neow_bonus":"REMOVE_TWO","is_prod":false,"is_daily":false,"chose_seed":false,"campfire_upgraded":0,"win_rate":0.0,"timestamp":1549232973,"path_taken":["M","?","?","?","?","?","E","M","T","?","M","E","?","?","R","BOSS"],"build_version":"2019-01-23","purchased_purges":0,"victory":false,"max_hp_per_floor":[80,85,85,85,85,85,85,85,85,79,79,79,79,79,79,79],"card_choices":[{"not_picked":["Twin Strike","Cleave"],"picked":"Warcry","floor":1},{"not_picked":["Body Slam","Wild Strike"],"picked":"Cleave","floor":5},{"not_picked":["Brutality","Clash"],"picked":"Dropkick","floor":7},{"not_picked":["Iron Wave","Seeing Red"],"picked":"Dual Wield","floor":8},{"not_picked":["Metallicize","Seeing Red"],"picked":"Warcry","floor":11},{"not_picked":["Iron Wave","Heavy Blade"],"picked":"Headbutt","floor":12}],"player_experience":188424,"relics_obtained":[{"floor":3,"key":"Matryoshka"},{"floor":6,"key":"Juzu Bracelet"},{"floor":6,"key":"Oddly Smooth Stone"},{"floor":7,"key":"Whetstone"},{"floor":9,"key":"Potion Belt"},{"floor":9,"key":"Letter Opener"},{"floor":12,"key":"Unceasing Top"},{"floor":13,"key":"Pen Nib"}],"event_choices":[{"damage_healed":0,"gold_gain":0,"player_choice":"Donut","damage_taken":0,"max_hp_gain":5,"max_hp_loss":0,"event_name":"Big Fish","floor":2,"gold_loss":0},{"cards_removed":["Warcry"],"damage_healed":0,"gold_gain":0,"player_choice":"Gave Card","damage_taken":0,"relics_obtained":["Omamori"],"max_hp_gain":0,"max_hp_loss":0,"event_name":"WeMeetAgain","floor":4,"gold_loss":0},{"damage_healed":0,"gold_gain":0,"player_choice":"Lose Max HP","damage_taken":0,"relics_obtained":["Golden Idol"],"max_hp_gain":0,"max_hp_loss":6,"event_name":"Golden Idol","floor":10,"gold_loss":0},{"damage_healed":0,"gold_gain":0,"player_choice":"Trade","damage_taken":0,"relics_obtained":["NlothsMask"],"max_hp_gain":0,"max_hp_loss":0,"event_name":"FaceTrader","floor":14,"gold_loss":0}],"is_beta":false,"boss_relics":[],"items_purged_floors":[],"is_endless":false,"potions_floor_spawned":[7,8,12],"killed_by":"The Guardian","ascension_level":0}