{"gold_per_floor":[118,118,130,143,161,194,194,227,296,315,331,331,342,359,359,454,454,470,480,55,55,75,75,100,100,125,142,92,191,223,233,233,333,333,351,15,70,88,106,106,106,6,6,6,25,0,18,36,36,36],"floor_reached":50,"playtime":2020,"items_purged":["Strike_G"],"score":623,"play_id":"b857f28f-b674-44af-9686-ee083b2d8592","local_time":"20180805153434","is_ascension_mode":true,"campfire_choices":[{"data":"Neutralize","floor":7,"key":"SMITH"},{"floor":12,"key":"REST"},{"data":"Deadly Poison","floor":15,"key":"SMITH"},{"data":"Bouncing Flask","floor":23,"key":"SMITH"},{"floor":25,"key":"REST"},{"floor":32,"key":"REST"},{"floor":40,"key":"REST"},{"data":"Bouncing Flask","floor":44,"key":"SMITH"},{"floor":49,"key":"REST"}],"neow_cost":"NONE","seed_source_timestamp":22938142480011,"circlet_count":0,"master_deck":["Defend_G","Defend_G","Defend_G","Defend_G","Defend_G","Strike_G","Strike_G+1","Strike_G","Survivor","Neutralize+1","Catalyst+1","Quick Slash","Dodge and Roll","Poisoned Stab","Deflect","Deadly Poison+1","Backstab+1","Prepared","Backflip","Quick Slash","Corpse Explosion","Bouncing Flask+1","Noxious Fumes","Bane+1","Deadly Poison","Poisoned Stab","Bouncing Flask+1","Footwork","Adrenaline","Deadly Poison+1","Apotheosis"],"relics":["Velvet Choker","Centennial Puzzle","Unceasing Top","Pear","Cursed Key","Whetstone","Blood Vial","Dream Catcher","Snake Skull","Empty Cage","Omamori","Calipers","Ninja Scroll","Red Mask"],"potions_floor_usage":[5,6,14,22,24,24,31,39,50,50],"damage_taken":[{"damage":0,"enemies":"2 Louse","floor":1,"turns":2},{"damage":0,"enemies":"Jaw Worm","floor":3,"turns":4},{"damage":0,"enemies":"Cultist","floor":4,"turns":4},{"damage":1,"enemies":"Gremlin Gang","floor":5,"turns":6},{"damage":20,"enemies":"Lagavulin","floor":6,"turns":7},{"damage":21,"enemies":"Gremlin Nob","floor":8,"turns":5},{"damage":5,"enemies":"2 Fungi Beasts","floor":10,"turns":3},{"damage":3,"enemies":"Large Slime","floor":11,"turns":6},{"damage":1,"enemies":"Lots of Slimes","floor":13,"turns":5},{"damage":0,"enemies":"2 Fungi Beasts","floor":14,"turns":3},{"damage":9,"enemies":"The Guardian","floor":16,"turns":9},{"damage":18,"enemies":"Chosen","floor":18,"turns":5},{"damage":19,"enemies":"Spheric Guardian","floor":19,"turns":6},{"damage":0,"enemies":"Snake Plant","floor":22,"turns":1},{"damage":26,"enemies":"Slavers","floor":24,"turns":3},{"damage":15,"enemies":"Centurion and Healer","floor":27,"turns":4},{"damage":23,"enemies":"Book of Stabbing","floor":30,"turns":4},{"damage":0,"enemies":"Sentry and Sphere","floor":31,"turns":3},{"damage":26,"enemies":"Collector","floor":33,"turns":4},{"damage":4,"enemies":"Orb Walker","floor":35,"turns":3},{"damage":29,"floor":37,"turns":3},{"damage":1,"enemies":"3 Shapes","floor":38,"turns":2},{"damage":25,"enemies":"Spire Growth","floor":39,"turns":4},{"damage":32,"enemies":"3 Darklings","floor":45,"turns":3},{"damage":13,"enemies":"Sphere and 2 Shapes","floor":47,"turns":4},{"damage":0,"enemies":"Flame Bruiser 2 Orb","floor":48,"turns":3},{"damage":75,"enemies":"Time Eater","floor":50,"turns":5}],"seed_played":"3821810680565615164","potions_obtained":[{"floor":1,"key":"Block Potion"},{"floor":4,"key":"FearPotion"},{"floor":13,"key":"GamblersBrew"},{"floor":16,"key":"LiquidBronze"},{"floor":19,"key":"Fire Potion"},{"floor":30,"key":"Poison Potion"},{"floor":33,"key":"Energy Potion"},{"floor":37,"key":"Poison Potion"}],"is_trial":false,"path_per_floor":["M","?","M","M","M","E","R","E","T","M","M","R","M","M","R","B",null,"M","M","$","?","M","R","E","R","T","M","$","?","E","M","R","B",null,"M","$","?","M","M","R","?","$","T","R","M","?","M","M","R"],"character_chosen":"THE_SILENT","items_purchased":["Bouncing Flask","Whetstone","Noxious Fumes","AttackPotion","Poisoned Stab","Omamori","Apotheosis","PowerPotion","PowerPotion"],"campfire_rested":5,"item_purchase_floors":[20,20,20,20,28,36,36,42,42],"current_hp_per_floor":[70,75,75,75,74,54,54,33,43,38,35,60,59,59,59,50,85,67,48,48,48,48,48,22,47,47,34,34,34,13,15,40,16,85,81,81,54,55,32,57,78,78,78,78,48,48,37,39,64,0],"gold":36,"neow_bonus":"BOSS_RELIC","is_prod":false,"is_daily":false,"chose_seed":false,"campfire_upgraded":4,"win_rate":0,"timestamp":1533476074,"path_taken":["M","?","M","M","?","E","R","E","T","M","M","R","?","M","R","BOSS","M","M","$","?","?","R","E","R","T","M","$","?","E","M","R","BOSS","M","$","?","M","M","R","?","$","T","R","M","?","M","M","R","BOSS"],"build_version":"2018-08-01","purchased_purges":1,"victory":false,"max_hp_per_floor":[70,75,75,75,75,75,75,75,85,85,85,85,85,85,85,85,85,85,85,85,85,85,85,85,85,85,85,85,85,85,85,85,85,85,85,85,85,85,85,85,85,85,85,85,85,85,85,85,85,85],"card_choices":[{"not_picked":["Quick Slash","Backflip"],"picked":"Catalyst","floor":1},{"not_picked":["Acrobatics","Skewer"],"picked":"Quick Slash","floor":3},{"not_picked":["Expertise","Deflect"],"picked":"Dodge and Roll","floor":4},{"not_picked":["Prepared","Crippling Poison"],"picked":"Poisoned Stab","floor":5},{"not_picked":["Calculated Gamble","Finisher"],"picked":"Deflect","floor":6},{"not_picked":["Skewer","Tactician"],"picked":"Deadly Poison","floor":8},{"not_picked":["Dash","Calculated Gamble"],"picked":"Backstab","floor":10},{"not_picked":["Outmaneuver","Setup"],"picked":"Prepared","floor":11},{"not_picked":["Accuracy","Acrobatics"],"picked":"Backflip","floor":13},{"not_picked":["Slice","Leg Sweep"],"picked":"Quick Slash","floor":14},{"not_picked":["Tools of the Trade","Envenom"],"picked":"Corpse Explosion","floor":16},{"not_picked":["Sucker Punch","Blade Dance","Flying Knee"],"picked":"SKIP","floor":18},{"not_picked":["Dagger Throw+1","Underhanded Strike+1","Masterful Stab+1"],"picked":"SKIP","floor":19},{"not_picked":["Acrobatics+1","Outmaneuver"],"picked":"Bane+1","floor":22},{"not_picked":["Dagger Throw+1","Quick Slash","Masterful Stab"],"picked":"SKIP","floor":24},{"not_picked":["Underhanded Strike+1","A Thousand Cuts"],"picked":"Deadly Poison","floor":27},{"not_picked":["Cloak And Dagger+1","All Out Attack"],"picked":"Bouncing Flask","floor":30},{"not_picked":["Blade Dance","Acrobatics+1"],"picked":"Footwork","floor":31},{"not_picked":["Grand Finale","Phantasmal Killer"],"picked":"Adrenaline","floor":33},{"not_picked":["Slice+1","Underhanded Strike+1"],"picked":"Deadly Poison+1","floor":35},{"not_picked":["Outmaneuver+1","All Out Attack+1","Caltrops+1"],"picked":"SKIP","floor":38},{"not_picked":["Heel Hook+1","Backflip+1","Prepared+1"],"picked":"SKIP","floor":39},{"not_picked":["Dagger Throw","Deadly Poison+1","Flying Knee+1"],"picked":"SKIP","floor":45},{"not_picked":["Flechettes+1","Noxious Fumes","Accuracy"],"picked":"SKIP","floor":47},{"not_picked":["Infinite Blades+1","PiercingWail+1","Sucker Punch"],"picked":"SKIP","floor":48}],"player_experience":373500,"relics_obtained":[{"floor":6,"key":"Centennial Puzzle"},{"floor":8,"key":"Unceasing Top"},{"floor":9,"key":"Pear"},{"floor":24,"key":"Blood Vial"},{"floor":26,"key":"Dream Catcher"},{"floor":30,"key":"Snake Skull"},{"floor":37,"key":"Calipers"},{"floor":43,"key":"Ninja Scroll"}],"event_choices":[{"event_name":"Big Fish","player_choice":"Donut","floor":2,"damage_taken":0},{"event_name":"Upgrade Shrine","player_choice":"Upgraded","floor":21,"damage_taken":0},{"event_name":"Nest","player_choice":"Stole From Cult","floor":29,"damage_taken":0},{"event_name":"Mysterious Sphere","player_choice":"Fight","floor":37,"damage_taken":0},{"event_name":"Winding Halls","player_choice":"Writhe","floor":41,"damage_taken":0},{"event_name":"Tomb of Lord Red Mask","player_choice":"Paid","floor":46,"damage_taken":0}],"is_beta":true,"boss_relics":[{"not_picked":["Calling Bell","White Beast Statue"],"picked":"Cursed Key"},{"not_picked":["Runic Pyramid","Sozu"],"picked":"Empty Cage"}],"items_purged_floors":[20],"is_endless":false,"potions_floor_spawned":[1,3,4,11,13,16,19,30,33,37,45,47],"killed_by":"Time Eater","ascension_level":4}