{"gold_per_floor":[112,112,123,123,123,123,148,159,184,194,224,189,206,220,220,320,320,330,318,318,233,260,294,305,319,399,399,418,418,418,428,428,530,530,540,85,85,85,100,125,125,225,225,243,15,15],"floor_reached":46,"playtime":2013,"items_purged":["Defend_B"],"score":577,"play_id":"877dab3d-2d6a-4153-8648-3c57bb904c4b","local_time":"20181104144038","is_ascension_mode":true,"campfire_choices":[{"floor":6,"key":"REST"},{"data":"Loop","floor":15,"key":"SMITH"},{"floor":27,"key":"REST"},{"data":"Storm","floor":29,"key":"SMITH"},{"floor":32,"key":"REST"},{"floor":41,"key":"REST"}],"neow_cost":"NONE","seed_source_timestamp":2217514514542846,"circlet_count":0,"master_deck":["Strike_B","Strike_B+1","Strike_B","Strike_B+1","Defend_B","Defend_B+1","Zap+1","Dualcast","Cold Snap","Gash","Self Repair","Gash+1","Core Surge","Capacitor","Barrage","Loop+1","Rainbow","Gash+1","Steam","Storm+1","Steam Power","Gash+1","Cold Snap+1","Leap","Machine Learning","Compile Driver","Madness","Madness","Finesse","Reprogram+1","Ball Lightning+1","Conserve Battery","Rebound"],"relics":["Cracked Core","Bronze Scales","Pen Nib","Whetstone","Inserter","Mercury Hourglass","DataDisk","Omamori","Bottled Flame","MutagenicStrength","Runic Pyramid","Emotion Chip","PreservedInsect","Nunchaku","Thread and Needle","Matryoshka","Vajra"],"potions_floor_usage":[7,16,16,23,33,33,40,46],"damage_taken":[{"damage":11,"enemies":"Cultist","floor":1,"turns":4},{"damage":9,"enemies":"Small Slimes","floor":3,"turns":3},{"damage":14,"enemies":"Gremlin Nob","floor":7,"turns":3},{"damage":4,"enemies":"Jaw Worm","floor":8,"turns":3},{"damage":7,"enemies":"2 Fungi Beasts","floor":10,"turns":3},{"damage":14,"enemies":"3 Sentries","floor":11,"turns":5},{"damage":6,"enemies":"Looter","floor":13,"turns":2},{"damage":12,"enemies":"Large Slime","floor":14,"turns":4},{"damage":16,"enemies":"Hexaghost","floor":16,"turns":6},{"damage":17,"enemies":"Chosen","floor":18,"turns":4},{"damage":31,"enemies":"2 Thieves","floor":19,"turns":4},{"damage":24,"enemies":"Gremlin Leader","floor":23,"turns":6},{"damage":15,"enemies":"Sentry and Sphere","floor":24,"turns":4},{"damage":21,"enemies":"Snake Plant","floor":25,"turns":3},{"damage":26,"enemies":"3 Cultists","floor":28,"turns":4},{"damage":20,"enemies":"Centurion and Healer","floor":31,"turns":3},{"damage":27,"enemies":"Collector","floor":33,"turns":7},{"damage":17,"enemies":"3 Shapes","floor":35,"turns":3},{"damage":13,"enemies":"Orb Walker","floor":39,"turns":3},{"damage":23,"enemies":"Nemesis","floor":40,"turns":5},{"damage":12,"enemies":"Mind Bloom Boss Battle","floor":42,"turns":5},{"damage":10,"enemies":"Spire Growth","floor":44,"turns":4},{"damage":54,"enemies":"Transient","floor":46,"turns":5}],"seed_played":"4247109452329296808","potions_obtained":[{"floor":1,"key":"AttackPotion"},{"floor":7,"key":"Weak Potion"},{"floor":11,"key":"GamblersBrew"},{"floor":13,"key":"Poison Potion"},{"floor":19,"key":"Weak Potion"},{"floor":24,"key":"Strength Potion"},{"floor":28,"key":"FearPotion"},{"floor":39,"key":"Weak Potion"}],"is_trial":false,"path_per_floor":["M","?","M","?","?","R","E","M","T","M","E","?","M","M","R","B",null,"M","M","?","?","T","E","M","M","T","R","M","R","?","M","R","B",null,"M","$","?","?","M","E","R","?","T","M","$","M"],"character_chosen":"DEFECT","items_purchased":["Emotion Chip","PreservedInsect","Vajra"],"campfire_rested":4,"item_purchase_floors":[36,36,45],"current_hp_per_floor":[71,55,46,46,39,63,49,52,52,52,45,65,59,54,54,45,82,72,48,75,75,75,58,43,29,29,53,34,34,34,21,45,25,82,65,65,55,55,49,33,57,52,52,42,42,0],"gold":15,"neow_bonus":"TEN_PERCENT_HP_BONUS","is_prod":false,"is_daily":false,"chose_seed":false,"campfire_upgraded":2,"win_rate":0,"timestamp":1541364038,"path_taken":["M","?","M","?","?","R","E","M","T","M","E","?","M","M","R","BOSS","M","M","?","?","?","E","?","M","T","R","M","R","?","M","R","BOSS","M","$","?","?","M","E","R","?","T","M","$","M"],"build_version":"2018-11-01","purchased_purges":1,"victory":false,"max_hp_per_floor":[82,82,82,82,82,82,82,82,82,82,82,82,82,82,82,82,82,82,82,82,82,82,82,82,82,82,82,82,82,82,82,82,82,82,82,82,82,82,82,82,82,82,82,82,82,82],"card_choices":[{"not_picked":["Gash","Hologram"],"picked":"Cold Snap","floor":1},{"not_picked":["Go for the Eyes","Blizzard"],"picked":"Gash","floor":3},{"not_picked":["Redo","Go for the Eyes"],"picked":"Self Repair","floor":7},{"not_picked":["Fusion","Barrage"],"picked":"Gash","floor":8},{"not_picked":["Fusion","Stack"],"picked":"Core Surge","floor":10},{"not_picked":["Cold Snap","Barrage"],"picked":"Capacitor","floor":11},{"not_picked":["Recycle","Tempest"],"picked":"Barrage","floor":13},{"not_picked":["Go for the Eyes","Stack"],"picked":"Loop","floor":14},{"not_picked":["All For One","Biased Cognition"],"picked":"Rainbow","floor":16},{"not_picked":["Cold Snap+1","Go for the Eyes"],"picked":"Gash+1","floor":18},{"not_picked":["Reprogram","Turbo+1"],"picked":"Steam","floor":19},{"not_picked":["Capacitor+1","Chill"],"picked":"Storm","floor":23},{"not_picked":["Hologram","Redo"],"picked":"Steam Power","floor":24},{"not_picked":["Amplify","Blizzard"],"picked":"Gash+1","floor":25},{"not_picked":["Stack","Streamline+1"],"picked":"Cold Snap+1","floor":28},{"not_picked":["White Noise","Hello World"],"picked":"Leap","floor":31},{"not_picked":["Core Surge","Amplify"],"picked":"Machine Learning","floor":33},{"not_picked":["Steam+1","Skim+1"],"picked":"Compile Driver","floor":35},{"not_picked":["Jack Of All Trades","Dark Shackles"],"picked":"Finesse","floor":38},{"not_picked":["Barrage","Rebound+1"],"picked":"Reprogram+1","floor":39},{"not_picked":["Rebound+1","Steam+1"],"picked":"Ball Lightning+1","floor":40},{"not_picked":["Beam Cell","Stack+1"],"picked":"Conserve Battery","floor":42},{"not_picked":["Rainbow","Blizzard"],"picked":"Rebound","floor":44}],"player_experience":284825,"relics_obtained":[{"floor":7,"key":"Bronze Scales"},{"floor":9,"key":"Pen Nib"},{"floor":11,"key":"Whetstone"},{"floor":22,"key":"DataDisk"},{"floor":23,"key":"Omamori"},{"floor":26,"key":"Bottled Flame"},{"floor":40,"key":"Nunchaku"},{"floor":42,"key":"Thread and Needle"},{"floor":43,"key":"Matryoshka"}],"event_choices":[{"damage_healed":0,"gold_gain":0,"player_choice":"Entered Light","damage_taken":16,"max_hp_gain":0,"max_hp_loss":0,"event_name":"Shining Light","floor":2,"gold_loss":0,"cards_upgraded":["Strike_B","Defend_B"]},{"damage_healed":0,"gold_gain":0,"player_choice":"Grow","damage_taken":0,"max_hp_gain":0,"max_hp_loss":0,"event_name":"Living Wall","floor":4,"gold_loss":0,"cards_upgraded":["Zap"]},{"cards_removed":["Defend_B"],"damage_healed":0,"gold_gain":0,"player_choice":"Card Removal","damage_taken":7,"max_hp_gain":0,"max_hp_loss":0,"event_name":"Golden Wing","floor":5,"gold_loss":0},{"damage_healed":20,"gold_gain":0,"player_choice":"Healed","damage_taken":0,"max_hp_gain":0,"max_hp_loss":0,"event_name":"The Cleric","floor":12,"gold_loss":35},{"damage_healed":27,"gold_gain":0,"player_choice":"Heal","damage_taken":0,"max_hp_gain":0,"max_hp_loss":0,"event_name":"The Library","floor":20,"gold_loss":0},{"damage_healed":0,"gold_gain":0,"player_choice":"Obtained Relic","damage_taken":0,"relics_obtained":["Mercury Hourglass"],"max_hp_gain":0,"max_hp_loss":0,"event_name":"Addict","floor":21,"gold_loss":85},{"damage_healed":0,"gold_gain":0,"player_choice":"Inject Mutagens","damage_taken":0,"relics_obtained":["MutagenicStrength"],"max_hp_gain":0,"max_hp_loss":0,"event_name":"Drug Dealer","floor":30,"gold_loss":0},{"damage_healed":0,"gold_gain":0,"player_choice":"Embrace Madness","damage_taken":10,"max_hp_gain":0,"max_hp_loss":0,"event_name":"Winding Halls","floor":37,"gold_loss":0,"cards_obtained":["Madness","Madness"]},{"damage_healed":0,"gold_gain":0,"player_choice":"Memory 1","damage_taken":0,"max_hp_gain":0,"max_hp_loss":0,"event_name":"SensoryStone","floor":38,"gold_loss":0},{"damage_healed":0,"gold_gain":0,"player_choice":"Fight","damage_taken":0,"max_hp_gain":0,"max_hp_loss":0,"event_name":"MindBloom","floor":42,"gold_loss":0}],"is_beta":false,"boss_relics":[{"not_picked":["FrozenCore","Busted Crown"],"picked":"Inserter"},{"not_picked":["Pandora\u0027s Box","Philosopher\u0027s Stone"],"picked":"Runic Pyramid"}],"items_purged_floors":[45],"is_endless":false,"potions_floor_spawned":[1,7,11,13,19,24,28,31,39],"killed_by":"Transient","ascension_level":3}