{"gold_per_floor":[114,128,143,155,175,209,209,244,244,244,263,263,326,326],"floor_reached":14,"playtime":873,"items_purged":[],"score":117,"play_id":"539eae81-2829-4b12-95dd-318e32545fd8","local_time":"20181216040633","is_ascension_mode":true,"campfire_choices":[{"data":"Creative AI","floor":7,"key":"SMITH"},{"floor":10,"key":"RECALL"},{"floor":12,"key":"REST"}],"neow_cost":"NONE","seed_source_timestamp":710009119221347,"circlet_count":0,"master_deck":["Strike_B","Strike_B","Strike_B","Strike_B","Defend_B","Defend_B","Defend_B","Defend_B","Zap","Dualcast","Creative AI+1","Beam Cell","Darkness","Glacier","Sweeping Beam","Storm","Hello World","Loop","Chaos"],"relics":["Cracked Core","Gremlin Horn","Cables","Art of War"],"potions_floor_usage":[6,8,8],"damage_taken":[{"damage":0,"enemies":"Cultist","floor":1,"turns":3},{"damage":3,"enemies":"Jaw Worm","floor":2,"turns":4},{"damage":2,"enemies":"2 Louse","floor":3,"turns":2},{"damage":0,"enemies":"Large Slime","floor":4,"turns":5},{"damage":9,"enemies":"Red Slaver","floor":5,"turns":3},{"damage":31,"enemies":"3 Sentries","floor":6,"turns":7},{"damage":8,"enemies":"Gremlin Nob","floor":8,"turns":4},{"damage":5,"enemies":"3 Louse","floor":11,"turns":3},{"damage":27,"enemies":"Lagavulin Event","floor":13,"turns":7},{"damage":15,"enemies":"Lagavulin","floor":14,"turns":3}],"seed_played":"-5222149727201639617","potions_obtained":[{"floor":1,"key":"Poison Potion"},{"floor":3,"key":"LiquidBronze"},{"floor":6,"key":"PowerPotion"},{"floor":11,"key":"FearPotion"}],"is_trial":false,"path_per_floor":["M","M","M","M","M","E","R","E","T","R","M","R","?","E"],"character_chosen":"DEFECT","items_purchased":[],"campfire_rested":1,"item_purchase_floors":[],"current_hp_per_floor":[75,72,70,70,61,30,30,22,22,22,17,39,12,0],"gold":326,"neow_bonus":"ONE_RANDOM_RARE_CARD","is_prod":false,"is_daily":false,"chose_seed":false,"campfire_upgraded":1,"win_rate":0,"timestamp":1544951193,"path_taken":["M","M","M","M","?","E","R","E","T","R","M","R","?","E"],"build_version":"2018-12-13","purchased_purges":0,"victory":false,"max_hp_per_floor":[75,75,75,75,75,75,75,75,75,75,75,75,75,75],"card_choices":[{"not_picked":["Blizzard","Barrage","Recycle"],"picked":"SKIP","floor":1},{"not_picked":["Rebound","Reprogram"],"picked":"Beam Cell","floor":2},{"not_picked":["Cold Snap","Coolheaded"],"picked":"Darkness","floor":3},{"not_picked":["Rebound","Compile Driver"],"picked":"Glacier","floor":4},{"not_picked":["Reboot","Lockon"],"picked":"Sweeping Beam","floor":5},{"not_picked":["Lockon","Rebound"],"picked":"Storm","floor":6},{"not_picked":["Sweeping Beam","Streamline"],"picked":"Hello World","floor":8},{"not_picked":["Double Energy","Barrage"],"picked":"Loop","floor":11},{"not_picked":["Ball Lightning","Skim"],"picked":"Chaos","floor":13}],"player_experience":200380,"relics_obtained":[{"floor":6,"key":"Gremlin Horn"},{"floor":8,"key":"Cables"},{"floor":13,"key":"Art of War"}],"event_choices":[{"damage_healed":0,"gold_gain":30,"player_choice":"Searched \u00272\u0027 times","damage_taken":0,"max_hp_gain":0,"max_hp_loss":0,"event_name":"Dead Adventurer","floor":13,"gold_loss":0}],"is_beta":false,"boss_relics":[],"items_purged_floors":[],"is_endless":false,"potions_floor_spawned":[1,3,6,11],"killed_by":"Lagavulin","ascension_level":3}