{"gold_per_floor":[110,110,110,110,124,124,150,75,75,90,105,131,131,150,150,251,251,271,299,398,412,426,426,526,526,576,359,359,369,19,32,32,130,130,141,241,241,259,110,110,124,124,149,371,386,386,401,65,65,65],"floor_reached":51,"playtime":2985,"items_purged":["Regret"],"score":670,"play_id":"0dd0c7fc-d5e2-44ed-9705-b3187e143174","local_time":"20190205144140","is_ascension_mode":false,"campfire_choices":[{"data":"Neutralize","floor":6,"key":"SMITH"},{"data":"Finisher","floor":13,"key":"SMITH"},{"floor":15,"key":"REST"},{"floor":23,"key":"REST"},{"floor":28,"key":"REST"},{"floor":32,"key":"REST"},{"data":"A Thousand Cuts","floor":40,"key":"SMITH"},{"floor":49,"key":"REST"}],"neow_cost":"NONE","seed_source_timestamp":2208660142000,"circlet_count":0,"master_deck":["Defend_G","Defend_G","Defend_G","Defend_G","Strike_G","Strike_G","Strike_G","Strike_G","Strike_G","Survivor","Neutralize+1","Sucker Punch","Finisher+1","All Out Attack","Flying Knee","Slice","Dodge and Roll","After Image","Deflect","Finisher","Escape Plan","Distraction","Blur","Prepared+1","Prepared+1","Blur+1","Backflip","Quick Slash+1","Flying Knee","Heel Hook","Neutralize+1","Flying Knee+1","A Thousand Cuts+1","Poisoned Stab+1","Infinite Blades+1","Heel Hook","Burst","Secret Technique","Acrobatics","Prepared+1","Backstab"],"relics":["Ring of the Serpent","Happy Flower","Dodecahedron","Regal Pillow","Potion Belt","Pantograph","Pen Nib","Orrery","Red Mask","Incense Burner","Mummified Hand","Centennial Puzzle","HandDrill","PreservedInsect","DollysMirror","Nunchaku","Bronze Scales","Snake Skull","Lantern","Sundial"],"potions_floor_usage":[7,18,19,19,24,36,41,50,50,50],"damage_taken":[{"damage":0,"enemies":"Small Slimes","floor":1,"turns":3},{"damage":6,"enemies":"Jaw Worm","floor":5,"turns":4},{"damage":20,"enemies":"3 Sentries","floor":7,"turns":6},{"damage":0,"enemies":"2 Louse","floor":10,"turns":1},{"damage":1,"enemies":"Blue Slaver","floor":11,"turns":3},{"damage":7,"enemies":"Looter","floor":14,"turns":3},{"damage":31,"enemies":"Hexaghost","floor":16,"turns":12},{"damage":0,"enemies":"3 Byrds","floor":18,"turns":4},{"damage":33,"enemies":"Masked Bandits","floor":19,"turns":6},{"damage":4,"enemies":"Spheric Guardian","floor":21,"turns":4},{"damage":2,"enemies":"Snake Plant","floor":22,"turns":4},{"damage":5,"enemies":"Colosseum Slavers","floor":24,"turns":3},{"damage":37,"enemies":"Colosseum Nobs","floor":24,"turns":6},{"damage":12,"enemies":"Shelled Parasite and Fungi","floor":29,"turns":3},{"damage":5,"enemies":"Centurion and Healer","floor":31,"turns":5},{"damage":54,"enemies":"Champ","floor":33,"turns":16},{"damage":0,"enemies":"Orb Walker","floor":35,"turns":2},{"damage":0,"enemies":"Mind Bloom Boss Battle","floor":36,"turns":6},{"damage":0,"enemies":"3 Shapes","floor":38,"turns":4},{"damage":1,"enemies":"Transient","floor":41,"turns":5},{"damage":17,"enemies":"Spire Growth","floor":45,"turns":4},{"damage":19,"enemies":"Writhing Mass","floor":47,"turns":4},{"damage":53,"enemies":"Awakened One","floor":50,"turns":15}],"seed_played":"8416459096179849002","potions_obtained":[{"floor":5,"key":"Explosive Potion"},{"floor":10,"key":"GamblersBrew"},{"floor":14,"key":"Block Potion"},{"floor":18,"key":"Dexterity Potion"},{"floor":22,"key":"Weak Potion"},{"floor":33,"key":"Fire Potion"},{"floor":35,"key":"Swift Potion"},{"floor":38,"key":"Poison Potion"},{"floor":41,"key":"Energy Potion"},{"floor":47,"key":"FearPotion"}],"is_trial":false,"path_per_floor":["M","?","$","?","M","R","E","$","T","M","M","T","R","M","R","B",null,"M","?","?","M","M","R","?","?","T","$","R","M","$","M","R","B",null,"M","?","?","M","$","R","M","?","T","?","M","T","M","$","R","B",null],"character_chosen":"THE_SILENT","items_purchased":["HandDrill","Flying Knee","PreservedInsect","DollysMirror","Bronze Scales","Sundial","Backstab"],"campfire_rested":5,"item_purchase_floors":[27,27,30,30,39,48,48],"current_hp_per_floor":[70,70,70,67,61,61,41,41,41,41,40,40,40,33,69,39,70,70,37,37,33,31,67,25,25,25,25,61,49,49,44,70,16,70,70,70,70,70,70,70,69,69,69,69,52,52,33,33,69,17],"gold":65,"neow_bonus":"RANDOM_COMMON_RELIC","is_prod":false,"is_daily":false,"chose_seed":false,"campfire_upgraded":3,"win_rate":0.0,"timestamp":1549348900,"path_taken":["M","?","$","?","M","R","E","$","T","M","M","?","R","M","R","BOSS","M","?","?","M","M","R","?","?","T","$","R","M","$","M","R","BOSS","M","?","?","M","$","R","M","?","T","?","M","?","M","$","R","BOSS"],"build_version":"2019-01-23","purchased_purges":1,"victory":true,"max_hp_per_floor":[70,70,70,70,70,70,70,70,70,70,70,70,70,70,70,70,70,70,70,70,70,70,70,70,70,70,70,70,70,70,70,70,70,70,70,70,70,70,70,70,70,70,70,70,70,70,70,70,70,70],"card_choices":[{"not_picked":["Blade Dance","Dagger Spray"],"picked":"Sucker Punch","floor":1},{"not_picked":["Bouncing Flask","PiercingWail"],"picked":"Finisher","floor":5},{"not_picked":["A Thousand Cuts","Deadly Poison"],"picked":"All Out Attack","floor":7},{"not_picked":["Blur","Skewer"],"picked":"Flying Knee","floor":10},{"not_picked":["Predator","Caltrops"],"picked":"Slice","floor":11},{"not_picked":["Deadly Poison","Catalyst"],"picked":"Dodge and Roll","floor":14},{"not_picked":["Night Terror","Unload"],"picked":"After Image","floor":16},{"not_picked":["Choke","Eviscerate"],"picked":"Deflect","floor":17},{"not_picked":["Expertise","Flechettes"],"picked":"Finisher","floor":17},{"not_picked":["Prepared","Riddle With Holes"],"picked":"Escape Plan","floor":17},{"not_picked":["All Out Attack","Deadly Poison"],"picked":"Distraction","floor":17},{"not_picked":["Sucker Punch","Flechettes"],"picked":"Blur","floor":17},{"not_picked":["Dagger Throw","Flechettes"],"picked":"Prepared+1","floor":18},{"not_picked":["Leg Sweep","Blade Dance"],"picked":"Prepared+1","floor":19},{"not_picked":["Caltrops+1","Bouncing Flask"],"picked":"Blur+1","floor":21},{"not_picked":["Dash","Expertise+1"],"picked":"Backflip","floor":22},{"not_picked":["Doppelganger","Poisoned Stab"],"picked":"Quick Slash+1","floor":24},{"not_picked":["Backflip+1","Prepared"],"picked":"Heel Hook","floor":29},{"not_picked":["Acrobatics","Expertise"],"picked":"Flying Knee+1","floor":31},{"not_picked":["Doppelganger","Malaise"],"picked":"A Thousand Cuts","floor":33},{"not_picked":["Backflip","Dagger Throw"],"picked":"Poisoned Stab+1","floor":35},{"not_picked":["Blade Dance+1","Blur"],"picked":"Infinite Blades+1","floor":36},{"not_picked":["Deadly Poison+1","Bane+1"],"picked":"Heel Hook","floor":38},{"not_picked":["Dagger Throw","Bouncing Flask+1"],"picked":"Burst","floor":41},{"not_picked":["Good Instincts","Sadistic Nature"],"picked":"Secret Technique","floor":42},{"not_picked":["PiercingWail","All Out Attack"],"picked":"Acrobatics","floor":45},{"not_picked":["Deadly Poison","Riddle With Holes"],"picked":"Prepared+1","floor":47}],"player_experience":68028,"relics_obtained":[{"floor":7,"key":"Potion Belt"},{"floor":9,"key":"Pantograph"},{"floor":12,"key":"Pen Nib"},{"floor":19,"key":"Red Mask"},{"floor":24,"key":"Incense Burner"},{"floor":24,"key":"Mummified Hand"},{"floor":26,"key":"Centennial Puzzle"},{"floor":36,"key":"Nunchaku"},{"floor":43,"key":"Snake Skull"},{"floor":46,"key":"Lantern"}],"event_choices":[{"damage_healed":0,"gold_gain":0,"player_choice":"Box","damage_taken":0,"relics_obtained":["Dodecahedron"],"max_hp_gain":0,"max_hp_loss":0,"event_name":"Big Fish","floor":2,"gold_loss":0,"cards_obtained":["Regret"]},{"damage_healed":0,"gold_gain":0,"player_choice":"Success","damage_taken":3,"relics_obtained":["Regal Pillow"],"max_hp_gain":0,"max_hp_loss":0,"event_name":"Scrap Ooze","floor":4,"gold_loss":0},{"damage_healed":0,"gold_gain":0,"player_choice":"Fought Bandits","damage_taken":0,"max_hp_gain":0,"max_hp_loss":0,"event_name":"Masked Bandits","floor":19,"gold_loss":0},{"damage_healed":0,"gold_gain":99,"player_choice":"Stole From Cult","damage_taken":0,"max_hp_gain":0,"max_hp_loss":0,"event_name":"Nest","floor":20,"gold_loss":0},{"damage_healed":0,"gold_gain":0,"player_choice":"Fight","damage_taken":0,"max_hp_gain":0,"max_hp_loss":0,"event_name":"Colosseum","floor":24,"gold_loss":0},{"damage_healed":0,"gold_gain":0,"player_choice":"Fought Nobs","damage_taken":0,"max_hp_gain":0,"max_hp_loss":0,"event_name":"Colosseum","floor":24,"gold_loss":0},{"damage_healed":0,"gold_gain":0,"player_choice":"Ignored","damage_taken":0,"max_hp_gain":0,"max_hp_loss":0,"event_name":"Vampires","floor":25,"gold_loss":0},{"damage_healed":0,"gold_gain":0,"player_choice":"Fight","damage_taken":0,"max_hp_gain":0,"max_hp_loss":0,"event_name":"MindBloom","floor":36,"gold_loss":0},{"cards_removed":["Defend_G"],"damage_healed":0,"gold_gain":0,"player_choice":"Removed Skill","damage_taken":0,"max_hp_gain":0,"max_hp_loss":0,"event_name":"Falling","floor":37,"gold_loss":0},{"damage_healed":0,"gold_gain":0,"player_choice":"Memory 1","damage_taken":0,"max_hp_gain":0,"max_hp_loss":0,"event_name":"SensoryStone","floor":42,"gold_loss":0},{"damage_healed":0,"gold_gain":222,"player_choice":"Wore Mask","damage_taken":0,"max_hp_gain":0,"max_hp_loss":0,"event_name":"Tomb of Lord Red Mask","floor":44,"gold_loss":0}],"is_beta":false,"boss_relics":[{"not_picked":["Sozu","Busted Crown"],"picked":"Orrery"},{"not_picked":["Runic Pyramid","Snecko Eye"],"picked":"Ring of the Serpent"}],"items_purged_floors":[8],"is_endless":false,"potions_floor_spawned":[5,10,14,18,22,33,35,38,41,47],"ascension_level":0}