{"gold_per_floor":[118,118,19,35,48,48,48,48,48,68,121,132,132,190,190,295,295,310,235,251,251,251,251,276,276,300,4,4,4,17,33,33,33],"floor_reached":33,"playtime":1589,"items_purged":["Strike_R","Dropkick"],"score":329,"play_id":"42fd3036-88a5-4dd6-99c5-cecdb4dcb52e","local_time":"20190206001853","is_ascension_mode":true,"campfire_choices":[{"data":"Body Slam","floor":6,"key":"SMITH"},{"data":"Bash","floor":8,"key":"SMITH"},{"data":"Corruption","floor":13,"key":"SMITH"},{"data":"Fire Breathing","floor":15,"key":"SMITH"},{"data":"Armaments","floor":23,"key":"SMITH"},{"floor":29,"key":"REST"},{"data":"Flame Barrier","floor":32,"key":"SMITH"}],"neow_cost":"NONE","seed_source_timestamp":4703428698880,"circlet_count":0,"master_deck":["Strike_R+1","Strike_R+1","Defend_R+1","Defend_R+1","Defend_R+1","Defend_R+1","Bash+1","Anger","Body Slam+1","Iron Wave","Impervious","Ghostly Armor","Shrug It Off","Fire Breathing","Corruption+1","Fire Breathing+1","Feed","Armaments+1","Battle Trance+1","Ghostly Armor","Iron Wave+1","Flame Barrier+1"],"relics":["Burning Blood","Prayer Wheel","Whetstone","Tiny Chest","Eternal Feather","Frozen Egg 2","Omamori","Vajra"],"potions_floor_usage":[10,14,21,24,30,31],"damage_taken":[{"damage":13,"enemies":"Jaw Worm","floor":1,"turns":4},{"damage":6,"enemies":"Cultist","floor":4,"turns":3},{"damage":6,"enemies":"Small Slimes","floor":5,"turns":4},{"damage":0,"enemies":"3 Louse","floor":10,"turns":2},{"damage":5,"enemies":"Exordium Thugs","floor":12,"turns":4},{"damage":19,"enemies":"Gremlin Nob","floor":14,"turns":4},{"damage":43,"enemies":"The Guardian","floor":16,"turns":14},{"damage":34,"enemies":"Spheric Guardian","floor":18,"turns":6},{"damage":6,"enemies":"Shell Parasite","floor":20,"turns":7},{"damage":1,"enemies":"Colosseum Slavers","floor":21,"turns":4},{"damage":37,"enemies":"Gremlin Leader","floor":24,"turns":9},{"damage":0,"enemies":"Centurion and Healer","floor":30,"turns":8},{"damage":2,"enemies":"Snecko","floor":31,"turns":4},{"damage":128,"enemies":"Champ","floor":33,"turns":16}],"seed_played":"4969947338112810786","potions_obtained":[{"floor":4,"key":"Fire Potion"},{"floor":5,"key":"Swift Potion"},{"floor":10,"key":"Energy Potion"},{"floor":20,"key":"Fire Potion"},{"floor":24,"key":"Regen Potion"},{"floor":28,"key":"LiquidBronze"},{"floor":28,"key":"SkillPotion"}],"is_trial":false,"path_per_floor":["M","?","$","M","M","R","?","R","T","M","T","M","R","E","R","B",null,"M","?","M","?","?","R","E","?","T","$","?","R","M","M","R","B"],"character_chosen":"IRONCLAD","items_purchased":["Body Slam","Ghostly Armor","Vajra"],"campfire_rested":1,"item_purchase_floors":[3,27,27],"current_hp_per_floor":[73,73,73,73,73,73,73,73,73,79,79,80,80,67,67,30,68,40,40,40,48,48,60,33,16,16,16,16,55,76,80,92,0],"gold":33,"neow_bonus":"TRANSFORM_CARD","is_prod":false,"is_daily":false,"chose_seed":false,"campfire_upgraded":6,"win_rate":0,"timestamp":1549379933,"path_taken":["M","?","$","M","?","R","?","R","T","M","?","?","R","E","R","BOSS","M","?","M","?","?","R","E","?","T","$","?","R","M","M","R","BOSS"],"build_version":"2019-01-23","purchased_purges":2,"victory":false,"max_hp_per_floor":[80,80,80,80,80,80,80,80,80,80,80,80,80,80,80,80,80,80,80,80,83,83,83,87,92,92,92,92,92,92,92,92,92],"card_choices":[{"not_picked":["Pommel Strike","Headbutt"],"picked":"Anger","floor":1},{"not_picked":["Clothesline","Disarm"],"picked":"Iron Wave","floor":4},{"not_picked":["Headbutt","Intimidate"],"picked":"Impervious","floor":5},{"not_picked":["Heavy Blade","Pommel Strike"],"picked":"Ghostly Armor","floor":10},{"not_picked":["Blood for Blood","Rampage"],"picked":"Shrug It Off","floor":10},{"not_picked":["Clothesline","Wild Strike"],"picked":"Fire Breathing","floor":12},{"not_picked":["True Grit","Armaments"],"picked":"Corruption","floor":12},{"not_picked":["Warcry","Twin Strike"],"picked":"Fire Breathing","floor":14},{"not_picked":["Berserk","Immolate"],"picked":"Feed","floor":16},{"not_picked":["Clash","Heavy Blade+1"],"picked":"Armaments","floor":18},{"not_picked":["True Grit","Heavy Blade","Disarm+1"],"picked":"SKIP","floor":18},{"not_picked":["Warcry","Armaments"],"picked":"Battle Trance+1","floor":20},{"not_picked":["Wild Strike","Twin Strike+1","Clothesline"],"picked":"SKIP","floor":20},{"not_picked":["Double Tap","Havoc","Pommel Strike"],"picked":"SKIP","floor":24},{"not_picked":["Body Slam","Perfected Strike","Spot Weakness"],"picked":"SKIP","floor":30},{"not_picked":["Headbutt","Perfected Strike","Armaments"],"picked":"SKIP","floor":30},{"not_picked":["Headbutt","Anger"],"picked":"Iron Wave+1","floor":31},{"not_picked":["Armaments","Perfected Strike"],"picked":"Flame Barrier","floor":31}],"player_experience":813067,"relics_obtained":[{"floor":9,"key":"Prayer Wheel"},{"floor":11,"key":"Whetstone"},{"floor":14,"key":"Tiny Chest"},{"floor":24,"key":"Frozen Egg 2"},{"floor":26,"key":"Omamori"}],"event_choices":[{"damage_healed":0,"gold_gain":0,"player_choice":"Bought 0 Potions","damage_taken":0,"max_hp_gain":0,"max_hp_loss":0,"event_name":"The Woman in Blue","floor":2,"gold_loss":0},{"damage_healed":0,"gold_gain":0,"player_choice":"Ignored","damage_taken":0,"max_hp_gain":0,"max_hp_loss":0,"event_name":"Liars Game","floor":7,"gold_loss":0},{"cards_removed":["Strike_R"],"damage_healed":0,"gold_gain":0,"player_choice":"Gave Gold","damage_taken":0,"max_hp_gain":0,"max_hp_loss":0,"event_name":"Beggar","floor":19,"gold_loss":75},{"damage_healed":0,"gold_gain":0,"player_choice":"Fight","damage_taken":0,"max_hp_gain":0,"max_hp_loss":0,"event_name":"Colosseum","floor":21,"gold_loss":0},{"damage_healed":0,"gold_gain":0,"player_choice":"Fled From Nobs","damage_taken":0,"max_hp_gain":0,"max_hp_loss":0,"event_name":"Colosseum","floor":21,"gold_loss":0},{"damage_healed":0,"gold_gain":0,"player_choice":"Simplicity","damage_taken":0,"max_hp_gain":0,"max_hp_loss":0,"event_name":"Back to Basics","floor":22,"gold_loss":0,"cards_upgraded":["Defend_R","Defend_R","Defend_R","Defend_R"]},{"damage_healed":0,"gold_gain":0,"player_choice":"Shed Blood","damage_taken":22,"max_hp_gain":5,"max_hp_loss":0,"event_name":"Forgotten Altar","floor":25,"gold_loss":0},{"damage_healed":0,"gold_gain":0,"player_choice":"Got Potions","damage_taken":0,"max_hp_gain":0,"max_hp_loss":0,"event_name":"Lab","floor":28,"gold_loss":0}],"is_beta":false,"boss_relics":[{"not_picked":["Coffee Dripper","Black Blood"],"picked":"Eternal Feather"}],"items_purged_floors":[3,27],"is_endless":false,"potions_floor_spawned":[4,5,10,20,21,24],"killed_by":"Champ","ascension_level":5}