{"path_per_floor":["M","?","?","M","$","R","M","M","T","R","$","M","E","M","R","B",null,"M","M","$","M","M","R","?","R","T","?","?","M","M","$","R","B",null,"M","M","?","?","M","R","M","E","T","$","M","R","M","?","R","B"],"character_chosen":"THE_SILENT","items_purchased":["Accuracy","Cloak And Dagger","AttackPotion","Adrenaline","After Image","Sundial","Lantern"],"gold_per_floor":[209,209,209,226,36,36,47,59,59,59,7,20,48,62,62,157,157,167,181,35,51,62,62,62,62,62,62,87,100,119,119,119,220,220,233,250,250,602,612,612,630,657,657,45,62,62,74,74,74,74],"floor_reached":51,"campfire_rested":2,"playtime":4323,"current_hp_per_floor":[61,61,61,61,61,61,61,43,43,43,43,43,38,37,58,52,66,61,54,54,39,39,39,39,39,39,39,19,19,19,19,40,40,63,63,63,63,59,35,35,35,33,33,33,33,33,33,61,61,33],"items_purged":["Strike_G"],"gold":74,"score":953,"play_id":"3142f624-4fb8-44e3-8763-47d3b546db2a","local_time":"20180523162750","is_prod":false,"is_daily":false,"chose_seed":false,"is_ascension_mode":true,"campfire_upgraded":4,"timestamp":1527118070,"campfire_choices":[{"data":"Cloak And Dagger","floor":6.0,"key":"SMITH"},{"data":"Accuracy","floor":10.0,"key":"SMITH"},{"floor":15.0,"key":"REST"},{"data":"Noxious Fumes","floor":23.0,"key":"SMITH"},{"floor":25,"key":"DIG"},{"floor":32,"key":"REST"},{"floor":40,"key":"DIG"},{"floor":46,"key":"DIG"},{"data":"Adrenaline","floor":49,"key":"SMITH"}],"path_taken":["M","?","?","?","$","R","M","M","T","R","?","?","E","M","R","BOSS","M","M","$","M","M","R","?","R","T","?","?","M","?","?","R","BOSS","M","M","?","?","M","R","?","E","T","$","M","R","M","?","R","BOSS"],"build_version":"2018-05-17","seed_source_timestamp":179392100375222,"purchased_purges":2,"victory":true,"master_deck":["Defend_G+1","Defend_G+1","Defend_G+1","Defend_G+1","Defend_G+1","Survivor","Neutralize","Poisoned Stab","PiercingWail","Well Laid Plans","Accuracy+1","Cloak And Dagger+1","Infinite Blades","Acrobatics","Cloak And Dagger","Tools of the Trade","Prepared+1","Burst+1","Sucker Punch+1","Flying Knee+1","Adrenaline+1","Noxious Fumes+1","Blade Dance","Cloak And Dagger+1","After Image"],"max_hp_per_floor":[70,70,70,70,70,70,70,70,70,70,70,70,70,70,70,70,70,70,70,70,70,70,70,70,70,70,70,70,70,70,70,70,70,70,70,70,70,70,70,70,70,70,70,70,70,70,70,61,61,61],"relics":["Ring of the Snake","Shuriken","Ninja Scroll","Shovel","Astrolabe","Ginger","Omamori","Red Mask","Cursed Key","Old Coin","Kunai","Pen Nib","Bottled Tornado","Sundial","Lantern","Orichalcum"],"card_choices":[{"not_picked":["Terror","Prepared"],"picked":"Poisoned Stab","floor":1.0},{"not_picked":["Acrobatics","Terror"],"picked":"Well Laid Plans","floor":4.0},{"not_picked":["Blade Dance","Setup"],"picked":"Infinite Blades","floor":7.0},{"not_picked":["Slice","Poisoned Stab"],"picked":"Acrobatics","floor":8.0},{"not_picked":["Poisoned Stab","Quick Slash","Escape Plan"],"picked":"SKIP","floor":12.0},{"not_picked":["Poisoned Stab","Predator"],"picked":"Cloak And Dagger","floor":13.0},{"not_picked":["Quick Slash","Masterful Stab","Dagger Throw"],"picked":"SKIP","floor":14.0},{"not_picked":["Corpse Explosion","Unload"],"picked":"Tools of the Trade","floor":16.0},{"not_picked":["Prepared","Expertise+1","Flying Knee"],"picked":"SKIP","floor":18.0},{"not_picked":["Quick Slash+1","Dagger Throw"],"picked":"Flying Knee+1","floor":19.0},{"not_picked":["Deadly Poison","Prepared","Deflect"],"picked":"SKIP","floor":21.0},{"not_picked":["PiercingWail","Skewer"],"picked":"Noxious Fumes","floor":22.0},{"not_picked":["Slice","Quick Slash","Underhanded Strike+1"],"picked":"SKIP","floor":29},{"not_picked":["Grand Finale","Slice"],"picked":"Blade Dance","floor":30},{"not_picked":["PiercingWail+1","Well Laid Plans","Slice+1"],"picked":"SKIP","floor":35},{"not_picked":["Terror","Deflect+1"],"picked":"Bane+1","floor":36},{"not_picked":["Cloak And Dagger","Acrobatics","Backstab"],"picked":"SKIP","floor":39},{"not_picked":["Eviscerate","Skewer+1","Acrobatics+1"],"picked":"SKIP","floor":41},{"not_picked":["Skewer","Backflip"],"picked":"Cloak And Dagger+1","floor":42},{"not_picked":["Dodge and Roll","Slice+1","Backstab"],"picked":"SKIP","floor":45},{"not_picked":["Noxious Fumes","Infinite Blades","Leg Sweep+1"],"picked":"SKIP","floor":47}],"player_experience":686100,"potions_floor_usage":[30,33,33,41,42,42,50,50],"damage_taken":[{"damage":2.0,"enemies":"Jaw Worm","floor":1.0,"turns":7.0},{"damage":0.0,"enemies":"Cultist","floor":4.0,"turns":4.0},{"damage":0.0,"enemies":"2 Louse","floor":7.0,"turns":2.0},{"damage":18.0,"enemies":"Lots of Slimes","floor":8.0,"turns":5.0},{"damage":0.0,"enemies":"Exordium Wildlife","floor":12.0,"turns":1.0},{"damage":5.0,"enemies":"Gremlin Nob","floor":13.0,"turns":3.0},{"damage":1.0,"enemies":"3 Louse","floor":14.0,"turns":2.0},{"damage":6.0,"enemies":"Slime Boss","floor":16.0,"turns":7.0},{"damage":5.0,"enemies":"Chosen","floor":18.0,"turns":5.0},{"damage":7.0,"enemies":"3 Byrds","floor":19.0,"turns":5.0},{"damage":15.0,"enemies":"Snake Plant","floor":21.0,"turns":4.0},{"damage":0.0,"enemies":"Snecko","floor":22.0,"turns":5.0},{"damage":20,"enemies":"Masked Bandits","floor":28,"turns":5},{"damage":0,"enemies":"Chosen and Byrds","floor":29,"turns":5},{"damage":0,"enemies":"3 Cultists","floor":30,"turns":6},{"damage":0,"enemies":"Champ","floor":33,"turns":8},{"damage":0,"enemies":"3 Darklings","floor":35,"turns":5},{"damage":0,"enemies":"3 Shapes","floor":36,"turns":5},{"damage":4,"enemies":"Mysterious Sphere","floor":38,"turns":5},{"damage":24,"enemies":"3 Darklings","floor":39,"turns":5},{"damage":0,"enemies":"4 Shapes","floor":41,"turns":6},{"damage":2,"enemies":"Giant Head","floor":42,"turns":5},{"damage":0,"enemies":"Maw","floor":45,"turns":5},{"damage":0,"enemies":"3 Darklings","floor":47,"turns":3},{"damage":28,"enemies":"Time Eater","floor":50,"turns":14}],"relics_obtained":[{"floor":9.0,"key":"Ninja Scroll"},{"floor":13.0,"key":"Shovel"},{"floor":25,"key":"Ginger"},{"floor":26,"key":"Omamori"},{"floor":28,"key":"Red Mask"},{"floor":38,"key":"Old Coin"},{"floor":40,"key":"Kunai"},{"floor":42,"key":"Pen Nib"},{"floor":43,"key":"Bottled Tornado"},{"floor":46,"key":"Orichalcum"}],"event_choices":[{"event_name":"Transmorgrifier","player_choice":"Transform","floor":2.0,"damage_taken":0.0},{"event_name":"Wheel of Change","player_choice":"Relic","floor":3.0,"damage_taken":0.0},{"event_name":"Back to Basics","player_choice":"Simplicity","floor":24,"damage_taken":0},{"event_name":"Cursed Tome","player_choice":"Ignored","floor":27,"damage_taken":0},{"event_name":"Masked Bandits","player_choice":"Fought over 62 gold","floor":28,"damage_taken":0},{"event_name":"Mysterious Sphere","player_choice":"Fight","floor":38,"damage_taken":0},{"event_name":"The Moai Head","player_choice":"Heal","floor":48,"damage_taken":0}],"boss_relics":[{"not_picked":["Black Star","Snecko Eye"],"picked":"Cursed Key"}],"potions_floor_spawned":[8,12,14,21,28,29,33,36,39,41,45],"seed_played":"-5961148563087446539","ascension_level":7,"potions_obtained":[{"floor":8.0,"key":"PowerPotion"},{"floor":12.0,"key":"FearPotion"},{"floor":21.0,"key":"SkillPotion"},{"floor":28,"key":"AttackPotion"},{"floor":29,"key":"Poison Potion"},{"floor":33,"key":"GamblersBrew"},{"floor":36,"key":"Energy Potion"},{"floor":39,"key":"Energy Potion"},{"floor":41,"key":"AttackPotion"},{"floor":45,"key":"Dexterity Potion"}],"is_trial":false}