{"path_per_floor":["M","M","?","?","M","R","?","M","T","R","M","R","M","M","R"],"character_chosen":"THE_SILENT","items_purchased":[],"gold_per_floor":[116,136,136,136,149,149,149,159,186,186,197,197,215,229,229,229],"floor_reached":16,"campfire_rested":0,"playtime":949,"current_hp_per_floor":[58,52,49,49,46,46,46,46,46,46,44,44,40,40,40,0],"items_purged":[],"gold":229,"score":122,"play_id":"10582f7c-e9be-468a-b775-d141997cf312","local_time":"20180522080157","is_prod":false,"is_daily":false,"chose_seed":false,"is_ascension_mode":true,"campfire_upgraded":4,"timestamp":1527001317,"campfire_choices":[{"data":"Neutralize","floor":6,"key":"SMITH"},{"data":"Cloak And Dagger","floor":10,"key":"SMITH"},{"data":"Accuracy","floor":12,"key":"SMITH"},{"data":"Dagger Spray","floor":15,"key":"SMITH"}],"path_taken":["M","M","?","?","M","R","?","M","T","R","M","R","?","M","R","BOSS"],"build_version":"2018-05-17","seed_source_timestamp":66218929582277,"purchased_purges":0,"victory":false,"master_deck":["Defend_G","Defend_G","Defend_G","Defend_G","Defend_G","Strike_G","Strike_G","Strike_G","Strike_G","Survivor","Neutralize+1","Dodge and Roll","Quick Slash","Neutralize","Dagger Spray+1","Cloak And Dagger+1","Accuracy+1","Quick Slash"],"max_hp_per_floor":[70,70,70,70,70,70,70,70,70,70,70,70,72,72,72,72],"relics":["Ring of the Snake","Singing Bowl","Bag of Marbles"],"card_choices":[{"not_picked":["Acrobatics","Endless Agony"],"picked":"Dodge and Roll","floor":1},{"not_picked":["Concentrate","Outmaneuver","Distraction"],"picked":"SKIP","floor":2},{"not_picked":["Prepared","Flechettes"],"picked":"Quick Slash","floor":5},{"not_picked":["Outmaneuver","Expertise"],"picked":"Cloak And Dagger","floor":8},{"not_picked":["Backflip","Concentrate"],"picked":"Accuracy","floor":11},{"not_picked":["PiercingWail","Choke","Deflect"],"picked":"Singing Bowl","floor":13},{"not_picked":["Slice","Deadly Poison"],"picked":"Quick Slash","floor":14}],"player_experience":651431,"potions_floor_usage":[16],"damage_taken":[{"damage":5,"enemies":"2 Louse","floor":1,"turns":5},{"damage":6,"enemies":"Jaw Worm","floor":2,"turns":8},{"damage":3,"enemies":"Small Slimes","floor":5,"turns":6},{"damage":0,"enemies":"Looter","floor":8,"turns":4},{"damage":2,"enemies":"2 Fungi Beasts","floor":11,"turns":4},{"damage":6,"enemies":"Gremlin Gang","floor":13,"turns":4},{"damage":0,"enemies":"Exordium Wildlife","floor":14,"turns":2},{"damage":44,"enemies":"Slime Boss","floor":16,"turns":9}],"relics_obtained":[{"floor":9,"key":"Bag of Marbles"}],"event_choices":[{"event_name":"Scrap Ooze","player_choice":"success","floor":3,"damage_taken":3},{"event_name":"Living Wall","player_choice":"Forget","floor":4,"damage_taken":0},{"event_name":"Match and Keep!","player_choice":"2 cards matched","floor":7,"damage_taken":0}],"boss_relics":[],"potions_floor_spawned":[2,8,11,13],"seed_played":"272988247978642312","killed_by":"Slime Boss","ascension_level":6,"potions_obtained":[{"floor":2,"key":"PowerPotion"},{"floor":8,"key":"Dexterity Potion"},{"floor":11,"key":"Energy Potion"},{"floor":13,"key":"Energy Potion"}],"is_trial":false}