{"path_per_floor":["M","?","?","$","M","E","R","?","T","E","$","R","M","M","R","B",null,"M","M","?","$","?","R","M","R","T","M","R","?","M","$","R"],"character_chosen":"DEFECT","items_purchased":["Flash of Steel","Cold Snap","Capacitor","FTL","Conserve Battery","Ball Lightning","Coolheaded"],"gold_per_floor":[109,284,284,49,63,92,92,92,92,122,17,17,27,45,45,146,146,162,181,181,27,127,127,142,142,142,153,153,153,173,3,3,3],"floor_reached":33,"campfire_rested":6,"playtime":3349,"current_hp_per_floor":[75,75,68,68,63,53,53,53,53,31,31,53,53,44,66,22,75,57,52,38,38,38,62,20,44,44,19,43,43,13,13,37,0],"items_purged":["Strike_B","Defend_B","Writhe"],"gold":3,"score":253,"play_id":"33c0b432-ce83-4811-b7b8-5c895489754c","local_time":"20180507110119","is_prod":false,"is_daily":false,"chose_seed":false,"is_ascension_mode":false,"campfire_upgraded":1,"timestamp":1525683679,"path_taken":["M","?","?","$","M","E","R","?","T","E","?","R","M","?","R","BOSS","M","M","?","$","?","R","M","R","T","M","R","?","M","?","R","BOSS"],"build_version":"2018-05-03","seed_source_timestamp":91271350129230,"purchased_purges":3,"victory":false,"master_deck":["Strike_B","Strike_B","Strike_B","Defend_B","Defend_B","Defend_B","Zap+1","Dualcast","Coolheaded","Streamline","Flash of Steel","Cold Snap","Capacitor","Darkness+1","Beam Cell","Capacitor","FTL","Conserve Battery","Machine Learning","Heatsinks","Echo Form","Leap","Self Repair","Ball Lightning","Rebound+1","Beam Cell+1","Ball Lightning+1","Coolheaded+1"],"max_hp_per_floor":[75,75,75,75,75,75,75,75,75,75,75,75,75,75,75,75,75,75,75,80,80,80,80,80,80,80,80,80,80,80,80,80,80],"relics":["Cracked Core","Vajra","Toolbox","Bottled Tornado","Nuclear Battery","Girya","Toxic Egg 2"],"card_choices":[{"not_picked":["Rip and Tear","Beam Cell"],"picked":"Coolheaded","floor":0},{"not_picked":["Chill","Consume"],"picked":"Streamline","floor":1},{"not_picked":["Cold Snap","Beam Cell"],"picked":"Darkness","floor":5},{"not_picked":["Doom and Gloom","Sweeping Beam"],"picked":"Beam Cell","floor":6},{"not_picked":["Go for the Eyes","Gash"],"picked":"Capacitor","floor":10},{"not_picked":["Conserve Battery","Barrage"],"picked":"Machine Learning","floor":13},{"not_picked":["Barrage","Hologram"],"picked":"Heatsinks","floor":14},{"not_picked":["All For One","Multi-Cast"],"picked":"Echo Form","floor":16},{"not_picked":["Hologram","Barrage"],"picked":"Leap","floor":18},{"not_picked":["Scrape","Streamline"],"picked":"Self Repair","floor":19},{"not_picked":["Stack","Cold Snap"],"picked":"Rebound","floor":24},{"not_picked":["Sweeping Beam","Capacitor"],"picked":"Beam Cell","floor":27},{"not_picked":["Axe Kick","Lockon"],"picked":"Ball Lightning","floor":30}],"player_experience":48678,"potions_floor_usage":[],"damage_taken":[{"damage":0,"enemies":"2 Louse","floor":1,"turns":3},{"damage":5,"enemies":"Jaw Worm","floor":5,"turns":4},{"damage":10,"enemies":"3 Sentries","floor":6,"turns":8},{"damage":22,"enemies":"Lagavulin","floor":10,"turns":5},{"damage":0,"enemies":"Cultist","floor":13,"turns":2},{"damage":9,"enemies":"Exordium Thugs","floor":14,"turns":4},{"damage":48,"enemies":"The Guardian","floor":16,"turns":8},{"damage":18,"enemies":"Shell Parasite","floor":18,"turns":5},{"damage":5,"enemies":"Spheric Guardian","floor":19,"turns":5},{"damage":49,"enemies":"Slaver and Parasite","floor":24,"turns":5},{"damage":32,"enemies":"Snake Plant","floor":27,"turns":4},{"damage":37,"enemies":"3 Cultists","floor":30,"turns":6},{"damage":43,"enemies":"Collector","floor":33,"turns":6}],"event_choices":[{"event_name":"Liars Game","player_choice":"agreed","floor":2,"damage_taken":0},{"event_name":"Golden Wing","player_choice":"Card Removal","floor":3,"damage_taken":0},{"event_name":"Accursed Blacksmith","player_choice":"Forge","floor":8,"damage_taken":0},{"event_name":"Forgotten Altar","player_choice":"Shed Blood","floor":20,"damage_taken":0},{"event_name":"Golden Shrine","player_choice":"Pray","floor":22,"damage_taken":0},{"event_name":"The Mausoleum","player_choice":"Yes","floor":29,"damage_taken":0}],"boss_relics":[{"not_picked":["Astrolabe","Tiny House"],"picked":"Nuclear Battery"}],"potions_floor_spawned":[1,13,14,19,27],"seed_played":"6289968686224119870","killed_by":"Collector","ascension_level":0,"is_trial":false}