{"gold_per_floor":[118,168,40,115,115,146,146,180,180,210,220,220,280,298,298,374,374,392,317],"floor_reached":19,"playtime":593,"items_purged":["Strike_B"],"score":419,"play_id":"5835fe5c-106d-40f1-8e64-c1fe388955bd","local_time":"20181108073802","is_ascension_mode":true,"campfire_choices":[{"data":"Zap","floor":7,"key":"SMITH"},{"data":"Loop","floor":12,"key":"SMITH"},{"floor":15,"key":"REST"}],"neow_cost":"NONE","seed_source_timestamp":840454845291923,"circlet_count":0,"master_deck":["AscendersBane","Strike_B","Strike_B","Strike_B","Defend_B","Defend_B","Defend_B","Defend_B","Zap+1","Dualcast","FTL","Go for the Eyes","Compile Driver","Ball Lightning","Streamline","Loop+1","Steam","Conserve Battery","Biased Cognition","Barrage"],"relics":["Cracked Core","NeowsBlessing","Blue Candle","Sundial","The Courier","Dream Catcher","Matryoshka","Inserter"],"potions_floor_usage":[10],"damage_taken":[{"damage":0,"enemies":"Jaw Worm","floor":1,"turns":1},{"damage":0,"enemies":"Gremlin Nob","floor":6,"turns":1},{"damage":0,"enemies":"3 Sentries","floor":8,"turns":1},{"damage":20,"enemies":"Lagavulin","floor":10,"turns":6},{"damage":0,"enemies":"Cultist","floor":11,"turns":3},{"damage":23,"enemies":"Lagavulin Event","floor":13,"turns":5},{"damage":8,"enemies":"2 Louse","floor":14,"turns":2},{"damage":16,"enemies":"Hexaghost","floor":16,"turns":9},{"damage":26,"enemies":"Chosen","floor":18,"turns":5},{"damage":25,"enemies":"2 Thieves","floor":19,"turns":4}],"seed_played":"2696865767006244449","potions_obtained":[{"floor":1,"key":"SteroidPotion"},{"floor":6,"key":"Fruit Juice"},{"floor":10,"key":"SteroidPotion"}],"is_trial":false,"path_per_floor":["M","?","$","?","?","E","R","E","T","E","M","R","?","M","R","B",null,"M","M"],"character_chosen":"DEFECT","items_purchased":["Go for the Eyes"],"campfire_rested":1,"item_purchase_floors":[3],"current_hp_per_floor":[64,64,64,53,53,53,53,53,53,38,38,38,15,7,29,13,60,34,9],"gold":317,"neow_bonus":"THREE_ENEMY_KILL","is_prod":false,"is_daily":false,"chose_seed":false,"campfire_upgraded":2,"win_rate":0,"timestamp":1541691482,"path_taken":["M","?","?","?","?","E","R","E","T","E","?","R","?","M","R","BOSS","M","M"],"build_version":"2018-11-01","purchased_purges":1,"victory":false,"max_hp_per_floor":[71,71,71,71,71,71,71,71,71,76,76,76,76,76,76,76,76,76,76],"card_choices":[{"not_picked":["Cold Snap","Conserve Battery"],"picked":"FTL","floor":1},{"not_picked":["Gash","Chill"],"picked":"Compile Driver","floor":6},{"not_picked":["Recycle","Reprogram"],"picked":"Ball Lightning","floor":8},{"not_picked":["Steam","Hello World"],"picked":"Streamline","floor":10},{"not_picked":["Static Discharge","Compile Driver"],"picked":"Loop","floor":11},{"not_picked":["Loop","Sunder"],"picked":"Steam","floor":13},{"not_picked":["Hello World","Heatsinks","Redo"],"picked":"SKIP","floor":14},{"not_picked":["Turbo","Rebound"],"picked":"Conserve Battery","floor":15},{"not_picked":["Rainbow","Amplify"],"picked":"Biased Cognition","floor":16},{"not_picked":["Reinforced Body","Genetic Algorithm"],"picked":"Barrage","floor":18}],"player_experience":1257337,"relics_obtained":[{"floor":6,"key":"Blue Candle"},{"floor":8,"key":"Sundial"},{"floor":9,"key":"The Courier"},{"floor":10,"key":"Dream Catcher"},{"floor":13,"key":"Matryoshka"}],"event_choices":[{"damage_healed":0,"gold_gain":50,"player_choice":"Pray","damage_taken":0,"max_hp_gain":0,"max_hp_loss":0,"event_name":"Golden Shrine","floor":2,"gold_loss":0},{"damage_healed":0,"gold_gain":75,"player_choice":"Gather Gold","damage_taken":11,"max_hp_gain":0,"max_hp_loss":0,"event_name":"World of Goop","floor":4,"gold_loss":0},{"damage_healed":0,"gold_gain":0,"player_choice":"Ignored","damage_taken":0,"max_hp_gain":0,"max_hp_loss":0,"event_name":"Liars Game","floor":5,"gold_loss":0},{"damage_healed":0,"gold_gain":0,"player_choice":"Searched \u00271\u0027 times","damage_taken":0,"max_hp_gain":0,"max_hp_loss":0,"event_name":"Dead Adventurer","floor":13,"gold_loss":0}],"is_beta":false,"boss_relics":[{"not_picked":["Lizard Tail","Cursed Key"],"picked":"Inserter"}],"items_purged_floors":[3],"is_endless":false,"potions_floor_spawned":[1,6,10],"killed_by":"2 Thieves","ascension_level":16}