{"gold_per_floor":[113,113,113,38,65,65,65,86,111,11,32,32,32,48,48,179,242,262,262,442,21,34,69,69,92,92,7,7,7,7,21,21,21],"floor_reached":33,"playtime":1584,"items_purged":["Normality","Injury"],"score":276,"play_id":"ea0db10b-723d-44f9-b170-5f12cc1756cb","local_time":"20180830221826","is_ascension_mode":false,"campfire_choices":[{"data":"Neutralize","floor":6,"key":"SMITH"},{"data":"Infinite Blades","floor":13,"key":"SMITH"},{"data":"Reflex","floor":15,"key":"SMITH"},{"floor":24,"key":"REST"},{"floor":29,"key":"REST"},{"data":"Accuracy","floor":32,"key":"SMITH"}],"neow_cost":"NONE","seed_source_timestamp":3731622439500,"circlet_count":0,"master_deck":["Defend_G+1","Defend_G+1","Defend_G","Strike_G","Strike_G+1","Strike_G","Strike_G","Survivor","Neutralize+1","Storm of Steel+1","After Image+1","Prepared","Infinite Blades+1","PiercingWail","Reflex+1","Adrenaline","Backflip","PiercingWail","Shame","Neutralize","Dark Shackles","Accuracy+1","Reflex","Tactician","Backstab+1","Adrenaline","Dagger Throw","Ghostly","Ghostly","Ghostly","Ghostly","Ghostly"],"relics":["Astrolabe","Golden Idol","Juzu Bracelet","Dream Catcher","Bag of Preparation","Tiny House","Toolbox","Bag of Marbles","War Paint","Potion Belt"],"potions_floor_usage":[16,18,22,33,33,33,33],"damage_taken":[{"damage":0,"enemies":"Jaw Worm","floor":1,"turns":5},{"damage":0,"enemies":"Small Slimes","floor":8,"turns":4},{"damage":0,"enemies":"Cultist","floor":11,"turns":3},{"damage":0,"enemies":"Blue Slaver","floor":14,"turns":4},{"damage":18,"enemies":"Hexaghost","floor":16,"turns":13},{"damage":7,"enemies":"2 Thieves","floor":18,"turns":4},{"damage":1,"enemies":"Chosen","floor":22,"turns":7},{"damage":19,"enemies":"Slavers","floor":23,"turns":8},{"damage":7,"enemies":"Snake Plant","floor":25,"turns":7},{"damage":0,"enemies":"Sentry and Sphere","floor":31,"turns":5},{"damage":39,"enemies":"Champ","floor":33,"turns":16}],"seed_played":"7584971532416763010","potions_obtained":[{"floor":1,"key":"Fire Potion"},{"floor":11,"key":"Swift Potion"},{"floor":17,"key":"GhostInAJar"},{"floor":23,"key":"FearPotion"},{"floor":25,"key":"SpeedPotion"},{"floor":31,"key":"GamblersBrew"}],"is_trial":false,"path_per_floor":["M","?","?","$","T","R","$","M","T","$","M","?","R","M","R","B",null,"M","?","?","$","M","E","R","M","T","?","$","R","?","M","R"],"character_chosen":"THE_SILENT","items_purchased":["Accuracy","Toolbox","Reflex","Tactician","Block Potion"],"campfire_rested":2,"item_purchase_floors":[21,21,21,21,21],"current_hp_per_floor":[70,70,70,70,70,70,70,70,70,70,70,70,70,70,70,52,75,68,68,40,40,39,20,42,35,35,35,35,57,37,37,37,0],"gold":21,"neow_bonus":"BOSS_RELIC","is_prod":false,"is_daily":false,"chose_seed":false,"campfire_upgraded":4,"win_rate":0.0,"timestamp":1535660306,"path_taken":["M","?","?","$","?","R","?","M","T","$","M","?","R","M","R","BOSS","M","?","?","$","M","E","R","M","T","?","?","R","?","M","R","BOSS"],"build_version":"2018-08-29","purchased_purges":2,"victory":false,"max_hp_per_floor":[70,70,70,70,70,70,70,70,70,70,70,70,70,70,70,70,75,75,75,75,75,75,75,75,75,75,75,75,75,37,37,37,37],"card_choices":[{"not_picked":["Catalyst","Endless Agony"],"picked":"Prepared","floor":1},{"not_picked":["Dagger Spray","Acrobatics"],"picked":"Infinite Blades","floor":8},{"not_picked":["Expertise","Endless Agony"],"picked":"PiercingWail","floor":11},{"not_picked":["Dodge and Roll","Outmaneuver"],"picked":"Reflex","floor":14},{"not_picked":["Corpse Explosion","Malaise"],"picked":"Adrenaline","floor":16},{"not_picked":["Masterful Stab","Skewer"],"picked":"Backflip","floor":17},{"not_picked":["Bane","Masterful Stab"],"picked":"PiercingWail","floor":18},{"not_picked":["Deflect+1","Quick Slash"],"picked":"Backstab+1","floor":22},{"not_picked":["Leg Sweep","Finisher"],"picked":"Adrenaline","floor":23},{"not_picked":["Sucker Punch","Flying Knee","Bane"],"picked":"SKIP","floor":25},{"not_picked":["Endless Agony","Noxious Fumes+1"],"picked":"Dagger Throw","floor":29},{"not_picked":["Outmaneuver+1","Poisoned Stab","Dagger Spray+1"],"picked":"SKIP","floor":31}],"player_experience":83222,"relics_obtained":[{"floor":5,"key":"Dream Catcher"},{"floor":9,"key":"Bag of Preparation"},{"floor":23,"key":"Bag of Marbles"},{"floor":26,"key":"War Paint"}],"event_choices":[{"event_name":"Golden Idol","player_choice":"Take Wound","floor":2,"damage_taken":0},{"event_name":"Accursed Blacksmith","player_choice":"Rummage","floor":3,"damage_taken":0},{"event_name":"Bonfire Elementals","player_choice":"UNCOMMON","floor":12,"damage_taken":0},{"event_name":"Match and Keep!","player_choice":"2 cards matched","floor":19,"damage_taken":0},{"event_name":"Knowing Skull","player_choice":"GOLD GOLD CARD ","floor":20,"damage_taken":0},{"event_name":"Addict","player_choice":"Obtained Relic","floor":27,"damage_taken":0},{"event_name":"Ghosts","player_choice":"Became a Ghost","floor":30,"damage_taken":0}],"is_beta":true,"boss_relics":[{"not_picked":["Velvet Choker","Eternal Feather"],"picked":"Tiny House"}],"items_purged_floors":[4,10],"is_endless":false,"potions_floor_spawned":[1,11,23,25,31],"killed_by":"Champ","ascension_level":0}