{"path_per_floor":["M","$","M","M","M","R","E","R","T","R","M","E","?","?","R","B",null,"M","?","M","M","$","R","M","R","T","M","R","M","E","M","R","B",null,"M","?","$","M","$","R","M","M","T","?","E","M","E","M","R","B"],"character_chosen":"THE_SILENT","items_purchased":["Cloak And Dagger","Ornamental Fan","Noxious Fumes"],"gold_per_floor":[218,143,162,176,192,192,218,218,218,218,236,267,344,344,344,465,465,465,465,465,465,73,73,73,73,73,73,73,73,73,73,73,73,73,73,73,34,34,34,34,34,34,34,34,34,34,34,34,34,34],"floor_reached":51,"campfire_rested":5,"playtime":3663,"current_hp_per_floor":[69,69,66,66,60,60,23,44,44,44,44,22,22,22,43,24,70,61,61,57,48,48,48,40,40,40,36,57,54,34,29,51,26,74,66,66,66,62,62,76,80,82,82,82,19,21,23,25,68,22],"items_purged":["Strike_G","Injury"],"gold":34,"score":939,"play_id":"cc6bd4e0-41e9-419f-b41b-6fc16f8d7795","local_time":"20180518142939","is_prod":false,"is_daily":false,"chose_seed":false,"is_ascension_mode":true,"campfire_upgraded":5,"timestamp":1526678979,"campfire_choices":[{"data":"Neutralize","floor":6,"key":"SMITH"},{"floor":8,"key":"REST"},{"data":"Quick Slash","floor":10,"key":"SMITH"},{"floor":15,"key":"REST"},{"data":"After Image","floor":23,"key":"SMITH"},{"data":"Backflip","floor":25,"key":"SMITH"},{"floor":28,"key":"REST"},{"floor":32,"key":"REST"},{"data":"After Image","floor":40,"key":"SMITH"},{"floor":49,"key":"REST"}],"path_taken":["M","$","M","M","M","R","E","R","T","R","M","E","?","?","R","BOSS","M","?","M","M","$","R","M","R","T","M","R","M","E","?","R","BOSS","M","?","$","M","?","R","M","M","T","?","E","M","E","M","R","BOSS"],"build_version":"2018-05-17","seed_source_timestamp":240345788381978,"purchased_purges":2,"victory":true,"master_deck":["Defend_G","Defend_G","Defend_G","Defend_G","Defend_G","Strike_G","Strike_G","Strike_G+1","Survivor","Neutralize+1","Slice+1","Slice","Backflip+1","Quick Slash+1","Deadly Poison+1","Concentrate+1","Bouncing Flask+1","After Image+1","Escape Plan+1","PiercingWail+1","Catalyst+1","Cloak And Dagger+1","Backflip+1","Cloak And Dagger+1","Terror+1","Catalyst+1","Acrobatics+1","Finisher+1","Infinite Blades+1","Slice","Dash+1","After Image+1","Crippling Poison+1","Prepared+1","Noxious Fumes","Accuracy+1","Backstab+1"],"max_hp_per_floor":[70,70,70,70,70,70,70,70,70,70,70,70,70,70,70,70,70,70,70,70,70,70,70,70,70,70,70,70,70,70,74,74,74,74,74,74,74,78,78,78,82,84,84,84,91,93,95,99,99,99],"relics":["Ring of the Snake","Prayer Wheel","Toxic Egg 2","Kunai","Golden Idol","Ectoplasm","Ornamental Fan","Darkstone Periapt","Singing Bowl","Eternal Feather","Bag of Marbles","Question Card","Whetstone"],"card_choices":[{"not_picked":["Prepared","Skewer"],"picked":"Slice","floor":1},{"not_picked":["Deadly Poison","Bane"],"picked":"Slice","floor":3},{"not_picked":["Dagger Spray","Concentrate"],"picked":"Backflip","floor":4},{"not_picked":["Deflect","Bane"],"picked":"Quick Slash","floor":5},{"not_picked":["Poisoned Stab","Deflect","Sucker Punch"],"picked":"SKIP","floor":7},{"not_picked":["Flying Knee","Dagger Throw"],"picked":"Deadly Poison+1","floor":11},{"not_picked":["Sucker Punch","Choke"],"picked":"Concentrate+1","floor":11},{"not_picked":["Doppelganger+1","Escape Plan+1"],"picked":"Bouncing Flask+1","floor":12},{"not_picked":["Storm of Steel+1","Glass Knife"],"picked":"After Image","floor":16},{"not_picked":["Bane","Deflect+1"],"picked":"Escape Plan+1","floor":18},{"not_picked":["Poisoned Stab+1","Deflect+1"],"picked":"PiercingWail+1","floor":18},{"not_picked":["Prepared+1","Dagger Spray"],"picked":"Catalyst+1","floor":20},{"not_picked":["Distraction+1","Deflect+1"],"picked":"Cloak And Dagger+1","floor":20},{"not_picked":["Poisoned Stab","Corpse Explosion"],"picked":"Backflip+1","floor":21},{"not_picked":["PiercingWail+1","All Out Attack","Choke"],"picked":"SKIP","floor":21},{"not_picked":["Backflip+1","Endless Agony+1"],"picked":"Terror+1","floor":24},{"not_picked":["Dagger Throw","Quick Slash+1"],"picked":"Catalyst+1","floor":24},{"not_picked":["Concentrate+1","Accuracy"],"picked":"Acrobatics+1","floor":27},{"not_picked":["Prepared+1","Sucker Punch"],"picked":"Finisher+1","floor":27},{"not_picked":["Outmaneuver+1","Prepared+1"],"picked":"Infinite Blades+1","floor":29},{"not_picked":["PiercingWail+1","Acrobatics+1"],"picked":"Slice","floor":29},{"not_picked":["Concentrate+1","Skewer"],"picked":"Dash+1","floor":30},{"not_picked":["Tools of the Trade","Acrobatics+1","Dagger Spray"],"picked":"Singing Bowl","floor":31},{"not_picked":["Terror+1","Setup+1","Outmaneuver+1"],"picked":"Singing Bowl","floor":31},{"not_picked":["Corpse Explosion","Glass Knife"],"picked":"After Image","floor":33},{"not_picked":["Bane","Underhanded Strike+1"],"picked":"Crippling Poison+1","floor":35},{"not_picked":["Sucker Punch+1","Backflip+1"],"picked":"Prepared+1","floor":35},{"not_picked":["Underhanded Strike","PiercingWail+1","Deflect+1"],"picked":"Singing Bowl","floor":38},{"not_picked":["Outmaneuver+1","Expertise+1","Flying Knee"],"picked":"Singing Bowl","floor":38},{"not_picked":["Prepared+1","Eviscerate","Expertise+1"],"picked":"Singing Bowl","floor":41},{"not_picked":["Storm of Steel+1","All Out Attack+1","Acrobatics+1"],"picked":"Singing Bowl","floor":41},{"not_picked":["Underhanded Strike+1","Concentrate+1"],"picked":"Accuracy+1","floor":42},{"not_picked":["Caltrops+1","Backflip+1","Outmaneuver+1"],"picked":"Singing Bowl","floor":42},{"not_picked":["Deflect+1","Bullet Time+1","Prepared+1"],"picked":"Singing Bowl","floor":45},{"not_picked":["Escape Plan+1","Eviscerate","Concentrate+1"],"picked":"Backstab+1","floor":46},{"not_picked":["Flying Knee+1","Poisoned Stab+1","Dodge and Roll+1","Dagger Spray+1"],"picked":"Singing Bowl","floor":46},{"not_picked":["Phantasmal Killer+1","Deflect+1","Dagger Spray+1","Reflex+1"],"picked":"Singing Bowl","floor":47},{"not_picked":["Underhanded Strike+1","Dagger Spray+1","Blur+1","Dodge and Roll+1"],"picked":"Singing Bowl","floor":48},{"not_picked":["Heel Hook+1","Blur+1","Dodge and Roll+1","Dagger Throw+1"],"picked":"Singing Bowl","floor":48}],"player_experience":594293,"potions_floor_usage":[7,16,27,27,27,33,33,33,45,46,48],"damage_taken":[{"damage":1,"enemies":"2 Louse","floor":1,"turns":4},{"damage":3,"enemies":"Jaw Worm","floor":3,"turns":7},{"damage":0,"enemies":"Cultist","floor":4,"turns":4},{"damage":6,"enemies":"2 Fungi Beasts","floor":5,"turns":4},{"damage":37,"enemies":"Gremlin Nob","floor":7,"turns":5},{"damage":0,"enemies":"3 Louse","floor":11,"turns":3},{"damage":22,"enemies":"Lagavulin","floor":12,"turns":6},{"damage":19,"enemies":"Hexaghost","floor":16,"turns":9},{"damage":9,"enemies":"Spheric Guardian","floor":18,"turns":4},{"damage":4,"enemies":"Chosen","floor":20,"turns":5},{"damage":9,"enemies":"Centurion and Healer","floor":21,"turns":7},{"damage":8,"enemies":"Snake Plant","floor":24,"turns":3},{"damage":4,"enemies":"Cultist and Chosen","floor":27,"turns":6},{"damage":3,"enemies":"3 Cultists","floor":29,"turns":6},{"damage":20,"enemies":"Slavers","floor":30,"turns":7},{"damage":9,"enemies":"Snecko","floor":31,"turns":4},{"damage":25,"enemies":"Collector","floor":33,"turns":8},{"damage":8,"enemies":"Orb Walker","floor":35,"turns":4},{"damage":8,"enemies":"3 Shapes","floor":38,"turns":4},{"damage":0,"enemies":"3 Darklings","floor":41,"turns":5},{"damage":0,"enemies":"Maw","floor":42,"turns":5},{"damage":70,"enemies":"2 Orb Walkers","floor":45,"turns":7},{"damage":0,"enemies":"Sphere and 2 Shapes","floor":46,"turns":6},{"damage":0,"enemies":"Nemesis","floor":47,"turns":7},{"damage":2,"enemies":"3 Darklings","floor":48,"turns":6},{"damage":46,"enemies":"Awakened One","floor":50,"turns":14}],"relics_obtained":[{"floor":7,"key":"Prayer Wheel"},{"floor":9,"key":"Toxic Egg 2"},{"floor":12,"key":"Kunai"},{"floor":26,"key":"Darkstone Periapt"},{"floor":30,"key":"Singing Bowl"},{"floor":43,"key":"Bag of Marbles"},{"floor":45,"key":"Question Card"},{"floor":47,"key":"Whetstone"}],"event_choices":[{"event_name":"Golden Wing","player_choice":"Gained Gold","floor":13,"damage_taken":0},{"event_name":"Golden Idol","player_choice":"Take Wound","floor":14,"damage_taken":0},{"event_name":"Cursed Tome","player_choice":"Ignored","floor":19,"damage_taken":0},{"event_name":"SecretPortal","player_choice":"Rejected Portal.","floor":44,"damage_taken":0}],"boss_relics":[{"not_picked":["Runic Dome","Snecko Eye"],"picked":"Ectoplasm"},{"not_picked":["Tiny House","White Beast Statue"],"picked":"Eternal Feather"}],"potions_floor_spawned":[4,7,12,16,24,27,30,31,38,41,45],"seed_played":"-6343275634173929142","ascension_level":4,"potions_obtained":[{"floor":4,"key":"SpeedPotion"},{"floor":7,"key":"Explosive Potion"},{"floor":12,"key":"SkillPotion"},{"floor":16,"key":"GamblersBrew"},{"floor":24,"key":"Fire Potion"},{"floor":27,"key":"Dexterity Potion"},{"floor":30,"key":"Energy Potion"},{"floor":31,"key":"AttackPotion"},{"floor":38,"key":"SpeedPotion"},{"floor":41,"key":"Fruit Juice"},{"floor":45,"key":"Energy Potion"}],"is_trial":false}