{"path_per_floor":["M","?","$","M","M","R","$","R","T","M","T","R","E","M","R","B",null,"M","$","?","?","M","R","M"],"character_chosen":"IRONCLAD","items_purchased":[],"gold_per_floor":[112,112,37,55,65,65,65,65,90,108,135,135,160,171,171,274,304,324,224,224,224,234,234,251,251],"floor_reached":25,"campfire_rested":3,"playtime":991,"current_hp_per_floor":[79,63,63,57,57,57,57,57,64,24,24,50,28,7,33,32,92,64,64,64,64,40,67,39,0],"items_purged":["Strike_R","Strike_R"],"gold":251,"score":221,"play_id":"af57d42d-e429-4478-821d-aeeddce1e1d1","local_time":"20180401205327","is_prod":false,"is_daily":false,"is_ascension_mode":true,"campfire_upgraded":2,"timestamp":1522634007,"path_taken":["M","?","$","?","?","R","$","R","T","M","?","R","E","M","R","BOSS","M","?","?","?","M","R","M","E"],"build_version":"2018-03-29v2","purchased_purges":2,"victory":false,"master_deck":["Strike_R","Strike_R+1","Strike_R+1","Defend_R","Defend_R+1","Defend_R","Defend_R","Bash+1","Disarm","Spot Weakness+1","Warcry+1","Intimidate","Fiend Fire","Sword Boomerang","Warcry","Rampage","Twin Strike+1"],"max_hp_per_floor":[80,80,80,80,80,80,80,80,87,87,87,87,87,87,87,87,92,92,92,92,92,92,92,92,92],"relics":["Burning Blood","Strawberry","Omamori","Self Forming Clay","Tiny House"],"card_choices":[{"not_picked":["Warcry","Pummel"],"picked":"Disarm","floor":1},{"not_picked":["Headbutt","Blood for Blood"],"picked":"Spot Weakness","floor":4},{"not_picked":["Sword Boomerang","Anger"],"picked":"Warcry","floor":5},{"not_picked":["Pummel","Carnage"],"picked":"Intimidate","floor":13},{"not_picked":["Double Tap","Exhume"],"picked":"Fiend Fire","floor":16},{"not_picked":["Anger","Body Slam"],"picked":"Sword Boomerang","floor":17},{"not_picked":["Entrench","Anger"],"picked":"Warcry","floor":18},{"not_picked":["Clothesline","Fire Breathing"],"picked":"Twin Strike","floor":22}],"player_experience":114317,"potions_floor_usage":[13,16],"damage_taken":[{"damage":7,"enemies":"2 Louse","floor":1,"turns":2},{"damage":12,"enemies":"Jaw Worm","floor":4,"turns":3},{"damage":6,"enemies":"Cultist","floor":5,"turns":3},{"damage":46,"enemies":"Gremlin Gang","floor":10,"turns":6},{"damage":28,"enemies":"Gremlin Nob","floor":13,"turns":4},{"damage":27,"enemies":"Exordium Wildlife","floor":14,"turns":5},{"damage":7,"enemies":"The Guardian","floor":16,"turns":12},{"damage":34,"enemies":"2 Thieves","floor":18,"turns":4},{"damage":30,"enemies":"Shell Parasite","floor":22,"turns":5},{"damage":34,"enemies":"Centurion and Healer","floor":24,"turns":6},{"damage":40,"enemies":"Gremlin Leader","floor":25,"turns":5}],"event_choices":[{"event_name":"Shining Light","player_choice":"Entered Light","floor":2,"damage_taken":0},{"event_name":"The Lab","player_choice":"Got Potions","floor":20,"damage_taken":0},{"event_name":"The Library","player_choice":"Read","floor":21,"damage_taken":0}],"boss_relics":[{"not_picked":["Cursed Key","Calling Bell"],"picked":"Tiny House"}],"potions_floor_spawned":[4,10,18],"seed_played":"4927713064345341367","killed_by":"Gremlin Leader","ascension_level":2,"is_trial":false}