{"gold_per_floor":[116,266,341,361,377,14,14,14,40,58,93,111,143,171,171,171],"floor_reached":16,"playtime":484,"items_purged":[],"score":240,"play_id":"86a731f1-eb87-41d1-a1da-db1c1e3560fe","local_time":"20181209193734","is_ascension_mode":true,"campfire_choices":[{"data":"Armaments","floor":8,"key":"SMITH"},{"floor":15,"key":"REST"}],"neow_cost":"NONE","seed_source_timestamp":195234842670054,"circlet_count":0,"master_deck":["AscendersBane","Strike_R","Strike_R","Strike_R","Strike_R","Strike_R","Defend_R","Defend_R","Defend_R","Defend_R","Bash","True Grit","Doubt","Flex","Infernal Blade","Armaments+1","Bash","Armaments","Headbutt","Flame Barrier","Whirlwind"],"relics":["Burning Blood","Pen Nib","Charon\u0027s Ashes","Red Skull","WingedGreaves","Unceasing Top","Anchor"],"potions_floor_usage":[5,13,13],"damage_taken":[{"damage":4,"enemies":"Small Slimes","floor":1,"turns":5},{"damage":6,"enemies":"Cultist","floor":4,"turns":3},{"damage":0,"enemies":"2 Louse","floor":5,"turns":2},{"damage":0,"enemies":"2 Fungi Beasts","floor":10,"turns":4},{"damage":15,"enemies":"Lagavulin","floor":11,"turns":5},{"damage":5,"enemies":"Blue Slaver","floor":12,"turns":3},{"damage":10,"enemies":"3 Sentries","floor":13,"turns":2},{"damage":40,"enemies":"Lagavulin","floor":14,"turns":8},{"damage":51,"enemies":"Hexaghost","floor":16,"turns":9}],"seed_played":"8460976791778857136","potions_obtained":[{"floor":1,"key":"SteroidPotion"},{"floor":10,"key":"Explosive Potion"},{"floor":11,"key":"SteroidPotion"}],"is_trial":false,"path_per_floor":["M","?","?","M","M","$","?","R","T","M","E","M","E","E","R","B"],"character_chosen":"IRONCLAD","items_purchased":["Charon\u0027s Ashes","Armaments"],"campfire_rested":1,"item_purchase_floors":[6,6],"current_hp_per_floor":[70,70,59,59,65,65,65,65,65,71,62,63,59,25,47,0],"gold":171,"neow_bonus":"RANDOM_COMMON_RELIC","is_prod":false,"is_daily":false,"chose_seed":false,"campfire_upgraded":1,"win_rate":0,"timestamp":1544409454,"path_taken":["M","?","?","M","M","$","?","R","T","M","E","?","E","E","R","BOSS"],"build_version":"2018-12-06","purchased_purges":0,"victory":false,"max_hp_per_floor":[75,75,75,75,75,75,75,75,75,75,75,75,75,75,75,75],"card_choices":[{"not_picked":["Sentinel","Body Slam"],"picked":"True Grit","floor":1},{"not_picked":["Searing Blow","Power Through"],"picked":"Flex","floor":4},{"not_picked":["Sword Boomerang","Whirlwind"],"picked":"Infernal Blade","floor":5},{"not_picked":["Cleave","Second Wind"],"picked":"Headbutt","floor":10},{"not_picked":["True Grit","Iron Wave"],"picked":"Flame Barrier","floor":11},{"not_picked":["Perfected Strike","Fire Breathing"],"picked":"Whirlwind","floor":12},{"not_picked":["Combust","Spot Weakness","Berserk"],"picked":"SKIP","floor":13},{"not_picked":["Entrench","Hemokinesis","Whirlwind"],"picked":"SKIP","floor":14}],"player_experience":567767,"relics_obtained":[{"floor":9,"key":"Red Skull"},{"floor":11,"key":"WingedGreaves"},{"floor":13,"key":"Unceasing Top"},{"floor":14,"key":"Anchor"}],"event_choices":[{"damage_healed":0,"gold_gain":150,"player_choice":"AGREE","damage_taken":0,"max_hp_gain":0,"max_hp_loss":0,"event_name":"Liars Game","floor":2,"gold_loss":0,"cards_obtained":["Doubt"]},{"damage_healed":0,"gold_gain":75,"player_choice":"Gather Gold","damage_taken":11,"max_hp_gain":0,"max_hp_loss":0,"event_name":"World of Goop","floor":3,"gold_loss":0},{"damage_healed":0,"gold_gain":0,"player_choice":"2 cards matched","damage_taken":0,"max_hp_gain":0,"max_hp_loss":0,"event_name":"Match and Keep!","floor":7,"gold_loss":0,"cards_obtained":["Bash","Armaments"]}],"is_beta":false,"boss_relics":[],"items_purged_floors":[],"is_endless":false,"potions_floor_spawned":[1,10,11,12],"killed_by":"Hexaghost","ascension_level":20}