{"gold_per_floor":[113,79,96,109,109,144,144,156,156,156,172,185,201,227,227,227],"floor_reached":16,"playtime":729,"items_purged":[],"score":162,"play_id":"7dacce53-bdb9-4281-9ec0-407502c495e7","local_time":"20181221015730","is_ascension_mode":true,"campfire_choices":[{"data":"Heavy Blade","floor":7,"key":"SMITH"},{"data":"Inflame","floor":10,"key":"SMITH"},{"floor":15,"key":"REST"}],"neow_cost":"NONE","seed_source_timestamp":194372342821537,"circlet_count":0,"master_deck":["Strike_R","Strike_R","Strike_R","Strike_R","Strike_R","Defend_R","Defend_R","Defend_R","Defend_R","Bash","Ghostly Armor","Inflame+1","Shrug It Off","Heavy Blade+1","Feel No Pain","Headbutt","Feed","Clothesline","Warcry"],"relics":["Burning Blood","NeowsBlessing","Strawberry","Art of War","Singing Bowl"],"potions_floor_usage":[6,6,6,13],"damage_taken":[{"damage":0,"enemies":"Cultist","floor":1,"turns":1},{"damage":0,"enemies":"2 Louse","floor":3,"turns":1},{"damage":0,"enemies":"Jaw Worm","floor":4,"turns":1},{"damage":18,"enemies":"3 Sentries","floor":6,"turns":6},{"damage":3,"enemies":"Blue Slaver","floor":8,"turns":5},{"damage":6,"enemies":"3 Louse","floor":11,"turns":3},{"damage":1,"enemies":"Exordium Wildlife","floor":12,"turns":4},{"damage":51,"enemies":"Gremlin Gang","floor":13,"turns":6},{"damage":30,"enemies":"Lagavulin","floor":14,"turns":8},{"damage":59,"enemies":"The Guardian","floor":16,"turns":8}],"seed_played":"2064211975626776706","potions_obtained":[{"floor":3,"key":"LiquidBronze"},{"floor":4,"key":"Strength Potion"},{"floor":5,"key":"Block Potion"},{"floor":11,"key":"BloodPotion"}],"is_trial":false,"path_per_floor":["M","$","M","M","?","E","R","M","T","R","M","M","M","E","R","B"],"character_chosen":"IRONCLAD","items_purchased":["Inflame"],"campfire_rested":1,"item_purchase_floors":[2],"current_hp_per_floor":[80,80,80,80,80,75,75,78,78,78,78,86,53,31,59,0],"gold":227,"neow_bonus":"THREE_ENEMY_KILL","is_prod":false,"is_daily":false,"chose_seed":false,"campfire_upgraded":2,"win_rate":0,"timestamp":1545375450,"path_taken":["M","?","?","?","?","E","R","M","T","R","M","M","M","E","R","BOSS"],"build_version":"2018-12-20","purchased_purges":0,"victory":false,"max_hp_per_floor":[80,80,80,80,80,87,87,87,87,87,87,90,93,95,95,95],"card_choices":[{"not_picked":["Havoc","Bloodletting"],"picked":"Ghostly Armor","floor":1},{"not_picked":["Feel No Pain","Warcry"],"picked":"Shrug It Off","floor":3},{"not_picked":["Armaments","Shrug It Off"],"picked":"Heavy Blade","floor":4},{"not_picked":["Sword Boomerang","Corruption"],"picked":"Feel No Pain","floor":6},{"not_picked":["Warcry","Havoc"],"picked":"Headbutt","floor":8},{"not_picked":["Carnage","Reckless Charge"],"picked":"Feed","floor":11},{"not_picked":["Thunderclap","True Grit"],"picked":"Clothesline","floor":12},{"not_picked":["Anger","Clash"],"picked":"Warcry","floor":13},{"not_picked":["Corruption","Dark Embrace","Clash"],"picked":"Singing Bowl","floor":14}],"player_experience":217267,"relics_obtained":[{"floor":6,"key":"Strawberry"},{"floor":9,"key":"Art of War"},{"floor":14,"key":"Singing Bowl"}],"event_choices":[{"damage_healed":0,"gold_gain":0,"player_choice":"Got Potions","damage_taken":0,"max_hp_gain":0,"max_hp_loss":0,"event_name":"Lab","floor":5,"gold_loss":0}],"is_beta":false,"boss_relics":[],"items_purged_floors":[],"is_endless":false,"potions_floor_spawned":[3,4,11],"killed_by":"The Guardian","ascension_level":4}