{"path_per_floor":["M","M","?","?","?","M","T","R","T","?","M","$","$","M","R","B",null,"M","M","?","M","M","M","R"],"character_chosen":"DEFECT","items_purchased":["Jack Of All Trades","Heatsinks"],"gold_per_floor":[117,129,204,204,204,214,214,214,214,214,239,139,101,122,122,245,245,265,280,280,295,311,330,330,330],"floor_reached":25,"campfire_rested":2,"playtime":1043,"current_hp_per_floor":[75,62,51,36,24,28,42,68,68,46,34,34,34,29,55,2,89,62,46,75,66,17,9,9,0],"items_purged":[],"gold":330,"score":195,"play_id":"7576c1ba-a722-4c6c-8060-3b675aadbfb2","local_time":"20180428131858","is_prod":false,"is_daily":false,"chose_seed":false,"is_ascension_mode":false,"campfire_upgraded":1,"timestamp":1524885538,"path_taken":["M","M","?","?","?","M","?","R","T","?","?","?","$","M","R","BOSS","M","?","?","M","M","M","R","M"],"build_version":"2018-04-26v2","seed_source_timestamp":2657560189394,"purchased_purges":0,"victory":false,"master_deck":["Strike_B","Strike_B","Strike_B+1","Defend_B","Defend_B","Defend_B+1","Defend_B","Zap","Dualcast","Allocate","Storm+1","Rip and Tear","Cold Snap","Auto Shields","Jack Of All Trades","Heatsinks","Creative AI","Storm","White Noise","Skim","Loop"],"max_hp_per_floor":[75,75,75,75,75,75,89,89,89,89,89,89,89,89,89,89,89,89,89,89,89,89,89,89,89],"relics":["Cracked Core","Toolbox","Mango","Letter Opener","Golden Idol","Cursed Key"],"card_choices":[{"not_picked":["Streamline","Coolheaded"],"picked":"Storm","floor":1},{"not_picked":["Hologram","Coolheaded"],"picked":"Rip and Tear","floor":2},{"not_picked":["Glacier","Streamline"],"picked":"Cold Snap","floor":6},{"not_picked":["Coolheaded","Self Repair"],"picked":"Auto Shields","floor":11},{"not_picked":["Seek","Fission"],"picked":"Creative AI","floor":16},{"not_picked":["Coolheaded","Double Energy"],"picked":"Storm","floor":19},{"not_picked":["Force Field","Beam Cell"],"picked":"White Noise","floor":21},{"not_picked":["Ball Lightning","Streamline"],"picked":"Skim","floor":22},{"not_picked":["Axe Kick","Biased Cognition"],"picked":"Loop","floor":23}],"player_experience":134135,"potions_floor_usage":[16,16,23,23,23,25],"damage_taken":[{"damage":0,"enemies":"Small Slimes","floor":1,"turns":3},{"damage":13,"enemies":"Jaw Worm","floor":2,"turns":4},{"damage":0,"enemies":"2 Louse","floor":6,"turns":2},{"damage":12,"enemies":"Blue Slaver","floor":11,"turns":4},{"damage":5,"enemies":"Lots of Slimes","floor":14,"turns":3},{"damage":53,"enemies":"The Guardian","floor":16,"turns":10},{"damage":27,"enemies":"Spheric Guardian","floor":18,"turns":4},{"damage":16,"enemies":"3 Byrds","floor":19,"turns":3},{"damage":9,"enemies":"Centurion and Healer","floor":21,"turns":5},{"damage":49,"enemies":"Cultist and Chosen","floor":22,"turns":4},{"damage":8,"enemies":"Snecko","floor":23,"turns":4},{"damage":12,"enemies":"Centurion and Healer","floor":25,"turns":1}],"event_choices":[{"event_name":"World of Goop","player_choice":"Gather Gold","floor":3,"damage_taken":0},{"event_name":"Shining Light","player_choice":"Entered Light","floor":4,"damage_taken":0},{"event_name":"Scrap Ooze","player_choice":"success","floor":5,"damage_taken":12},{"event_name":"Golden Idol","player_choice":"Take Damage","floor":10,"damage_taken":0},{"event_name":"The Library","player_choice":"Heal","floor":20,"damage_taken":0}],"boss_relics":[{"not_picked":["Velvet Choker","Astrolabe"],"picked":"Cursed Key"}],"potions_floor_spawned":[6,14,16,18,22,23],"seed_played":"-3457414840687697812","killed_by":"Centurion and Healer","ascension_level":0,"is_trial":false}