{"gold_per_floor":[114,114,114,133,157,193,193,224,224,238,238,257,105,70,70,195,195,220,220,235,254,254,254,289,308,308,339,339],"floor_reached":28,"playtime":1703,"items_purged":["Strike_G"],"score":348,"play_id":"567ce7c9-5146-4234-94ab-33a97c710ba1","local_time":"20190105183927","is_ascension_mode":true,"campfire_choices":[{"floor":7.0,"key":"REST"},{"floor":11.0,"key":"REST"},{"data":"Noxious Fumes","floor":15.0,"key":"SMITH"},{"floor":23.0,"key":"REST"}],"neow_cost":"NONE","seed_source_timestamp":1549430328655945,"circlet_count":0,"master_deck":["Defend_G","Defend_G","Defend_G","Defend_G","Defend_G","Strike_G","Strike_G","Strike_G","Survivor","Neutralize+1","Dagger Throw","Quick Slash","Noxious Fumes+1","Sucker Punch","Slice","Endless Agony","A Thousand Cuts","Flying Knee","Sucker Punch+1","Blade Dance+1","Predator","Blade Dance","All Out Attack","Slice+1"],"special_seed":0,"relics":["Ring of the Snake","Regal Pillow","Golden Idol","Art of War","Question Card","Boot","Busted Crown","Tough Bandages","Ornamental Fan"],"potions_floor_usage":[24],"damage_taken":[{"damage":6.0,"enemies":"2 Louse","floor":1.0,"turns":3.0},{"damage":2.0,"enemies":"Jaw Worm","floor":4.0,"turns":5.0},{"damage":6.0,"enemies":"Small Slimes","floor":5.0,"turns":3.0},{"damage":29.0,"enemies":"Lagavulin","floor":6.0,"turns":10.0},{"damage":19.0,"enemies":"3 Sentries","floor":8.0,"turns":7.0},{"damage":19.0,"enemies":"Exordium Wildlife","floor":10.0,"turns":4.0},{"damage":6.0,"enemies":"Exordium Thugs","floor":12.0,"turns":4.0},{"damage":18.0,"enemies":"The Guardian","floor":16.0,"turns":12.0},{"damage":11.0,"enemies":"2 Thieves","floor":18.0,"turns":4.0},{"damage":20.0,"enemies":"3 Byrds","floor":20.0,"turns":4.0},{"damage":23.0,"enemies":"Snecko","floor":21.0,"turns":6.0},{"damage":13,"enemies":"Slavers","floor":24,"turns":5},{"damage":18,"enemies":"Snake Plant","floor":25,"turns":3},{"damage":42,"enemies":"Book of Stabbing","floor":27,"turns":6},{"damage":3,"enemies":"Chosen and Byrds","floor":28,"turns":4}],"seed_played":"-7052028794729423592","potions_obtained":[{"floor":5.0,"key":"LiquidBronze"},{"floor":6.0,"key":"Poison Potion"},{"floor":16.0,"key":"Fruit Juice"},{"floor":18.0,"key":"SteroidPotion"}],"is_trial":false,"path_per_floor":["M","?","?","M","M","E","R","E","T","M","R","M","$","?","R","B",null,"M","?","M","M","?","R","E","M","T","E","M"],"character_chosen":"THE_SILENT","items_purchased":["GhostInAJar"],"campfire_rested":3,"item_purchase_floors":[13],"current_hp_per_floor":[57,57,57,55,49,20,54,35,35,16,50,44,44,60,60,42,64,53,80,60,37,37,76,63,45,45,3,0],"gold":339,"neow_bonus":"RANDOM_COMMON_RELIC","is_prod":false,"is_daily":false,"chose_seed":false,"campfire_upgraded":1,"win_rate":0,"timestamp":1546731567,"path_taken":["M","?","?","M","M","E","R","E","T","M","R","M","$","?","R","BOSS","M","?","M","?","?","R","E","M","T","E","?"],"build_version":"2019-01-03v4","purchased_purges":1,"victory":false,"max_hp_per_floor":[70,65,65,65,65,65,65,65,65,65,65,65,65,65,65,65,70,70,80,80,80,80,80,80,80,80,80,80],"card_choices":[{"not_picked":["Deflect","Prepared"],"picked":"Dagger Throw","floor":1.0},{"not_picked":["Poisoned Stab","Choke"],"picked":"Quick Slash","floor":4.0},{"not_picked":["Dagger Throw","Eviscerate"],"picked":"Noxious Fumes","floor":5.0},{"not_picked":["Calculated Gamble","Deadly Poison"],"picked":"Sucker Punch","floor":6.0},{"not_picked":["Setup","Outmaneuver"],"picked":"Storm of Steel","floor":8.0},{"not_picked":["Dagger Throw","Distraction","Riddle With Holes"],"picked":"Slice","floor":10.0},{"not_picked":["Poisoned Stab","Outmaneuver","Flechettes"],"picked":"Endless Agony","floor":12.0},{"not_picked":["Phantasmal Killer","Wraith Form v2","Night Terror"],"picked":"A Thousand Cuts","floor":16.0},{"not_picked":["Dagger Spray"],"picked":"Flying Knee","floor":18.0},{"not_picked":["Heel Hook+1"],"picked":"Sucker Punch+1","floor":20.0},{"not_picked":["Prepared"],"picked":"Blade Dance+1","floor":21.0},{"not_picked":["Deadly Poison"],"picked":"Blade Dance","floor":24},{"not_picked":["Slice"],"picked":"All Out Attack","floor":25},{"not_picked":["Sucker Punch"],"picked":"Slice+1","floor":27}],"player_experience":349950,"relics_obtained":[{"floor":6.0,"key":"Art of War"},{"floor":8.0,"key":"Question Card"},{"floor":9.0,"key":"Boot"},{"floor":24,"key":"Tough Bandages"},{"floor":27,"key":"Ornamental Fan"}],"event_choices":[{"damage_healed":0.0,"max_hp_gain":0.0,"max_hp_loss":5.0,"gold_gain":0.0,"event_name":"Golden Idol","player_choice":"Lose Max HP","floor":2.0,"gold_loss":0.0,"damage_taken":0.0,"relics_obtained":["Golden Idol"]},{"damage_healed":0.0,"max_hp_gain":0.0,"max_hp_loss":0.0,"gold_gain":0.0,"event_name":"Living Wall","player_choice":"Grow","floor":3.0,"gold_loss":0.0,"damage_taken":0.0,"cards_upgraded":["Neutralize"]},{"damage_healed":16.0,"max_hp_gain":0.0,"max_hp_loss":0.0,"gold_gain":0.0,"event_name":"The Cleric","player_choice":"Healed","floor":14.0,"gold_loss":35.0,"damage_taken":0.0},{"cards_removed":["Storm of Steel"],"damage_healed":17.0,"max_hp_gain":10.0,"max_hp_loss":0.0,"gold_gain":0.0,"event_name":"Bonfire Elementals","player_choice":"Offered Rare","floor":19.0,"gold_loss":0.0,"damage_taken":0.0},{"damage_healed":0.0,"max_hp_gain":0.0,"max_hp_loss":0.0,"gold_gain":0.0,"cards_transformed":["Strike_G"],"event_name":"Transmorgrifier","player_choice":"Transformed","floor":22.0,"gold_loss":0.0,"damage_taken":0.0,"cards_obtained":["Predator"]}],"is_beta":false,"boss_relics":[{"not_picked":["Coffee Dripper","Velvet Choker"],"picked":"Busted Crown"}],"items_purged_floors":[13],"is_endless":false,"potions_floor_spawned":[5,6,16,18],"killed_by":"Chosen and Byrds","ascension_level":6}