{"gold_per_floor":[369,379,233,233,233,233,308,308,382,407,27,50,50,64,64,187,187,211,211,57,73,97,97,141,141,141,162,201,201,214,252,252,371,371,392,241,241,241,241,241,272,290,290,623,623,220,239,251,251,251,251,251,44,44],"floor_reached":54,"playtime":4220,"items_purged":["Clumsy","Injury"],"score":991,"play_id":"ac21932e-d1d8-4b4f-ae3c-c33cc4ebd0f9","local_time":"20190110040733","is_ascension_mode":true,"campfire_choices":[{"data":"Redo","floor":6.0,"key":"SMITH"},{"floor":8.0,"key":"REST"},{"data":"Zap","floor":13.0,"key":"SMITH"},{"data":"Streamline","floor":15.0,"key":"SMITH"},{"data":"Defragment","floor":23.0,"key":"SMITH"},{"data":"Biased Cognition","floor":25.0,"key":"SMITH"},{"floor":32.0,"key":"REST"},{"floor":40.0,"key":"REST"},{"floor":49.0,"key":"RECALL"},{"data":"Seek","floor":52.0,"key":"SMITH"}],"neow_cost":"TEN_PERCENT_HP_LOSS","seed_source_timestamp":1925941198622357,"circlet_count":0,"master_deck":["Strike_B","Strike_B","Strike_B","Strike_B","Defend_B","Defend_B","Defend_B","Defend_B","Zap+1","Dualcast","Redo+1","Streamline+1","Capacitor","Cold Snap","Go for the Eyes","Self Repair+1","Leap","Defragment+1","Fusion+1","Doom and Gloom","Defragment+1","Glacier","Electrodynamics","Redo+1","Seek+1","Self Repair","Go for the Eyes","Stack+1","Beam Cell+1"],"special_seed":0,"relics":["Cracked Core","Orichalcum","Question Card","Shuriken","Thread and Needle","Cursed Key","Pantograph","DataDisk","Strawberry","Happy Flower","Pen Nib","Juzu Bracelet","Runic Pyramid","Anchor","Mummified Hand","Bronze Scales"],"potions_floor_usage":[54],"damage_taken":[{"damage":1.0,"enemies":"Cultist","floor":1.0,"turns":3.0},{"damage":2.0,"enemies":"Jaw Worm","floor":2.0,"turns":3.0},{"damage":0.0,"enemies":"2 Louse","floor":10.0,"turns":2.0},{"damage":3.0,"enemies":"Exordium Wildlife","floor":12.0,"turns":4.0},{"damage":0.0,"enemies":"Blue Slaver","floor":14.0,"turns":2.0},{"damage":6.0,"enemies":"Hexaghost","floor":16.0,"turns":9.0},{"damage":0.0,"enemies":"Chosen","floor":18.0,"turns":4.0},{"damage":0.0,"enemies":"Shell Parasite","floor":21.0,"turns":4.0},{"damage":2.0,"enemies":"Snecko","floor":22.0,"turns":5.0},{"damage":31.0,"enemies":"Gremlin Leader","floor":24.0,"turns":7.0},{"damage":5.0,"enemies":"Shelled Parasite and Fungi","floor":27.0,"turns":7.0},{"damage":48.0,"enemies":"Slavers","floor":28.0,"turns":6.0},{"damage":24.0,"enemies":"Snake Plant","floor":30.0,"turns":4.0},{"damage":49.0,"enemies":"Gremlin Leader","floor":31.0,"turns":7.0},{"damage":36.0,"enemies":"Automaton","floor":33.0,"turns":12.0},{"damage":34.0,"enemies":"3 Darklings","floor":35.0,"turns":3.0},{"damage":53.0,"enemies":"Reptomancer","floor":41.0,"turns":9.0},{"damage":1.0,"enemies":"3 Shapes","floor":42.0,"turns":4.0},{"damage":15.0,"enemies":"Transient","floor":45.0,"turns":4.0},{"damage":8.0,"enemies":"3 Darklings","floor":47.0,"turns":3.0},{"damage":0.0,"enemies":"4 Shapes","floor":48.0,"turns":3.0},{"damage":42.0,"enemies":"Donu and Deca","floor":50.0,"turns":10.0},{"damage":74,"enemies":"Shield and Spear","floor":54,"turns":3}],"seed_played":"2251638956845982545","potions_obtained":[{"floor":1.0,"key":"Dexterity Potion"},{"floor":12.0,"key":"Weak Potion"},{"floor":16.0,"key":"Explosive Potion"},{"floor":24.0,"key":"SteroidPotion"},{"floor":27.0,"key":"Fire Potion"},{"floor":30.0,"key":"Regen Potion"},{"floor":38.0,"key":"SpeedPotion"},{"floor":38.0,"key":"SmokeBomb"},{"floor":38.0,"key":"EntropicBrew"},{"floor":41.0,"key":"Explosive Potion"},{"floor":42.0,"key":"Poison Potion"}],"is_trial":false,"path_per_floor":["M","M","$","?","?","R","?","R","T","M","$","M","R","M","R","B",null,"M","?","$","M","M","R","E","R","T","M","E","?","M","E","R","B",null,"M","$","?","?","?","R","E","M","T","?","M","$","M","M","R","B",null,"R","$","E"],"character_chosen":"DEFECT","items_purchased":["Orichalcum","Thread and Needle","Capacitor","DataDisk","Seek","Mummified Hand","PowerPotion","Bronze Scales","Poison Potion"],"campfire_rested":3,"item_purchase_floors":[3,11,11,20,36,46,46,53,53],"current_hp_per_floor":[67,65,65,63,38,38,27,45,45,45,45,42,42,42,42,36,56,56,56,56,63,63,63,49,49,49,54,16,80,66,42,66,54,74,50,50,50,50,50,74,31,37,37,37,39,39,31,48,48,48,72,72,72,0],"gold":44,"neow_bonus":"TWO_FIFTY_GOLD","is_prod":false,"is_daily":false,"chose_seed":false,"campfire_upgraded":6,"win_rate":0,"timestamp":1547111253,"path_taken":["M","M","$","?","?","R","?","R","T","M","$","M","R","M","R","BOSS","M","?","$","M","M","R","E","R","T","M","E","?","M","E","R","BOSS","M","$","?","?","?","R","E","M","T","?","M","$","M","M","R","BOSS","R","$","E"],"build_version":"2019-01-03v4","purchased_purges":2,"victory":false,"max_hp_per_floor":[68,68,68,63,63,63,63,63,63,63,63,63,63,63,63,63,63,63,63,63,63,63,63,70,70,70,70,70,80,80,80,80,80,80,80,80,80,80,80,80,80,80,80,80,80,80,80,80,80,80,80,80,80,80],"card_choices":[{"not_picked":["Genetic Algorithm","Cold Snap"],"picked":"Redo","floor":1.0},{"not_picked":["Redo","Conserve Battery"],"picked":"Streamline","floor":2.0},{"not_picked":["Rebound","Cold Snap","Undo"],"picked":"Beam Cell","floor":10.0},{"not_picked":["Hologram","Steam","Fusion"],"picked":"Cold Snap","floor":12.0},{"not_picked":["Compile Driver","Double Energy","Beam Cell"],"picked":"Go for the Eyes","floor":14.0},{"not_picked":["Machine Learning","Thunder Strike","Multi-Cast"],"picked":"Biased Cognition","floor":16.0},{"not_picked":["Ball Lightning","Heatsinks","Stack"],"picked":"Self Repair+1","floor":18.0},{"not_picked":["Compile Driver","Aggregate+1","Ball Lightning"],"picked":"Leap","floor":21.0},{"not_picked":["Force Field+1","Darkness+1","Hologram"],"picked":"Defragment","floor":22.0},{"not_picked":["Compile Driver+1","Storm","Capacitor"],"picked":"Fusion+1","floor":24.0},{"not_picked":["Reprogram","Cold Snap","Beam Cell","Darkness"],"picked":"SKIP","floor":27.0},{"not_picked":["Static Discharge","Auto Shields","Aggregate"],"picked":"Doom and Gloom","floor":28.0},{"not_picked":["Chaos","Ball Lightning+1","Steam Power"],"picked":"Defragment+1","floor":30.0},{"not_picked":["Ball Lightning","Rip and Tear","Force Field"],"picked":"Glacier","floor":31.0},{"not_picked":["Multi-Cast","Seek","Rainbow"],"picked":"Electrodynamics","floor":33.0},{"not_picked":["Darkness+1","Gash+1","Beam Cell+1"],"picked":"Redo+1","floor":35.0},{"not_picked":["Steam","Beam Cell","Meteor Strike"],"picked":"Self Repair","floor":41.0},{"not_picked":["Stack+1","Turbo+1","Scrape"],"picked":"Go for the Eyes","floor":42.0},{"not_picked":["Cold Snap","Streamline+1","Fusion"],"picked":"Stack+1","floor":47.0},{"not_picked":["Compile Driver+1","Self Repair","Streamline"],"picked":"Beam Cell+1","floor":48.0}],"player_experience":444309,"relics_obtained":[{"floor":9.0,"key":"Shuriken"},{"floor":24.0,"key":"Strawberry"},{"floor":26.0,"key":"Happy Flower"},{"floor":28.0,"key":"Pen Nib"},{"floor":31.0,"key":"Juzu Bracelet"},{"floor":41.0,"key":"Anchor"}],"event_choices":[{"damage_healed":0.0,"max_hp_gain":0.0,"max_hp_loss":5.0,"gold_gain":0.0,"event_name":"Golden Idol","player_choice":"Lose Max HP","floor":4.0,"gold_loss":0.0,"damage_taken":0.0,"relics_obtained":["Golden Idol"]},{"damage_healed":0.0,"max_hp_gain":0.0,"max_hp_loss":0.0,"gold_gain":0.0,"event_name":"Scrap Ooze","player_choice":"Success","floor":5.0,"gold_loss":0.0,"damage_taken":25.0,"relics_obtained":["Question Card"]},{"damage_healed":0.0,"max_hp_gain":0.0,"max_hp_loss":0.0,"gold_gain":75.0,"event_name":"World of Goop","player_choice":"Gather Gold","floor":7.0,"gold_loss":0.0,"damage_taken":11.0},{"damage_healed":0.0,"max_hp_gain":0.0,"max_hp_loss":0.0,"gold_gain":0.0,"event_name":"The Mausoleum","player_choice":"Opened","floor":19.0,"gold_loss":0.0,"damage_taken":0.0,"relics_obtained":["Pantograph"]},{"cards_removed":["Biased Cognition"],"damage_healed":54.0,"max_hp_gain":10.0,"max_hp_loss":0.0,"gold_gain":0.0,"event_name":"Bonfire Elementals","player_choice":"Offered Rare","floor":29.0,"gold_loss":0.0,"damage_taken":0.0},{"cards_removed":["Beam Cell"],"damage_healed":0.0,"max_hp_gain":0.0,"max_hp_loss":0.0,"gold_gain":0.0,"event_name":"Falling","player_choice":"Removed Attack","floor":37.0,"gold_loss":0.0,"damage_taken":0.0},{"damage_healed":0.0,"max_hp_gain":0.0,"max_hp_loss":0.0,"gold_gain":0.0,"event_name":"Lab","player_choice":"Got Potions","floor":38.0,"gold_loss":0.0,"damage_taken":0.0},{"damage_healed":0.0,"max_hp_gain":0.0,"max_hp_loss":0.0,"gold_gain":0.0,"event_name":"Tomb of Lord Red Mask","player_choice":"Ignored","floor":39.0,"gold_loss":0.0,"damage_taken":0.0},{"damage_healed":0.0,"max_hp_gain":0.0,"max_hp_loss":0.0,"gold_gain":333.0,"event_name":"The Moai Head","player_choice":"Gave Idol","floor":44.0,"relics_lost":["Golden Idol"],"gold_loss":0.0,"damage_taken":0.0}],"is_beta":false,"boss_relics":[{"not_picked":["Coffee Dripper","White Beast Statue"],"picked":"Cursed Key"},{"not_picked":["Runic Dome","Velvet Choker"],"picked":"Runic Pyramid"}],"items_purged_floors":[36,46],"is_endless":false,"potions_floor_spawned":[1,12,16,22,24,27,30,41,42],"killed_by":"Shield and Spear","ascension_level":8}