{"gold_per_floor":[113,188,199,212,229,229,255,255],"floor_reached":8,"playtime":324,"items_purged":[],"score":78,"play_id":"0d9f54d1-e856-40db-aa6a-70c11ad10a77","local_time":"20181216160203","is_ascension_mode":true,"campfire_choices":[{"floor":6,"key":"REST"}],"neow_cost":"NONE","seed_source_timestamp":2565730258732453,"circlet_count":0,"master_deck":["Strike_R","Strike_R","Strike_R","Strike_R","Strike_R","Defend_R","Defend_R","Defend_R","Defend_R","Bash","Offering","Warcry","Flex","Thunderclap","Flex","Spot Weakness"],"relics":["Burning Blood","Pocketwatch"],"potions_floor_usage":[8,8],"damage_taken":[{"damage":17,"enemies":"2 Louse","floor":1,"turns":3},{"damage":10,"enemies":"Small Slimes","floor":3,"turns":3},{"damage":8,"enemies":"Jaw Worm","floor":4,"turns":3},{"damage":26,"enemies":"Large Slime","floor":5,"turns":5},{"damage":46,"enemies":"Lagavulin","floor":7,"turns":5},{"damage":20,"enemies":"Lagavulin Event","floor":8,"turns":2}],"seed_played":"-8381754648432512087","potions_obtained":[{"floor":1,"key":"Strength Potion"},{"floor":7,"key":"BloodPotion"}],"is_trial":false,"path_per_floor":["M","?","M","M","M","R","E","?"],"character_chosen":"IRONCLAD","items_purchased":[],"campfire_rested":1,"item_purchase_floors":[],"current_hp_per_floor":[61,50,46,44,24,48,8,0],"gold":255,"neow_bonus":"ONE_RANDOM_RARE_CARD","is_prod":false,"is_daily":false,"chose_seed":false,"campfire_upgraded":0,"win_rate":0,"timestamp":1544997723,"path_taken":["M","?","M","M","M","R","E","?"],"build_version":"2018-12-13","purchased_purges":0,"victory":false,"max_hp_per_floor":[80,80,80,80,80,80,80,80],"card_choices":[{"not_picked":["Blood for Blood","Thunderclap"],"picked":"Warcry","floor":1},{"not_picked":["Thunderclap","Feel No Pain"],"picked":"Flex","floor":3},{"not_picked":["Dual Wield","Havoc"],"picked":"Thunderclap","floor":4},{"not_picked":["Cleave","Thunderclap"],"picked":"Flex","floor":5},{"not_picked":["Body Slam","Battle Trance"],"picked":"Spot Weakness","floor":7}],"player_experience":304715,"relics_obtained":[{"floor":7,"key":"Pocketwatch"}],"event_choices":[{"damage_healed":0,"gold_gain":75,"player_choice":"Gather Gold","damage_taken":11,"max_hp_gain":0,"max_hp_loss":0,"event_name":"World of Goop","floor":2,"gold_loss":0},{"damage_healed":0,"gold_gain":0,"player_choice":"Searched \u00271\u0027 times","damage_taken":0,"max_hp_gain":0,"max_hp_loss":0,"event_name":"Dead Adventurer","floor":8,"gold_loss":0}],"is_beta":false,"boss_relics":[],"items_purged_floors":[],"is_endless":false,"potions_floor_spawned":[1,7],"killed_by":"Lagavulin Event","ascension_level":7}