{"gold_per_floor":[113,169,169,24,24,24,49,65,65,65,65,65,83,98,98,195,195,205,55,0,0,24,24,35,35],"floor_reached":25,"playtime":820,"items_purged":["Strike_R"],"score":246,"play_id":"110b2d28-7a8e-4c5d-89dc-afb094f43f5a","local_time":"20190207183912","is_ascension_mode":true,"campfire_choices":[{"data":"Immolate","floor":6,"key":"SMITH"},{"data":"Flame Barrier","floor":10,"key":"SMITH"},{"data":"Reckless Charge","floor":12,"key":"SMITH"},{"floor":15,"key":"REST"},{"data":"Barricade","floor":23,"key":"SMITH"}],"neow_cost":"NONE","seed_source_timestamp":157896112800004,"circlet_count":0,"master_deck":["Strike_R","Strike_R","Strike_R","Defend_R","Defend_R","Defend_R","Defend_R","Bash","Immolate+1","Evolve","Regret","Flame Barrier+1","Reckless Charge+1","Juggernaut","Barricade+1","Iron Wave"],"relics":["Burning Blood","Tiny Chest","Happy Flower","Ornamental Fan","Mummified Hand","Black Star","Oddly Smooth Stone","Bottled Tornado","Blood Vial"],"potions_floor_usage":[24],"damage_taken":[{"damage":6,"enemies":"Cultist","floor":1,"turns":3},{"damage":49,"enemies":"Lagavulin","floor":7,"turns":6},{"damage":3,"enemies":"2 Louse","floor":8,"turns":3},{"damage":6,"enemies":"Small Slimes","floor":13,"turns":3},{"damage":3,"enemies":"Exordium Thugs","floor":14,"turns":4},{"damage":45,"enemies":"Hexaghost","floor":16,"turns":9},{"damage":20,"enemies":"2 Thieves","floor":18,"turns":4},{"damage":13,"enemies":"Spheric Guardian","floor":24,"turns":5},{"damage":52,"enemies":"Slavers","floor":25,"turns":3}],"seed_played":"5343122013185359527","potions_obtained":[{"floor":16,"key":"SteroidPotion"},{"floor":18,"key":"PowerPotion"}],"is_trial":false,"path_per_floor":["M","T","?","$","?","R","E","M","T","R","T","R","M","M","R","B",null,"M","$","?","T","T","R","M","E"],"character_chosen":"IRONCLAD","items_purchased":["Evolve","Oddly Smooth Stone"],"campfire_rested":1,"item_purchase_floors":[4,19],"current_hp_per_floor":[80,80,73,73,73,73,30,33,33,33,33,33,33,36,60,21,65,51,51,51,51,51,51,46,0],"gold":35,"neow_bonus":"ONE_RANDOM_RARE_CARD","is_prod":false,"is_daily":false,"chose_seed":false,"campfire_upgraded":4,"win_rate":0,"timestamp":1549532352,"path_taken":["M","?","?","$","?","R","E","M","T","R","?","R","M","?","R","BOSS","M","$","?","?","?","R","?","E"],"build_version":"2019-01-23","purchased_purges":1,"victory":false,"max_hp_per_floor":[80,80,80,80,80,80,80,80,80,80,80,80,80,80,80,80,80,80,80,80,80,80,80,80,80],"card_choices":[{"not_picked":["Heavy Blade","Corruption","Iron Wave"],"picked":"SKIP","floor":1},{"not_picked":["Clothesline","Whirlwind"],"picked":"Flame Barrier","floor":7},{"not_picked":["Armaments","Wild Strike"],"picked":"Reckless Charge","floor":8},{"not_picked":["Clothesline","Anger"],"picked":"Juggernaut","floor":13},{"not_picked":["Evolve","Wild Strike","Thunderclap"],"picked":"SKIP","floor":14},{"not_picked":["Bludgeon","Juggernaut"],"picked":"Barricade","floor":16},{"not_picked":["Wild Strike","Corruption"],"picked":"Iron Wave","floor":18},{"not_picked":["Searing Blow","Corruption","Flex"],"picked":"SKIP","floor":24}],"player_experience":826747,"relics_obtained":[{"floor":2,"key":"Tiny Chest"},{"floor":7,"key":"Ornamental Fan"},{"floor":11,"key":"Mummified Hand"},{"floor":21,"key":"Bottled Tornado"},{"floor":22,"key":"Blood Vial"}],"event_choices":[{"cards_removed":["Strike_R"],"damage_healed":0,"gold_gain":0,"player_choice":"Card Removal","damage_taken":7,"max_hp_gain":0,"max_hp_loss":0,"event_name":"Golden Wing","floor":3,"gold_loss":0},{"damage_healed":0,"gold_gain":0,"player_choice":"Box","damage_taken":0,"relics_obtained":["Happy Flower"],"max_hp_gain":0,"max_hp_loss":0,"event_name":"Big Fish","floor":5,"gold_loss":0,"cards_obtained":["Regret"]},{"damage_healed":0,"gold_gain":0,"player_choice":"Paid Fearfully","damage_taken":0,"max_hp_gain":0,"max_hp_loss":0,"event_name":"Masked Bandits","floor":20,"gold_loss":55}],"is_beta":false,"boss_relics":[{"not_picked":["Coffee Dripper","Astrolabe"],"picked":"Black Star"}],"items_purged_floors":[4],"is_endless":false,"potions_floor_spawned":[16,18],"killed_by":"Slavers","ascension_level":5}