{"gold_per_floor":[116,266,93,108,123,148,148,168,248,248,279,244,275,285,285,363,363,378,334,334,345,356,356,381,401,401,289,307,325,325,345,345,421,421,433,433,479,496,511,539,539,555,578,592,252,252,262,38,38,38],"floor_reached":50,"playtime":3306,"items_purged":["Doubt"],"score":954,"play_id":"bddaa6c6-6fc4-48bd-98d6-fb53923dfc6f","local_time":"20181114074437","is_ascension_mode":true,"campfire_choices":[{"floor":10.0,"key":"REST"},{"data":"Dropkick","floor":15.0,"key":"SMITH"},{"floor":23.0,"key":"REST"},{"floor":30.0,"key":"REST"},{"floor":32.0,"key":"REST"},{"floor":49.0,"key":"REST"}],"neow_cost":"NONE","seed_source_timestamp":0,"circlet_count":0,"master_deck":["AscendersBane","Strike_R","Strike_R","Strike_R+1","Strike_R","Defend_R","Defend_R","Defend_R","Defend_R","Bash","Shrug It Off+1","Corruption","Clothesline","Shrug It Off","Thunderclap","Reckless Charge","Thunderclap","Whirlwind","Dropkick+1","Reaper","Feel No Pain","Uppercut","Armaments","Juggernaut","Shrug It Off","Shockwave","Shrug It Off","Fiend Fire","Ghostly Armor","Parasite"],"special_seed":0,"relics":["Burning Blood","Thread and Needle","Paper Frog","Blood Vial","Lantern","Fusion Hammer","Blue Candle","Magic Flower","Busted Crown","Prayer Wheel","Ornamental Fan","Oddly Smooth Stone","Charon\u0027s Ashes","Strange Spoon"],"potions_floor_usage":[50],"damage_taken":[{"damage":4.0,"enemies":"Small Slimes","floor":1.0,"turns":4.0},{"damage":0.0,"enemies":"2 Louse","floor":4.0,"turns":4.0},{"damage":0.0,"enemies":"Cultist","floor":5.0,"turns":4.0},{"damage":27.0,"enemies":"Lagavulin","floor":6.0,"turns":8.0},{"damage":11.0,"enemies":"Lots of Slimes","floor":8.0,"turns":5.0},{"damage":10.0,"enemies":"Gremlin Nob","floor":11.0,"turns":4.0},{"damage":27.0,"enemies":"3 Sentries","floor":13.0,"turns":8.0},{"damage":3.0,"enemies":"2 Fungi Beasts","floor":14.0,"turns":2.0},{"damage":39.0,"enemies":"The Guardian","floor":16.0,"turns":11.0},{"damage":6.0,"enemies":"Spheric Guardian","floor":18.0,"turns":4.0},{"damage":15.0,"enemies":"3 Byrds","floor":21.0,"turns":5.0},{"damage":26.0,"enemies":"Sentry and Sphere","floor":22.0,"turns":6.0},{"damage":36.0,"enemies":"Book of Stabbing","floor":24.0,"turns":6.0},{"damage":13.0,"enemies":"Snecko","floor":25.0,"turns":4.0},{"damage":8.0,"enemies":"Snake Plant","floor":28.0,"turns":3.0},{"damage":20.0,"enemies":"Centurion and Healer","floor":29.0,"turns":8.0},{"damage":15.0,"enemies":"Snecko","floor":31.0,"turns":5.0},{"damage":79.0,"enemies":"Champ","floor":33.0,"turns":14.0},{"damage":7.0,"enemies":"Orb Walker","floor":35.0,"turns":4.0},{"damage":80.0,"enemies":"2 Orb Walkers","floor":37.0,"turns":6.0},{"damage":2.0,"enemies":"3 Shapes","floor":38.0,"turns":3.0},{"damage":0.0,"enemies":"Transient","floor":39.0,"turns":5.0},{"damage":58.0,"enemies":"Nemesis","floor":40.0,"turns":11.0},{"damage":62.0,"enemies":"Spire Growth","floor":42.0,"turns":7.0},{"damage":12.0,"enemies":"3 Darklings","floor":44.0,"turns":3.0},{"damage":3.0,"enemies":"Writhing Mass","floor":47.0,"turns":5.0},{"damage":101,"enemies":"Donu and Deca","floor":50,"turns":7}],"seed_played":"96803922044984328","potions_obtained":[{"floor":4.0,"key":"LiquidBronze"},{"floor":8.0,"key":"Weak Potion"},{"floor":11.0,"key":"Swift Potion"},{"floor":24.0,"key":"PowerPotion"},{"floor":28.0,"key":"Weak Potion"},{"floor":29.0,"key":"SmokeBomb"},{"floor":31.0,"key":"Swift Potion"},{"floor":33.0,"key":"Regen Potion"},{"floor":37.0,"key":"Fire Potion"},{"floor":38.0,"key":"Swift Potion"},{"floor":39.0,"key":"Regen Potion"},{"floor":44.0,"key":"Poison Potion"}],"is_trial":false,"path_per_floor":["M","?","$","M","M","E","?","M","T","R","E","?","E","M","R","B",null,"M","$","?","M","M","R","E","M","T","$","M","M","R","M","R","B",null,"M","?","?","M","M","E","?","M","T","M","$","?","M","$","R","B"],"character_chosen":"IRONCLAD","items_purchased":["Corruption","Clothesline","Uppercut","Fire Potion","Swift Potion","Charon\u0027s Ashes","Strange Spoon"],"campfire_rested":5,"item_purchase_floors":[3,3,19,27,27,45,48],"current_hp_per_floor":[70,70,70,75,75,54,31,26,26,48,44,62,43,48,48,17,61,63,63,56,54,36,58,30,32,32,32,36,39,61,58,75,16,60,65,65,36,70,75,61,61,11,11,29,29,75,75,75,75,0],"gold":38,"neow_bonus":"REMOVE_CARD","is_prod":false,"is_daily":false,"chose_seed":false,"campfire_upgraded":1,"win_rate":0,"timestamp":1542210277,"path_taken":["M","?","$","M","M","E","?","M","T","R","E","?","E","M","R","BOSS","M","$","?","M","M","R","E","M","T","?","M","?","R","M","R","BOSS","M","?","?","M","M","E","?","M","T","M","$","?","?","$","R","BOSS"],"build_version":"2018-11-08","purchased_purges":1,"victory":false,"max_hp_per_floor":[75,75,75,75,75,75,75,75,75,75,75,75,75,75,75,75,75,75,75,75,75,75,75,75,75,75,75,75,75,75,75,75,75,75,75,75,75,75,75,75,75,75,75,75,75,75,75,75,75,75],"card_choices":[{"not_picked":["Intimidate","Rampage"],"picked":"Shrug It Off","floor":1.0},{"not_picked":["Pommel Strike","Dropkick"],"picked":"Shrug It Off","floor":4.0},{"not_picked":["Sword Boomerang","Warcry","Corruption"],"picked":"SKIP","floor":5.0},{"not_picked":["Hemokinesis","Dual Wield"],"picked":"Thunderclap","floor":6.0},{"not_picked":["Havoc","Pommel Strike"],"picked":"Reckless Charge","floor":8.0},{"not_picked":["Berserk","Warcry"],"picked":"Thunderclap","floor":11.0},{"not_picked":["Flex","Anger"],"picked":"Whirlwind","floor":13.0},{"not_picked":["Heavy Blade","Pommel Strike"],"picked":"Dropkick","floor":14.0},{"not_picked":["Double Tap","Dark Embrace"],"picked":"Reaper","floor":16.0},{"not_picked":["Cleave","Shrug It Off"],"picked":"Feel No Pain","floor":18.0},{"not_picked":["Anger","Body Slam","Shrug It Off"],"picked":"SKIP","floor":21.0},{"not_picked":["Sword Boomerang","Body Slam"],"picked":"Armaments","floor":22.0},{"not_picked":["Ghostly Armor","Seeing Red"],"picked":"Juggernaut","floor":24.0},{"not_picked":["Havoc","Second Wind+1"],"picked":"Shrug It Off","floor":25.0},{"not_picked":["Intimidate","Sword Boomerang","Clash"],"picked":"SKIP","floor":28.0},{"not_picked":["Iron Wave","Flex"],"picked":"Shockwave","floor":29.0},{"not_picked":["Iron Wave","Flex"],"picked":"Shrug It Off","floor":31.0},{"not_picked":["Feed","Brutality"],"picked":"Fiend Fire","floor":33.0},{"not_picked":[],"picked":"Ghostly Armor","floor":35.0},{"not_picked":[],"picked":"Ghostly Armor","floor":38.0},{"not_picked":["Rupture+1"],"picked":"SKIP","floor":38.0},{"not_picked":["Body Slam"],"picked":"SKIP","floor":39.0},{"not_picked":["Anger"],"picked":"SKIP","floor":39.0},{"not_picked":["Evolve+1"],"picked":"SKIP","floor":40.0},{"not_picked":["Pommel Strike+1"],"picked":"SKIP","floor":42.0},{"not_picked":["Entrench"],"picked":"SKIP","floor":42.0},{"not_picked":["Warcry"],"picked":"SKIP","floor":44.0},{"not_picked":["Sword Boomerang"],"picked":"SKIP","floor":44.0},{"not_picked":["Perfected Strike"],"picked":"SKIP","floor":47.0},{"not_picked":["Warcry"],"picked":"SKIP","floor":47.0}],"player_experience":1272052,"relics_obtained":[{"floor":6.0,"key":"Thread and Needle"},{"floor":9.0,"key":"Paper Frog"},{"floor":11.0,"key":"Blood Vial"},{"floor":13.0,"key":"Lantern"},{"floor":24.0,"key":"Blue Candle"},{"floor":26.0,"key":"Magic Flower"},{"floor":37.0,"key":"Prayer Wheel"},{"floor":40.0,"key":"Ornamental Fan"},{"floor":43.0,"key":"Oddly Smooth Stone"}],"event_choices":[{"damage_healed":0.0,"max_hp_gain":0.0,"max_hp_loss":0.0,"gold_gain":150.0,"event_name":"Liars Game","player_choice":"AGREE","floor":2.0,"gold_loss":0.0,"damage_taken":0.0,"cards_obtained":["Doubt"]},{"damage_healed":0.0,"max_hp_gain":0.0,"max_hp_loss":0.0,"gold_gain":0.0,"event_name":"Shining Light","player_choice":"Entered Light","floor":7.0,"gold_loss":0.0,"damage_taken":23.0,"cards_upgraded":["Shrug It Off","Strike_R"]},{"damage_healed":18.0,"max_hp_gain":0.0,"max_hp_loss":0.0,"gold_gain":0.0,"event_name":"The Cleric","player_choice":"Healed","floor":12.0,"gold_loss":35.0,"damage_taken":0.0},{"damage_healed":0.0,"max_hp_gain":0.0,"max_hp_loss":0.0,"gold_gain":0.0,"event_name":"Knowing Skull","player_choice":"","floor":20.0,"potions_obtained":[],"gold_loss":0.0,"damage_taken":7.0,"cards_obtained":[]},{"damage_healed":0.0,"max_hp_gain":0.0,"max_hp_loss":0.0,"gold_gain":0.0,"event_name":"Tomb of Lord Red Mask","player_choice":"Ignored","floor":36.0,"gold_loss":0.0,"damage_taken":0.0},{"damage_healed":0.0,"max_hp_gain":0.0,"max_hp_loss":0.0,"gold_gain":0.0,"event_name":"Mysterious Sphere","player_choice":"Fight","floor":37.0,"gold_loss":0.0,"damage_taken":0.0},{"damage_healed":0.0,"max_hp_gain":0.0,"max_hp_loss":0.0,"gold_gain":0.0,"event_name":"SensoryStone","player_choice":"Memory 1","floor":41.0,"gold_loss":0.0,"damage_taken":0.0},{"cards_removed":["Ghostly Armor"],"damage_healed":46.0,"max_hp_gain":0.0,"max_hp_loss":0.0,"gold_gain":0.0,"event_name":"Bonfire Elementals","player_choice":"Offered Uncommon","floor":46.0,"gold_loss":0.0,"damage_taken":0.0}],"is_beta":false,"boss_relics":[{"not_picked":["Velvet Choker","Runic Pyramid"],"picked":"Fusion Hammer"},{"not_picked":["Runic Cube","Calling Bell"],"picked":"Busted Crown"}],"items_purged_floors":[3],"is_endless":false,"potions_floor_spawned":[4,8,11,14,24,28,29,31,33,37,38,39,44],"killed_by":"Donu and Deca","ascension_level":16}