{"path_per_floor":["M","M","T","M","?","R","M","M","T","M","R","M","$","M","R","B",null,"M","M","T","$","M","R","E"],"character_chosen":"THE_SILENT","items_purchased":["Shovel"],"gold_per_floor":[144,158,158,174,174,174,189,169,169,179,179,149,149,166,166,268,268,285,297,343,30,43,43,75,75],"floor_reached":25,"campfire_rested":1,"playtime":2542,"item_purchase_floors":[21],"current_hp_per_floor":[59,52,52,52,52,52,23,15,15,15,15,15,15,15,36,1,56,56,53,53,37,24,24,1,0],"items_purged":[],"gold":75,"score":347,"play_id":"7fd0d031-4a1c-47f2-9f4e-c6bf0e061226","local_time":"20180606102214","is_prod":false,"is_daily":false,"chose_seed":false,"is_ascension_mode":true,"campfire_upgraded":2,"win_rate":0,"timestamp":1528305734,"campfire_choices":[{"data":"Dagger Spray","floor":6.0,"key":"SMITH"},{"data":"Neutralize","floor":11.0,"key":"SMITH"},{"floor":15.0,"key":"REST"},{"floor":23,"key":"DIG"}],"path_taken":["M","M","?","M","?","R","M","?","T","M","R","M","$","M","R","BOSS","M","M","?","?","M","R","E","M"],"build_version":"2018-05-31","seed_source_timestamp":1366957279626282,"purchased_purges":0,"victory":false,"master_deck":["Defend_G","Defend_G","Defend_G","Defend_G","Defend_G","Strike_G","Strike_G","Strike_G","Strike_G","Strike_G","Survivor","Neutralize+1","AscendersBane","Cloak And Dagger","Dagger Spray+1","Footwork+1","PiercingWail+1","Dodge and Roll+1","Cloak And Dagger+1","Infinite Blades","Night Terror+1","Dodge and Roll+1","Parasite","Acrobatics+1","Burst+1"],"max_hp_per_floor":[70,70,70,70,70,70,70,70,70,70,70,70,70,70,70,74,74,74,74,74,74,74,74,74,74],"relics":["Ring of the Snake","Tiny Chest","Toxic Egg 2","Bag of Preparation","Cursed Key","Oddly Smooth Stone","Shovel","Question Card","Meat on the Bone"],"card_choices":[{"not_picked":["Bane","Sucker Punch"],"picked":"Cloak And Dagger","floor":1.0},{"not_picked":["Prepared","Flying Knee"],"picked":"Dagger Spray","floor":2.0},{"not_picked":["All Out Attack","PiercingWail+1"],"picked":"Footwork","floor":4.0},{"not_picked":["Dagger Spray","Dagger Throw"],"picked":"PiercingWail+1","floor":7.0},{"not_picked":["Deadly Poison+1","Corpse Explosion"],"picked":"Dodge and Roll+1","floor":8.0},{"not_picked":["Bane","Flying Knee"],"picked":"Cloak And Dagger+1","floor":10.0},{"not_picked":["Outmaneuver+1","Dagger Throw","Bane"],"picked":"SKIP","floor":12.0},{"not_picked":["Outmaneuver+1","Acrobatics+1"],"picked":"Infinite Blades","floor":14.0},{"not_picked":["Storm of Steel+1","Doppelganger+1"],"picked":"Night Terror+1","floor":16.0},{"not_picked":["PiercingWail+1","Dagger Throw"],"picked":"Dodge and Roll+1","floor":18.0},{"not_picked":["Slice+1","Bane","Outmaneuver+1"],"picked":"SKIP","floor":19.0},{"not_picked":["Slice","Deadly Poison+1"],"picked":"Acrobatics+1","floor":22},{"not_picked":["Outmaneuver+1","Quick Slash","Dodge and Roll+1"],"picked":"Burst+1","floor":24}],"player_experience":806454,"potions_floor_usage":[22,24],"damage_taken":[{"damage":4.0,"enemies":"Cultist","floor":1.0,"turns":5.0},{"damage":7.0,"enemies":"Small Slimes","floor":2.0,"turns":5.0},{"damage":0.0,"enemies":"2 Louse","floor":4.0,"turns":3.0},{"damage":29.0,"enemies":"Gremlin Gang","floor":7.0,"turns":5.0},{"damage":8.0,"enemies":"Exordium Thugs","floor":8.0,"turns":6.0},{"damage":0.0,"enemies":"Lots of Slimes","floor":10.0,"turns":1.0},{"damage":0.0,"enemies":"Looter","floor":12.0,"turns":4.0},{"damage":0.0,"enemies":"3 Louse","floor":14.0,"turns":3.0},{"damage":39.0,"enemies":"Slime Boss","floor":16.0,"turns":17.0},{"damage":0.0,"enemies":"Shell Parasite","floor":18.0,"turns":8.0},{"damage":3.0,"enemies":"3 Byrds","floor":19.0,"turns":6.0},{"damage":16.0,"enemies":"Snake Plant","floor":21.0,"turns":10.0},{"damage":13,"enemies":"Snake Plant","floor":22,"turns":11},{"damage":23,"enemies":"Book of Stabbing","floor":24,"turns":9},{"damage":6,"enemies":"Centurion and Healer","floor":25,"turns":7}],"relics_obtained":[{"floor":3.0,"key":"Toxic Egg 2"},{"floor":9.0,"key":"Bag of Preparation"},{"floor":20.0,"key":"Oddly Smooth Stone"},{"floor":23,"key":"Question Card"},{"floor":24,"key":"Meat on the Bone"}],"event_choices":[{"event_name":"Living Wall","player_choice":"Grow","floor":5.0,"damage_taken":0.0}],"boss_relics":[],"items_purged_floors":[],"potions_floor_spawned":[2,10,14,16,18,21],"seed_played":"1587084661439241470","killed_by":"Centurion and Healer","ascension_level":12,"potions_obtained":[{"floor":2.0,"key":"Ancient Potion"},{"floor":10.0,"key":"SteroidPotion"},{"floor":14.0,"key":"Fruit Juice"},{"floor":16.0,"key":"SteroidPotion"},{"floor":18.0,"key":"Ancient Potion"}],"is_trial":false}