{"path_per_floor":["M","?","M","M","M","R","M","?","T","M","$","?","R","M","R","B",null,"M","M","M","?","M","E","$","?","T","E","T","$","T","?","R","B",null,"M","M","M","$","?","E","?","?","T","R","?","M","$","M","R","B"],"character_chosen":"IRONCLAD","items_purchased":["Pen Nib","Prayer Wheel","Apotheosis","Demon Form","Bottled Lightning","Bag of Preparation"],"gold_per_floor":[114,114,133,152,171,171,190,365,440,459,159,159,159,178,178,303,303,322,341,360,360,379,447,79,79,79,117,142,142,167,167,167,292,292,311,330,349,99,99,137,137,156,156,156,156,175,25,44,44,44],"floor_reached":51,"campfire_rested":6,"playtime":1635,"current_hp_per_floor":[74,54,54,54,29,53,40,46,52,47,47,47,74,59,86,36,98,94,94,82,82,71,61,61,61,67,67,73,73,79,79,86,66,92,68,34,37,37,80,64,70,32,38,66,54,60,60,63,92,13],"items_purged":[],"gold":44,"score":986,"play_id":"4f0105df-88ee-4af5-8da8-1151bd3be799","local_time":"20180324170201","daily_mods":["Allstar","Cursed Run","Insanity"],"is_prod":false,"is_daily":true,"is_ascension_mode":false,"campfire_upgraded":0,"timestamp":1521874921,"path_taken":["M","?","M","M","M","R","?","?","T","?","$","?","R","M","R","BOSS","M","M","M","?","M","E","?","?","T","E","?","$","?","?","R","BOSS","M","M","M","$","?","E","?","?","T","R","?","M","$","M","R","BOSS"],"build_version":"2018-03-22v2","purchased_purges":0,"victory":true,"master_deck":["Impervious","Power Through","Warcry","Warcry","Flame Barrier","Sever Soul","Headbutt","Shrug It Off","Flame Barrier","Impervious","Entrench","Pommel Strike","Clash","Sentinel","Rampage","Corruption","Infernal Blade+1","Clothesline","Seeing Red","Twin Strike","Second Wind","Iron Wave","Brutality","Bash","Disarm","Flame Barrier","Sever Soul","Uppercut","Bloodletting","Dual Wield","Searing Blow","Shockwave","Headbutt","Double Tap","Wild Strike","Headbutt","Rage+1","Armaments","Shockwave","Anger","Sever Soul","Flex","Power Through","Corruption","Rampage","Bludgeon","Headbutt","Uppercut","True Grit","Blind","Transmutation","Whirlwind","Perfected Strike","Flex","Fiend Fire","Cleave","Doubt","Doubt","Flex","Pummel","Clumsy","Offering","Armaments+1","Perfected Strike","Fire Breathing+1","Flame Barrier","Burning Pact","True Grit+1","Apotheosis+1","Demon Form","Writhe","Carnage","Demon Form","Injury","Flex","Regret","Heavy Blade","Bite","Bite","Bite","Bite","Bite","Decay","Demon Form","Feel No Pain+1","Rupture","Armaments+1","Injury","Decay","Battle Trance+1","Madness","Madness","Cleave+1","Parasite"],"max_hp_per_floor":[80,80,80,80,80,80,80,86,92,92,92,92,92,92,92,98,98,98,98,98,98,98,98,98,98,104,111,117,117,123,86,86,92,92,92,92,92,92,80,82,88,90,96,96,96,98,98,98,98,104],"relics":["Cursed Key","Darkstone Periapt","Du-Vu Doll","Golden Idol","Letter Opener","Pen Nib","Prayer Wheel","Snecko Eye","Tiny Chest","War Paint","Strawberry","Orichalcum","Juzu Bracelet","Black Star","Bottled Lightning","Oddly Smooth Stone","Singing Bowl","Gambling Chip","Thread and Needle","Bag of Preparation"],"card_choices":[{"not_picked":["Rupture","Sever Soul"],"picked":"Whirlwind","floor":1},{"not_picked":["Havoc","Sword Boomerang"],"picked":"Perfected Strike","floor":3},{"not_picked":["Second Wind","Headbutt"],"picked":"Flex","floor":4},{"not_picked":["Clash","Feel No Pain"],"picked":"Fiend Fire","floor":5},{"not_picked":["Headbutt","Body Slam"],"picked":"Cleave","floor":7},{"not_picked":["Ghostly Armor","Headbutt"],"picked":"Flex","floor":10},{"not_picked":["Clash","Dropkick"],"picked":"Pummel","floor":14},{"not_picked":["Berserk","Barricade"],"picked":"Offering","floor":16},{"not_picked":["Iron Wave","Hemokinesis"],"picked":"Armaments","floor":18},{"not_picked":["Anger","Infernal Blade"],"picked":"Perfected Strike","floor":19},{"not_picked":["Blood for Blood","Searing Blow"],"picked":"Fire Breathing","floor":20},{"not_picked":["Pommel Strike","True Grit"],"picked":"Burning Pact","floor":22},{"not_picked":["Feel No Pain","Rampage"],"picked":"True Grit","floor":23},{"not_picked":["Reckless Charge","Shrug It Off"],"picked":"Carnage","floor":26},{"not_picked":["Armaments","Fire Breathing"],"picked":"Demon Form","floor":27},{"not_picked":["Clash","Body Slam"],"picked":"Flex","floor":28},{"not_picked":["Power Through","Second Wind"],"picked":"Heavy Blade","floor":30},{"not_picked":["Juggernaut","Feed"],"picked":"Demon Form","floor":33},{"not_picked":["Flex","Heavy Blade"],"picked":"Feel No Pain","floor":35},{"not_picked":["Second Wind","Body Slam"],"picked":"Rupture","floor":36},{"not_picked":["Hemokinesis","Warcry"],"picked":"Armaments","floor":37},{"not_picked":["Twin Strike","Feed"],"picked":"Battle Trance","floor":43},{"not_picked":["Infernal Blade","Spot Weakness"],"picked":"Cleave","floor":48}],"player_experience":269249,"potions_floor_usage":[16,16,27,33,33,33,50,50,50],"damage_taken":[{"damage":6,"enemies":"Jaw Worm","floor":1,"turns":2},{"damage":0,"enemies":"2 Louse","floor":3,"turns":1},{"damage":0,"enemies":"Small Slimes","floor":4,"turns":2},{"damage":25,"enemies":"Gremlin Gang","floor":5,"turns":4},{"damage":13,"enemies":"3 Louse","floor":7,"turns":2},{"damage":5,"enemies":"Exordium Wildlife","floor":10,"turns":3},{"damage":15,"enemies":"Lots of Slimes","floor":14,"turns":3},{"damage":62,"enemies":"The Guardian","floor":16,"turns":7},{"damage":4,"enemies":"2 Thieves","floor":18,"turns":1},{"damage":0,"enemies":"Spheric Guardian","floor":19,"turns":3},{"damage":12,"enemies":"Slaver and Parasite","floor":20,"turns":3},{"damage":15,"enemies":"Snecko","floor":22,"turns":3},{"damage":10,"enemies":"Book of Stabbing","floor":23,"turns":4},{"damage":7,"enemies":"Slavers","floor":27,"turns":3},{"damage":34,"enemies":"Champ","floor":33,"turns":8},{"damage":24,"enemies":"3 Shapes","floor":35,"turns":1},{"damage":34,"enemies":"3 Darklings","floor":36,"turns":3},{"damage":4,"enemies":"Maw","floor":37,"turns":6},{"damage":21,"enemies":"2 Orb Walkers","floor":40,"turns":4},{"damage":43,"enemies":"Mysterious Sphere","floor":42,"turns":4},{"damage":0,"enemies":"Sphere and 2 Shapes","floor":46,"turns":1},{"damage":0,"enemies":"3 Darklings","floor":48,"turns":2},{"damage":91,"enemies":"Time Eater","floor":50,"turns":9}],"event_choices":[{"event_name":"Golden Idol","player_choice":"Take Damage","floor":2,"damage_taken":0},{"event_name":"Liars Game","player_choice":"agreed","floor":8,"damage_taken":0},{"event_name":"Purifier","player_choice":"One Purge","floor":12,"damage_taken":0},{"event_name":"The Library","player_choice":"Read","floor":21,"damage_taken":0},{"event_name":"The Lab","player_choice":"Got Potions","floor":25,"damage_taken":0},{"event_name":"Vampires","player_choice":"Became a vampire","floor":31,"damage_taken":0},{"event_name":"The Moai Head","player_choice":"Heal","floor":39,"damage_taken":0},{"event_name":"Accursed Blacksmith","player_choice":"Forge","floor":41,"damage_taken":0},{"event_name":"Mysterious Sphere","player_choice":"Fight","floor":42,"damage_taken":0},{"event_name":"Winding Halls","player_choice":"Embrace Madness","floor":45,"damage_taken":0}],"boss_relics":[{"not_picked":["Runic Cube","Philosopher\u0027s Stone"],"picked":"Snecko Eye"},{"not_picked":["Runic Pyramid","Sozu"],"picked":"Black Star"}],"potions_floor_spawned":[3,5,7,14,20,23,27,33,35,42,48],"seed_played":"-8935585720801490496","ascension_level":0,"is_trial":false}