{"gold_per_floor":[109,184,184,201,220,220,255,255,255,273,300,312,329,19,19,19],"floor_reached":16,"playtime":1045,"items_purged":["Corruption"],"score":112,"play_id":"3798fa98-edde-4288-a9e7-0beb50cf2d07","local_time":"20180917175925","is_ascension_mode":false,"campfire_choices":[{"floor":6,"key":"REST"},{"floor":8,"key":"REST"},{"floor":15,"key":"REST"}],"neow_cost":"NONE","seed_source_timestamp":302700441639600,"circlet_count":0,"master_deck":["Strike_R","Strike_R","Strike_R","Strike_R","Strike_R","Defend_R","Defend_R","Defend_R","Defend_R","Bash","Whirlwind","Blood for Blood","Rupture","Cleave","Clash","Offering","Flex","Rampage","Violence","Metallicize"],"relics":["Burning Blood","Dream Catcher","Pocketwatch","Question Card","Girya"],"potions_floor_usage":[7,13,16],"damage_taken":[{"damage":15,"enemies":"Jaw Worm","floor":1,"turns":4},{"damage":0,"enemies":"Small Slimes","floor":4,"turns":2},{"damage":7,"enemies":"2 Louse","floor":5,"turns":2},{"damage":27,"enemies":"Gremlin Nob","floor":7,"turns":4},{"damage":6,"enemies":"Exordium Wildlife","floor":10,"turns":3},{"damage":46,"enemies":"Lagavulin","floor":11,"turns":7},{"damage":29,"enemies":"Exordium Thugs","floor":12,"turns":5},{"damage":10,"enemies":"Red Slaver","floor":13,"turns":3},{"damage":44,"enemies":"The Guardian","floor":16,"turns":7}],"seed_played":"7790142738295115934","potions_obtained":[{"floor":4,"key":"Fire Potion"},{"floor":5,"key":"GamblersBrew"},{"floor":11,"key":"SkillPotion"},{"floor":12,"key":"Energy Potion"}],"is_trial":false,"path_per_floor":["M","?","?","M","M","R","E","R","T","M","E","M","M","$","R"],"character_chosen":"IRONCLAD","items_purchased":["Violence","Fire Potion"],"campfire_rested":3,"item_purchase_floors":[14,14],"current_hp_per_floor":[71,60,65,71,70,85,64,85,85,85,45,22,18,18,43,0],"gold":19,"neow_bonus":"RANDOM_COMMON_RELIC","is_prod":false,"is_daily":false,"chose_seed":false,"campfire_upgraded":0,"win_rate":0.0,"timestamp":1537225165,"path_taken":["M","?","?","M","M","R","E","R","T","?","E","M","?","$","R","BOSS"],"build_version":"2018-09-06","purchased_purges":1,"victory":false,"max_hp_per_floor":[80,80,85,85,85,85,85,85,85,85,85,85,85,85,85,85],"card_choices":[{"not_picked":["Twin Strike","Shrug It Off"],"picked":"Whirlwind","floor":1},{"not_picked":["Fire Breathing","Bloodletting"],"picked":"Blood for Blood","floor":4},{"not_picked":["Flex","Sever Soul","Twin Strike"],"picked":"SKIP","floor":5},{"not_picked":["Thunderclap","Spot Weakness"],"picked":"Rupture","floor":6},{"not_picked":["Entrench","Perfected Strike"],"picked":"Corruption","floor":7},{"not_picked":["Armaments","Spot Weakness"],"picked":"Cleave","floor":8},{"not_picked":["Burning Pact","Spot Weakness","Metallicize"],"picked":"Clash","floor":10},{"not_picked":["Perfected Strike","Dual Wield","Warcry"],"picked":"Offering","floor":11},{"not_picked":["Cleave","Thunderclap","True Grit"],"picked":"Flex","floor":12},{"not_picked":["Twin Strike","Heavy Blade","Battle Trance"],"picked":"Rampage","floor":13},{"not_picked":["Armaments","Clothesline","Second Wind"],"picked":"Metallicize","floor":15}],"player_experience":22027,"relics_obtained":[{"floor":7,"key":"Pocketwatch"},{"floor":9,"key":"Question Card"},{"floor":11,"key":"Girya"}],"event_choices":[{"event_name":"World of Goop","player_choice":"Gather Gold","floor":2,"damage_taken":0},{"event_name":"Big Fish","player_choice":"Donut","floor":3,"damage_taken":0}],"is_beta":false,"boss_relics":[],"items_purged_floors":[14],"is_endless":false,"potions_floor_spawned":[4,5,11,12],"killed_by":"The Guardian","ascension_level":0}