{"gold_per_floor":[111,111,35,50,50,80,99,99,99,112,112,122,157,168,168,267,267,284,284,384,402,402,402,431,431,431,530,149,168,182,212,212,313,313,327,377,377,377,47,47,82,82,82,116,16,49,65,65,65,65,65,65,16,48,48],"floor_reached":56,"playtime":3702,"items_purged":[],"score":1946,"play_id":"fa197c64-6490-4a65-a5be-eb2c6f83969f","local_time":"20190128233742","is_ascension_mode":true,"campfire_choices":[{"data":"Bouncing Flask","floor":11,"key":"SMITH"},{"data":"Catalyst","floor":15,"key":"SMITH"},{"data":"Venomology","floor":23,"key":"SMITH"},{"data":"Blur","floor":25,"key":"SMITH"},{"data":"Well Laid Plans","floor":32,"key":"SMITH"},{"data":"A Thousand Cuts","floor":40,"key":"SMITH"},{"data":"Mayhem","floor":42,"key":"SMITH"},{"floor":49,"key":"RECALL"},{"data":"Panache","floor":52,"key":"SMITH"}],"neow_cost":"NONE","seed_source_timestamp":13269058526182,"circlet_count":0,"master_deck":["AscendersBane","Defend_G+1","Defend_G+1","Defend_G+1","Defend_G+1","Defend_G+1","Survivor","Neutralize","Dodge and Roll+1","Bouncing Flask+1","Dodge and Roll","Well Laid Plans+1","Dagger Spray","Tactician","Catalyst+1","PiercingWail","Blur+1","Bane","Venomology+1","Slice","Bite","Bite","Bite","Bite","Bite","Underhanded Strike+1","Crippling Poison","Crippling Poison","Dodge and Roll","Poisoned Stab","A Thousand Cuts+1","Poisoned Stab","Escape Plan","Mayhem+1","Madness","Madness","Panache+1","Regret","Well Laid Plans+1","Infinite Blades+1"],"relics":["Ring of the Snake","NeowsBlessing","Torii","Gambling Chip","Potion Belt","Busted Crown","Ginger","Bottled Tornado","Happy Flower","Mercury Hourglass","Dead Branch","Strawberry","Cursed Key","Incense Burner","PreservedInsect","Shuriken","Snake Skull","Pear","StoneCalendar"],"potions_floor_usage":[13,16,20,20,20,20,20,20,20,21,24,24,29,31,31,33,33,33,33,41,44,50,50,50,54,54,55,55],"damage_taken":[{"damage":0,"enemies":"Small Slimes","floor":1,"turns":1},{"damage":0,"enemies":"Cultist","floor":4,"turns":1},{"damage":0,"enemies":"Gremlin Nob","floor":6,"turns":1},{"damage":1,"enemies":"Jaw Worm","floor":7,"turns":4},{"damage":0,"enemies":"Looter","floor":10,"turns":3},{"damage":1,"enemies":"Blue Slaver","floor":12,"turns":4},{"damage":22,"enemies":"3 Sentries","floor":13,"turns":9},{"damage":1,"enemies":"Exordium Thugs","floor":14,"turns":4},{"damage":7,"enemies":"Hexaghost","floor":16,"turns":9},{"damage":12,"enemies":"Spheric Guardian","floor":18,"turns":4},{"damage":0,"enemies":"Colosseum Slavers","floor":20,"turns":4},{"damage":60,"enemies":"Colosseum Nobs","floor":20,"turns":7},{"damage":1,"enemies":"3 Byrds","floor":21,"turns":6},{"damage":11,"enemies":"Book of Stabbing","floor":24,"turns":5},{"damage":0,"enemies":"Sentry and Sphere","floor":29,"turns":4},{"damage":0,"enemies":"Chosen and Byrds","floor":30,"turns":5},{"damage":7,"enemies":"Slavers","floor":31,"turns":4},{"damage":2,"enemies":"Automaton","floor":33,"turns":5},{"damage":0,"enemies":"3 Darklings","floor":35,"turns":4},{"damage":3,"enemies":"2 Orb Walkers","floor":36,"turns":3},{"damage":12,"enemies":"Reptomancer","floor":41,"turns":2},{"damage":1,"enemies":"Giant Head","floor":44,"turns":5},{"damage":27,"enemies":"Reptomancer","floor":46,"turns":5},{"damage":1,"enemies":"Orb Walker","floor":47,"turns":3},{"damage":25,"enemies":"Donu and Deca","floor":50,"turns":7},{"damage":26,"enemies":"Shield and Spear","floor":54,"turns":5},{"damage":35,"enemies":"The Heart","floor":55,"turns":8}],"seed_played":"-2776776770184718112","potions_obtained":[{"floor":4,"key":"Energy Potion"},{"floor":6,"key":"Explosive Potion"},{"floor":7,"key":"PowerPotion"},{"floor":13,"key":"PowerPotion"},{"floor":18,"key":"EntropicBrew"},{"floor":24,"key":"Swift Potion"},{"floor":29,"key":"FearPotion"},{"floor":30,"key":"Explosive Potion"},{"floor":31,"key":"SkillPotion"},{"floor":35,"key":"Strength Potion"},{"floor":41,"key":"Regen Potion"}],"is_trial":false,"path_per_floor":["M","?","$","M","$","E","M","?","T","M","R","M","E","M","R","B",null,"M","?","?","M","?","R","E","R","T","?","$","M","M","E","R","B",null,"M","?","?","?","$","R","E","R","T","E","$","E","M","$","R","B",null,"R","$","E","B",null],"character_chosen":"THE_SILENT","items_purchased":["Bouncing Flask","Dead Branch","Crippling Poison","Panache","PreservedInsect","FairyPotion","SpeedPotion"],"campfire_rested":0,"item_purchase_floors":[3,28,28,39,39,45,53],"current_hp_per_floor":[63,63,63,63,63,63,62,62,62,62,62,61,39,38,38,31,60,48,48,10,21,21,21,16,16,16,16,16,22,30,32,32,36,51,56,55,55,48,48,48,38,38,38,56,56,41,44,44,44,29,57,57,57,39,14],"gold":48,"neow_bonus":"THREE_ENEMY_KILL","is_prod":false,"is_daily":false,"chose_seed":false,"campfire_upgraded":8,"win_rate":0,"timestamp":1548740262,"path_taken":["M","?","?","M","?","E","M","?","T","?","R","M","E","M","R","BOSS","M","?","?","M","?","R","E","R","T","?","$","M","M","E","R","BOSS","M","?","?","?","$","R","E","R","T","E","?","E","M","$","R","BOSS","R","$","E","BOSS"],"build_version":"2019-01-23","purchased_purges":0,"victory":true,"max_hp_per_floor":[70,70,70,70,70,70,70,70,70,70,70,70,70,70,70,70,70,70,49,49,49,49,49,49,49,49,49,49,49,49,56,56,56,56,56,56,56,56,56,56,56,56,56,56,56,66,66,66,66,66,66,66,66,66,66],"card_choices":[{"not_picked":["Quick Slash","Slice"],"picked":"Dodge and Roll","floor":1},{"not_picked":["Bane","Caltrops"],"picked":"Dodge and Roll","floor":4},{"not_picked":["Prepared","Infinite Blades"],"picked":"Well Laid Plans","floor":6},{"not_picked":["Quick Slash","Prepared"],"picked":"Dagger Spray","floor":7},{"not_picked":["Dagger Throw","Distraction"],"picked":"Catalyst","floor":10},{"not_picked":["Slice","Bane"],"picked":"PiercingWail","floor":12},{"not_picked":["Caltrops","Phantasmal Killer"],"picked":"Blur","floor":13},{"not_picked":["PiercingWail","Eviscerate"],"picked":"Bane","floor":14},{"not_picked":["Doppelganger","Unload"],"picked":"Venomology","floor":16},{"not_picked":[],"picked":"Slice","floor":18},{"not_picked":[],"picked":"Underhanded Strike+1","floor":20},{"not_picked":[],"picked":"Crippling Poison","floor":21},{"not_picked":["Outmaneuver"],"picked":"SKIP","floor":24},{"not_picked":[],"picked":"Dodge and Roll","floor":29},{"not_picked":[],"picked":"Poisoned Stab","floor":30},{"not_picked":["Grand Finale"],"picked":"SKIP","floor":31},{"not_picked":[],"picked":"A Thousand Cuts","floor":33},{"not_picked":[],"picked":"Poisoned Stab","floor":35},{"not_picked":[],"picked":"Escape Plan","floor":36},{"not_picked":[],"picked":"Mayhem","floor":37},{"not_picked":["Outmaneuver+1"],"picked":"SKIP","floor":41},{"not_picked":[],"picked":"Well Laid Plans+1","floor":44},{"not_picked":["Setup"],"picked":"SKIP","floor":46},{"not_picked":[],"picked":"Infinite Blades+1","floor":47},{"not_picked":["Skewer"],"picked":"SKIP","floor":54}],"player_experience":499781,"relics_obtained":[{"floor":6,"key":"Torii"},{"floor":9,"key":"Gambling Chip"},{"floor":13,"key":"Potion Belt"},{"floor":20,"key":"Ginger"},{"floor":20,"key":"Bottled Tornado"},{"floor":24,"key":"Happy Flower"},{"floor":26,"key":"Mercury Hourglass"},{"floor":31,"key":"Strawberry"},{"floor":36,"key":"Incense Burner"},{"floor":41,"key":"Shuriken"},{"floor":44,"key":"Snake Skull"},{"floor":46,"key":"Pear"},{"floor":54,"key":"StoneCalendar"}],"event_choices":[{"damage_healed":0,"gold_gain":0,"player_choice":"Upgraded","damage_taken":0,"max_hp_gain":0,"max_hp_loss":0,"event_name":"Upgrade Shrine","floor":2,"gold_loss":0,"cards_upgraded":["Dodge and Roll"]},{"damage_healed":0,"gold_gain":0,"cards_transformed":["Strike_G"],"player_choice":"Change","damage_taken":0,"max_hp_gain":0,"max_hp_loss":0,"event_name":"Living Wall","floor":8,"gold_loss":0,"cards_obtained":["Tactician"]},{"damage_healed":0,"gold_gain":0,"player_choice":"Became a vampire","damage_taken":0,"max_hp_gain":0,"max_hp_loss":21,"event_name":"Vampires","floor":19,"gold_loss":0,"cards_obtained":["Bite","Bite","Bite","Bite","Bite"]},{"damage_healed":0,"gold_gain":0,"player_choice":"Fight","damage_taken":0,"max_hp_gain":0,"max_hp_loss":0,"event_name":"Colosseum","floor":20,"gold_loss":0},{"damage_healed":0,"gold_gain":0,"player_choice":"Fought Nobs","damage_taken":0,"max_hp_gain":0,"max_hp_loss":0,"event_name":"Colosseum","floor":20,"gold_loss":0},{"damage_healed":0,"gold_gain":0,"player_choice":"Simplicity","damage_taken":0,"max_hp_gain":0,"max_hp_loss":0,"event_name":"Back to Basics","floor":22,"gold_loss":0,"cards_upgraded":["Defend_G","Defend_G","Defend_G","Defend_G","Defend_G"]},{"damage_healed":0,"gold_gain":99,"player_choice":"Stole From Cult","damage_taken":0,"max_hp_gain":0,"max_hp_loss":0,"event_name":"Nest","floor":27,"gold_loss":0},{"damage_healed":0,"gold_gain":0,"player_choice":"Fight","damage_taken":0,"max_hp_gain":0,"max_hp_loss":0,"event_name":"Mysterious Sphere","floor":36,"gold_loss":0},{"damage_healed":0,"gold_gain":0,"player_choice":"Memory 1","damage_taken":0,"max_hp_gain":0,"max_hp_loss":0,"event_name":"SensoryStone","floor":37,"gold_loss":0},{"damage_healed":0,"gold_gain":0,"player_choice":"Embrace Madness","damage_taken":7,"max_hp_gain":0,"max_hp_loss":0,"event_name":"Winding Halls","floor":38,"gold_loss":0,"cards_obtained":["Madness","Madness"]}],"is_beta":false,"boss_relics":[{"not_picked":["Runic Pyramid","Astrolabe"],"picked":"Busted Crown"},{"not_picked":["Velvet Choker","Runic Dome"],"picked":"Cursed Key"}],"items_purged_floors":[],"is_endless":false,"potions_floor_spawned":[4,6,7,13,18,24,29,30,31,35,41,47],"ascension_level":12}