{"gold_per_floor":[111,211,227,227,247,247,422,434,461,478,490,490,516,516],"floor_reached":14,"playtime":829,"items_purged":[],"score":147,"play_id":"814ea0c5-2c61-4a8a-82f6-e9c9a0ab38a5","local_time":"20180925075927","is_ascension_mode":true,"campfire_choices":[{"data":"Clothesline","floor":6,"key":"SMITH"},{"floor":12,"key":"REST"}],"neow_cost":"NONE","seed_source_timestamp":951485046631579,"circlet_count":0,"master_deck":["Strike_R","Strike_R","Strike_R","Strike_R","Strike_R","Defend_R","Defend_R","Defend_R","Defend_R","Bash","AscendersBane","True Grit+1","Feel No Pain","Clothesline+1","Shrug It Off","Doubt","Warcry","Inflame","Cleave"],"relics":["Burning Blood","Oddly Smooth Stone","Regal Pillow"],"potions_floor_usage":[11,13],"damage_taken":[{"damage":4,"enemies":"Jaw Worm","floor":1,"turns":5},{"damage":15,"enemies":"Cultist","floor":3,"turns":5},{"damage":7,"enemies":"Small Slimes","floor":5,"turns":4},{"damage":17,"enemies":"3 Louse","floor":8,"turns":7},{"damage":35,"enemies":"Large Slime","floor":10,"turns":13},{"damage":14,"enemies":"2 Fungi Beasts","floor":11,"turns":4},{"damage":27,"enemies":"Lagavulin","floor":13,"turns":7},{"damage":19,"enemies":"Lots of Slimes","floor":14,"turns":2}],"seed_played":"2729113891026775757","potions_obtained":[{"floor":1,"key":"SkillPotion"},{"floor":5,"key":"Strength Potion"},{"floor":13,"key":"Weak Potion"}],"is_trial":false,"path_per_floor":["M","?","M","?","M","R","?","M","T","M","M","R","E"],"character_chosen":"IRONCLAD","items_purchased":[],"campfire_rested":1,"item_purchase_floors":[],"current_hp_per_floor":[74,74,65,65,64,64,64,53,53,24,16,40,19,0],"gold":516,"neow_bonus":"THREE_CARDS","is_prod":false,"is_daily":false,"chose_seed":false,"campfire_upgraded":1,"win_rate":0,"timestamp":1537887567,"path_taken":["M","?","M","?","M","R","?","M","T","M","?","R","E","M"],"build_version":"2018-09-20","purchased_purges":0,"victory":false,"max_hp_per_floor":[80,80,80,80,80,80,80,80,80,80,80,80,80,80],"card_choices":[{"not_picked":["Perfected Strike","Heavy Blade"],"picked":"True Grit","floor":0},{"not_picked":["Heavy Blade","Hemokinesis"],"picked":"Feel No Pain","floor":1},{"not_picked":["Body Slam","Anger"],"picked":"Clothesline","floor":3},{"not_picked":["Body Slam","Double Tap"],"picked":"Shrug It Off","floor":5},{"not_picked":["Reckless Charge","Body Slam"],"picked":"Warcry","floor":8},{"not_picked":["Sentinel","Havoc"],"picked":"Inflame","floor":10},{"not_picked":["Sentinel","Iron Wave"],"picked":"Cleave","floor":11},{"not_picked":["Body Slam","Fire Breathing","Searing Blow"],"picked":"SKIP","floor":13}],"player_experience":1075614,"relics_obtained":[{"floor":9,"key":"Oddly Smooth Stone"},{"floor":13,"key":"Regal Pillow"}],"event_choices":[{"event_name":"Wheel of Change","player_choice":"Gold","floor":2,"damage_taken":0},{"event_name":"Living Wall","player_choice":"Grow","floor":4,"damage_taken":0},{"event_name":"Liars Game","player_choice":"agreed","floor":7,"damage_taken":0}],"is_beta":false,"boss_relics":[],"items_purged_floors":[],"is_endless":false,"potions_floor_spawned":[1,5,13],"killed_by":"Lots of Slimes","ascension_level":12}