{"gold_per_floor":[119,119,129,140,153,153,164,197,270,235,235,86,86,96,96,197,197,209,59,158,176,156,156,168,168,244,278,278,298,298,309,309,407,407,418,438,41,54,67,67,67,100,152,171,171,188,202,77,77,77],"floor_reached":51,"playtime":2329,"items_purged":["Defend_R","Defend_R","Strike_R"],"score":895,"play_id":"67f53973-cf89-417c-bbee-52c7a1c7e479","local_time":"20190206233644","is_ascension_mode":true,"campfire_choices":[{"data":"Bash","floor":6,"key":"SMITH"},{"data":"True Grit","floor":11,"key":"SMITH"},{"data":"Spot Weakness","floor":13,"key":"SMITH"},{"data":"Shockwave","floor":15,"key":"SMITH"},{"data":"Limit Break","floor":23,"key":"SMITH"},{"floor":25,"key":"REST"},{"data":"Heavy Blade","floor":30,"key":"SMITH"},{"floor":32,"key":"REST"},{"data":"Limit Break","floor":40,"key":"SMITH"},{"floor":45,"key":"REST"},{"floor":49,"key":"REST"}],"neow_cost":"NONE","seed_source_timestamp":2276681606479326,"circlet_count":0,"master_deck":["Strike_R+1","Strike_R","Strike_R","Strike_R","Defend_R","Bash+1","Pommel Strike","Clothesline","Cleave","True Grit+1","Demon Form+1","Spot Weakness+1","Shockwave+1","Limit Break+1","Shrug It Off","Double Tap","Anger+1","Anger+1","Heavy Blade+1","Limit Break+1","Heavy Blade+1","Impervious","Heavy Blade+1","Offering"],"relics":["Burning Blood","Frozen Egg 2","Dodecahedron","Snecko Eye","Tiny Chest","FossilizedHelix","Whetstone","Sozu","Bag of Preparation","Oddly Smooth Stone","Pen Nib"],"potions_floor_usage":[2,5,7,7,8,16,16,27,27,44,44],"damage_taken":[{"damage":10,"enemies":"Small Slimes","floor":1,"turns":4},{"damage":1,"enemies":"Cultist","floor":3,"turns":3},{"damage":4,"enemies":"Jaw Worm","floor":4,"turns":3},{"damage":23,"enemies":"Exordium Wildlife","floor":5,"turns":6},{"damage":19,"enemies":"Lots of Slimes","floor":7,"turns":5},{"damage":26,"enemies":"3 Sentries","floor":8,"turns":7},{"damage":17,"enemies":"Large Slime","floor":14,"turns":5},{"damage":23,"enemies":"Hexaghost","floor":16,"turns":7},{"damage":26,"enemies":"2 Thieves","floor":18,"turns":4},{"damage":7,"enemies":"Spheric Guardian","floor":21,"turns":4},{"damage":26,"enemies":"Centurion and Healer","floor":24,"turns":6},{"damage":18,"enemies":"Book of Stabbing","floor":27,"turns":4},{"damage":2,"enemies":"Snecko","floor":29,"turns":4},{"damage":20,"enemies":"3 Cultists","floor":31,"turns":5},{"damage":20,"enemies":"Champ","floor":33,"turns":7},{"damage":22,"enemies":"3 Darklings","floor":35,"turns":4},{"damage":0,"enemies":"3 Shapes","floor":36,"turns":5},{"damage":0,"enemies":"Spire Growth","floor":38,"turns":3},{"damage":0,"enemies":"Sphere and 2 Shapes","floor":39,"turns":3},{"damage":63,"enemies":"Nemesis","floor":42,"turns":7},{"damage":0,"enemies":"Jaw Worm Horde","floor":44,"turns":3},{"damage":0,"enemies":"Writhing Mass","floor":46,"turns":1},{"damage":9,"enemies":"Sphere and 2 Shapes","floor":47,"turns":4},{"damage":46,"enemies":"Awakened One","floor":50,"turns":5}],"seed_played":"-1445432126065021588","potions_obtained":[{"floor":0,"key":"Block Potion"},{"floor":0,"key":"Explosive Potion"},{"floor":0,"key":"EntropicBrew"},{"floor":2,"key":"Fruit Juice"},{"floor":2,"key":"Poison Potion"},{"floor":4,"key":"Regen Potion"},{"floor":16,"key":"EssenceOfSteel"},{"floor":21,"key":"AttackPotion"},{"floor":22,"key":"Poison Potion"},{"floor":29,"key":"Fire Potion"}],"is_trial":false,"path_per_floor":["M","?","M","M","M","R","M","E","T","?","R","$","R","M","R","B",null,"M","$","?","M","?","R","M","R","T","E","T","M","R","M","R","B",null,"M","M","$","M","M","R","?","E","T","M","R","M","M","$","R","B",null],"character_chosen":"IRONCLAD","items_purchased":["Spot Weakness","Double Tap","Bag of Preparation","Impervious"],"campfire_rested":4,"item_purchase_floors":[12,19,37,37],"current_hp_per_floor":[76,81,85,85,68,68,69,49,49,70,70,70,70,59,59,57,78,58,58,58,57,57,57,37,62,62,50,50,54,54,40,65,51,77,61,67,67,73,79,79,79,22,22,28,53,59,56,56,81,41],"gold":77,"neow_bonus":"THREE_SMALL_POTIONS","is_prod":false,"is_daily":false,"chose_seed":false,"campfire_upgraded":7,"win_rate":0,"timestamp":1549456604,"path_taken":["M","?","M","?","M","R","M","E","T","?","R","?","R","M","R","BOSS","M","?","?","M","?","R","?","R","T","E","?","M","R","M","R","BOSS","M","M","$","M","M","R","?","E","T","M","R","M","M","$","R","BOSS"],"build_version":"2019-01-23","purchased_purges":3,"victory":true,"max_hp_per_floor":[80,85,85,85,85,85,85,85,85,85,85,85,85,85,85,85,85,85,85,85,85,85,85,85,85,85,85,85,85,85,85,85,85,85,85,85,85,85,85,85,85,85,85,85,85,85,85,85,85,85],"card_choices":[{"not_picked":["Clash","Shrug It Off"],"picked":"Pommel Strike","floor":1},{"not_picked":["Fire Breathing","Metallicize"],"picked":"Clothesline","floor":3},{"not_picked":["Inflame","Headbutt","Perfected Strike"],"picked":"SKIP","floor":4},{"not_picked":["Battle Trance","Pommel Strike"],"picked":"Cleave","floor":5},{"not_picked":["Body Slam","Flex"],"picked":"True Grit","floor":7},{"not_picked":["Perfected Strike","Shrug It Off"],"picked":"Demon Form","floor":8},{"not_picked":["Twin Strike","Dropkick"],"picked":"Shockwave","floor":14},{"not_picked":["Impervious","Offering"],"picked":"Limit Break","floor":16},{"not_picked":["Burning Pact+1","Flex"],"picked":"Shrug It Off","floor":18},{"not_picked":["Second Wind+1","Carnage"],"picked":"Anger+1","floor":21},{"not_picked":["Infernal Blade","Clothesline","Perfected Strike"],"picked":"SKIP","floor":24},{"not_picked":["Rupture+1","Rampage"],"picked":"Anger","floor":27},{"not_picked":["Iron Wave","Carnage+1"],"picked":"Heavy Blade","floor":29},{"not_picked":["Body Slam","Wild Strike+1","Armaments"],"picked":"SKIP","floor":31},{"not_picked":["Dark Embrace+1","Barricade+1"],"picked":"Limit Break","floor":33},{"not_picked":["Shrug It Off","Perfected Strike+1"],"picked":"Heavy Blade+1","floor":35},{"not_picked":["Clash","Pommel Strike","Hemokinesis+1"],"picked":"SKIP","floor":36},{"not_picked":["Havoc+1","Inflame+1"],"picked":"Heavy Blade+1","floor":38},{"not_picked":["Havoc","Headbutt","Perfected Strike"],"picked":"SKIP","floor":39},{"not_picked":["Flex+1","Body Slam"],"picked":"Offering","floor":42},{"not_picked":["Wild Strike","Second Wind+1","Entrench"],"picked":"SKIP","floor":44},{"not_picked":["Armaments+1","Burning Pact+1","Clash"],"picked":"SKIP","floor":46},{"not_picked":["Body Slam+1","Cleave+1","Pommel Strike+1"],"picked":"SKIP","floor":47}],"player_experience":281790,"relics_obtained":[{"floor":8,"key":"Frozen Egg 2"},{"floor":9,"key":"Dodecahedron"},{"floor":26,"key":"Tiny Chest"},{"floor":27,"key":"FossilizedHelix"},{"floor":28,"key":"Whetstone"},{"floor":42,"key":"Oddly Smooth Stone"},{"floor":43,"key":"Pen Nib"}],"event_choices":[{"damage_healed":0,"gold_gain":0,"player_choice":"Got Potions","damage_taken":0,"max_hp_gain":0,"max_hp_loss":0,"event_name":"Lab","floor":2,"gold_loss":0},{"damage_healed":21,"gold_gain":0,"player_choice":"Healed","damage_taken":0,"max_hp_gain":0,"max_hp_loss":0,"event_name":"The Cleric","floor":10,"gold_loss":35},{"damage_healed":0,"gold_gain":99,"player_choice":"Stole From Cult","damage_taken":0,"max_hp_gain":0,"max_hp_loss":0,"event_name":"Nest","floor":20,"gold_loss":0},{"damage_healed":0,"gold_gain":0,"player_choice":"Bought 1 Potion","damage_taken":0,"max_hp_gain":0,"max_hp_loss":0,"event_name":"The Woman in Blue","floor":22,"gold_loss":0},{"cards_removed":["Defend_R"],"damage_healed":0,"gold_gain":0,"player_choice":"Removed Skill","damage_taken":0,"max_hp_gain":0,"max_hp_loss":0,"event_name":"Falling","floor":41,"gold_loss":0}],"is_beta":false,"boss_relics":[{"not_picked":["Velvet Choker","Calling Bell"],"picked":"Snecko Eye"},{"not_picked":["Black Star","Runic Cube"],"picked":"Sozu"}],"items_purged_floors":[12,37,48],"is_endless":false,"potions_floor_spawned":[1,4,16,21,24,29,35,39,44,47],"ascension_level":5}