{"gold_per_floor":[361,361,311,330,44,44,59,59,85,114,130,143,70,70,70,166,166,177,52,52,52,70,102,102,102,128,128,128,142,159,174,174,174],"floor_reached":33,"playtime":1991,"items_purged":["Strike_R","Strike_R","Strike_R"],"score":331,"play_id":"46db5a0c-9af3-46ea-8927-de5257c0224d","local_time":"20190206192623","is_ascension_mode":true,"campfire_choices":[{"data":"Whirlwind","floor":6,"key":"SMITH"},{"data":"Body Slam","floor":8,"key":"SMITH"},{"floor":15,"key":"REST"},{"data":"Armaments","floor":24,"key":"SMITH"},{"floor":28,"key":"REST"},{"data":"RitualDagger","floor":32,"key":"SMITH"}],"neow_cost":"PERCENT_DAMAGE","seed_source_timestamp":73153501271439,"circlet_count":0,"master_deck":["Defend_R","Defend_R","Defend_R","Defend_R","Bash","Whirlwind+1","Body Slam+1","Shrug It Off","Fiend Fire","Exhume","Inflame+1","Iron Wave","Shrug It Off","Writhe","Armaments+1","RitualDagger+1"],"relics":["Burning Blood","Orichalcum","Bronze Scales","Smiling Mask","Bag of Preparation","Busted Crown","Centennial Puzzle","Ice Cream"],"potions_floor_usage":[10,12,23,29],"damage_taken":[{"damage":3,"enemies":"Small Slimes","floor":1,"turns":3},{"damage":11,"enemies":"Jaw Worm","floor":4,"turns":4},{"damage":0,"enemies":"Cultist","floor":7,"turns":2},{"damage":36,"enemies":"Lagavulin","floor":10,"turns":7},{"damage":12,"enemies":"Large Slime","floor":11,"turns":5},{"damage":0,"enemies":"2 Fungi Beasts","floor":12,"turns":1},{"damage":24,"enemies":"The Guardian","floor":16,"turns":12},{"damage":20,"enemies":"Shell Parasite","floor":18,"turns":6},{"damage":2,"enemies":"2 Thieves","floor":22,"turns":2},{"damage":33,"enemies":"Slavers","floor":23,"turns":7},{"damage":10,"enemies":"Colosseum Slavers","floor":25,"turns":3},{"damage":0,"enemies":"Centurion and Healer","floor":29,"turns":4},{"damage":0,"enemies":"Cultist and Chosen","floor":30,"turns":5},{"damage":0,"enemies":"Chosen and Byrds","floor":31,"turns":4},{"damage":79,"enemies":"Automaton","floor":33,"turns":8}],"seed_played":"1566071338398906480","potions_obtained":[{"floor":1,"key":"Dexterity Potion"},{"floor":4,"key":"Strength Potion"},{"floor":11,"key":"FearPotion"},{"floor":12,"key":"Fruit Juice"},{"floor":23,"key":"Explosive Potion"}],"is_trial":false,"path_per_floor":["M","?","?","M","$","R","M","R","T","E","M","M","$","?","R","B",null,"M","$","?","?","M","E","R","?","T","?","R","M","M","M","R","B"],"character_chosen":"IRONCLAD","items_purchased":["Bronze Scales","Body Slam","Shrug It Off","Iron Wave","Shrug It Off"],"campfire_rested":2,"item_purchase_floors":[5,5,13,19,19],"current_hp_per_floor":[59,52,52,47,47,47,53,53,53,23,17,28,28,28,53,35,73,59,59,59,59,63,36,36,32,32,26,51,57,63,69,69,0],"gold":174,"neow_bonus":"TWO_FIFTY_GOLD","is_prod":false,"is_daily":false,"chose_seed":false,"campfire_upgraded":4,"win_rate":0,"timestamp":1549448783,"path_taken":["M","?","?","M","$","R","M","R","T","E","M","M","?","?","R","BOSS","M","$","?","?","M","E","R","?","T","?","R","?","M","M","R","BOSS"],"build_version":"2019-01-23","purchased_purges":3,"victory":false,"max_hp_per_floor":[80,80,80,80,80,80,80,80,80,80,80,85,85,85,85,85,85,85,85,85,85,85,85,85,85,85,85,85,85,85,85,85,85],"card_choices":[{"not_picked":["Carnage","Battle Trance"],"picked":"Whirlwind","floor":1},{"not_picked":["Clothesline","Iron Wave","Whirlwind"],"picked":"SKIP","floor":4},{"not_picked":["Perfected Strike","Flex","Pommel Strike"],"picked":"SKIP","floor":7},{"not_picked":["Clothesline","Iron Wave","Warcry"],"picked":"SKIP","floor":10},{"not_picked":["Brutality","Pommel Strike","Anger"],"picked":"SKIP","floor":11},{"not_picked":["Wild Strike","Warcry","Thunderclap"],"picked":"SKIP","floor":12},{"not_picked":["Brutality","Reaper"],"picked":"Exhume","floor":16},{"not_picked":[],"picked":"Inflame+1","floor":18},{"not_picked":["Clothesline"],"picked":"SKIP","floor":22},{"not_picked":["Body Slam"],"picked":"SKIP","floor":23},{"not_picked":["Intimidate"],"picked":"SKIP","floor":29},{"not_picked":["Perfected Strike+1"],"picked":"SKIP","floor":30},{"not_picked":["Clothesline"],"picked":"SKIP","floor":31}],"player_experience":815640,"relics_obtained":[{"floor":9,"key":"Smiling Mask"},{"floor":10,"key":"Bag of Preparation"},{"floor":23,"key":"Ice Cream"}],"event_choices":[{"damage_healed":0,"gold_gain":0,"player_choice":"Success","damage_taken":7,"relics_obtained":["Orichalcum"],"max_hp_gain":0,"max_hp_loss":0,"event_name":"Scrap Ooze","floor":2,"gold_loss":0},{"cards_removed":["Strike_R"],"damage_healed":0,"gold_gain":0,"player_choice":"Card Removal","damage_taken":0,"max_hp_gain":0,"max_hp_loss":0,"event_name":"The Cleric","floor":3,"gold_loss":50},{"damage_healed":0,"gold_gain":0,"cards_transformed":["Strike_R"],"player_choice":"Transformed","damage_taken":0,"max_hp_gain":0,"max_hp_loss":0,"event_name":"Transmorgrifier","floor":14,"gold_loss":0,"cards_obtained":["Fiend Fire"]},{"damage_healed":0,"gold_gain":0,"player_choice":"Opened","damage_taken":0,"relics_obtained":["Centennial Puzzle"],"max_hp_gain":0,"max_hp_loss":0,"event_name":"The Mausoleum","floor":20,"gold_loss":0,"cards_obtained":["Writhe"]},{"damage_healed":0,"gold_gain":0,"player_choice":"Read","damage_taken":0,"max_hp_gain":0,"max_hp_loss":0,"event_name":"The Library","floor":21,"gold_loss":0,"cards_obtained":["Armaments"]},{"damage_healed":0,"gold_gain":0,"player_choice":"Fight","damage_taken":0,"max_hp_gain":0,"max_hp_loss":0,"event_name":"Colosseum","floor":25,"gold_loss":0},{"damage_healed":0,"gold_gain":0,"player_choice":"Fled From Nobs","damage_taken":0,"max_hp_gain":0,"max_hp_loss":0,"event_name":"Colosseum","floor":25,"gold_loss":0},{"damage_healed":0,"gold_gain":0,"player_choice":"Joined the Cult","damage_taken":6,"max_hp_gain":0,"max_hp_loss":0,"event_name":"Nest","floor":27,"gold_loss":0,"cards_obtained":["RitualDagger"]}],"is_beta":false,"boss_relics":[{"not_picked":["Astrolabe","Coffee Dripper"],"picked":"Busted Crown"}],"items_purged_floors":[5,13,19],"is_endless":false,"potions_floor_spawned":[1,4,11,12,23,25],"killed_by":"Automaton","ascension_level":5}