{"path_per_floor":["M","?","?","?","?","R","E","?","T","E","R","M","M","?","R","B",null,"M","M","$","?","M","R","?","R","T","R","M","E","R","?","R","B",null,"M","?","M","M","?","R","M","E","T","?","R","?","R","?","R","B"],"character_chosen":"THE_SILENT","items_purchased":["Oddly Smooth Stone","Well Laid Plans"],"gold_per_floor":[113,113,113,113,113,113,143,108,108,137,137,150,166,166,166,266,266,286,302,74,74,88,88,88,88,88,88,98,130,130,130,130,227,227,239,239,257,271,271,271,281,306,306,306,306,354,354,354,354,354],"floor_reached":51,"campfire_rested":3,"playtime":7045,"current_hp_per_floor":[70,70,70,58,58,58,40,57,57,23,44,44,44,44,44,25,70,51,40,40,40,12,33,33,54,54,54,40,34,34,34,34,33,70,70,70,64,66,66,70,60,20,20,61,61,55,61,61,61,25],"items_purged":[],"gold":354,"score":744,"play_id":"a924cc55-a358-4f80-bfb8-387ac39c69f3","local_time":"20180518115950","is_prod":false,"is_daily":false,"chose_seed":false,"is_ascension_mode":true,"campfire_upgraded":9,"timestamp":1526669990,"campfire_choices":[{"data":"Unload","floor":6.0,"key":"SMITH"},{"floor":11.0,"key":"REST"},{"data":"Malaise","floor":15.0,"key":"SMITH"},{"floor":23.0,"key":"REST"},{"floor":25.0,"key":"REST"},{"data":"After Image","floor":27.0,"key":"SMITH"},{"data":"Caltrops","floor":30.0,"key":"SMITH"},{"data":"Cloak And Dagger","floor":32.0,"key":"SMITH"},{"data":"Tactician","floor":40,"key":"SMITH"},{"data":"Sucker Punch","floor":45,"key":"SMITH"},{"data":"Dagger Spray","floor":47,"key":"SMITH"},{"data":"Acrobatics","floor":49,"key":"SMITH"}],"path_taken":["M","?","?","?","?","R","E","?","T","E","R","M","M","?","R","BOSS","M","M","$","?","M","R","?","R","T","R","M","E","R","?","R","BOSS","M","?","M","M","?","R","M","E","T","?","R","?","R","?","R","BOSS"],"build_version":"2018-05-17","seed_source_timestamp":0,"purchased_purges":0,"victory":true,"master_deck":["Defend_G","Defend_G","Defend_G","Defend_G","Strike_G","Strike_G","Strike_G","Survivor","Neutralize+1","Unload+1","Dagger Spray+1","Underhanded Strike","Acrobatics+1","Sucker Punch+1","Caltrops+1","Malaise+1","After Image+1","Slice","Cloak And Dagger+1","Well Laid Plans","Deflect","Backflip+1","Slice","Tactician+1","Backstab+1","Dodge and Roll+1","PiercingWail+1","After Image+1","Backstab+1","Flash of Steel"],"max_hp_per_floor":[70,70,70,70,70,70,70,70,70,70,70,70,70,70,70,70,70,70,70,70,70,70,70,70,70,70,70,70,70,70,70,70,70,70,70,70,70,70,70,70,70,70,70,61,61,61,61,61,61,61],"relics":["Ring of the Snake","Juzu Bracelet","Letter Opener","Happy Flower","Vajra","Lizard Tail","Oddly Smooth Stone","Blood Vial","Kunai","Eternal Feather","Bronze Scales","Bag of Preparation","Du-Vu Doll"],"card_choices":[{"not_picked":["Sucker Punch","PiercingWail"],"picked":"Dagger Spray","floor":1.0},{"not_picked":["Die Die Die","Tactician"],"picked":"Underhanded Strike","floor":7.0},{"not_picked":["Deadly Poison","Quick Slash"],"picked":"Acrobatics","floor":10.0},{"not_picked":["Masterful Stab","Outmaneuver"],"picked":"Sucker Punch","floor":12.0},{"not_picked":["Backflip","Cloak And Dagger"],"picked":"Caltrops","floor":13.0},{"not_picked":["A Thousand Cuts","Night Terror"],"picked":"After Image","floor":16.0},{"not_picked":["Poisoned Stab","Quick Slash"],"picked":"Slice","floor":18.0},{"not_picked":["All Out Attack","Burst"],"picked":"Cloak And Dagger","floor":19.0},{"not_picked":["Slice","Backflip+1"],"picked":"Deflect","floor":22.0},{"not_picked":["Flying Knee","Acrobatics"],"picked":"Backflip+1","floor":28.0},{"not_picked":["Deadly Poison","Poisoned Stab"],"picked":"Slice","floor":29.0},{"not_picked":["Storm of Steel","Glass Knife"],"picked":"Tactician","floor":33.0},{"not_picked":["Deadly Poison+1","Masterful Stab"],"picked":"Backstab+1","floor":35},{"not_picked":["Calculated Gamble","Prepared+1"],"picked":"Dodge and Roll+1","floor":37},{"not_picked":["Reflex+1","Concentrate+1"],"picked":"PiercingWail+1","floor":38},{"not_picked":["Expertise","Eviscerate+1","Endless Agony"],"picked":"SKIP","floor":41},{"not_picked":["Expertise+1","Bane+1"],"picked":"Backstab+1","floor":42},{"not_picked":["Swift Strike","Bandage Up"],"picked":"Flash of Steel","floor":48}],"player_experience":585318,"potions_floor_usage":[37,42,46],"damage_taken":[{"damage":0.0,"enemies":"Small Slimes","floor":1.0,"turns":2.0},{"damage":18.0,"enemies":"3 Sentries","floor":7.0,"turns":8.0},{"damage":34.0,"enemies":"Lagavulin","floor":10.0,"turns":8.0},{"damage":0.0,"enemies":"Cultist","floor":12.0,"turns":2.0},{"damage":0.0,"enemies":"2 Louse","floor":13.0,"turns":2.0},{"damage":19.0,"enemies":"The Guardian","floor":16.0,"turns":11.0},{"damage":19.0,"enemies":"Spheric Guardian","floor":18.0,"turns":5.0},{"damage":11.0,"enemies":"Chosen","floor":19.0,"turns":8.0},{"damage":28.0,"enemies":"Sentry and Sphere","floor":22.0,"turns":6.0},{"damage":16.0,"enemies":"Snake Plant","floor":28.0,"turns":5.0},{"damage":8.0,"enemies":"Book of Stabbing","floor":29.0,"turns":6.0},{"damage":3.0,"enemies":"Automaton","floor":33.0,"turns":16.0},{"damage":0,"enemies":"3 Shapes","floor":35,"turns":8},{"damage":6,"enemies":"Orb Walker","floor":37,"turns":3},{"damage":0,"enemies":"4 Shapes","floor":38,"turns":7},{"damage":10,"enemies":"3 Darklings","floor":41,"turns":10},{"damage":42,"enemies":"2 Orb Walkers","floor":42,"turns":8},{"damage":6,"enemies":"Mysterious Sphere","floor":46,"turns":8},{"damage":36,"enemies":"Awakened One","floor":50,"turns":23}],"relics_obtained":[{"floor":7.0,"key":"Letter Opener"},{"floor":9.0,"key":"Happy Flower"},{"floor":10.0,"key":"Vajra"},{"floor":26.0,"key":"Blood Vial"},{"floor":29.0,"key":"Kunai"},{"floor":42,"key":"Bronze Scales"},{"floor":43,"key":"Bag of Preparation"},{"floor":46,"key":"Du-Vu Doll"}],"event_choices":[{"event_name":"Bonfire Elementals","player_choice":"BASIC","floor":2.0,"damage_taken":0.0},{"event_name":"Liars Game","player_choice":"disagreed","floor":3.0,"damage_taken":0.0},{"event_name":"Scrap Ooze","player_choice":"success","floor":4.0,"damage_taken":12.0},{"event_name":"Living Wall","player_choice":"Grow","floor":5.0,"damage_taken":0.0},{"event_name":"The Cleric","player_choice":"Healed","floor":8.0,"damage_taken":0.0},{"event_name":"Transmorgrifier","player_choice":"Transform","floor":14.0,"damage_taken":0.0},{"event_name":"Beggar","player_choice":"Ignored","floor":21.0,"damage_taken":0.0},{"event_name":"Cursed Tome","player_choice":"Ignored","floor":24.0,"damage_taken":0.0},{"event_name":"The Lab","player_choice":"Got Potions","floor":31.0,"damage_taken":0.0},{"event_name":"Duplicator","player_choice":"One dupe","floor":39,"damage_taken":0},{"event_name":"The Moai Head","player_choice":"Heal","floor":44,"damage_taken":0},{"event_name":"Mysterious Sphere","player_choice":"Fight","floor":46,"damage_taken":0},{"event_name":"SensoryStone","player_choice":"Memory 1","floor":48,"damage_taken":0}],"boss_relics":[{"not_picked":["Runic Dome","Black Star"],"picked":"Eternal Feather"}],"potions_floor_spawned":[10,12,18,22,29,41,46],"seed_played":"-6406573183472336240","ascension_level":3,"potions_obtained":[{"floor":10.0,"key":"Strength Potion"},{"floor":12.0,"key":"Ancient Potion"},{"floor":18.0,"key":"Energy Potion"},{"floor":22.0,"key":"EssenceOfSteel"},{"floor":29.0,"key":"GhostInAJar"},{"floor":31.0,"key":"Block Potion"},{"floor":31.0,"key":"GhostInAJar"},{"floor":41,"key":"Energy Potion"},{"floor":46,"key":"SteroidPotion"}],"is_trial":false}