{"gold_per_floor":[114,114,114,114,124,124,49,49,49,79,179,179,193,193,193,317,317,332,332,332,232,246,289,289],"floor_reached":24,"playtime":671,"items_purged":["Strike_B","Strike_B+1"],"score":221,"play_id":"51fccb64-0734-46c9-9702-63c872cd9338","local_time":"20190111173442","is_ascension_mode":true,"campfire_choices":[{"data":"Strike_B","floor":6,"key":"PURGE"},{"data":"Strike_B","floor":8,"key":"PURGE"},{"data":"Defend_B","floor":12,"key":"PURGE"},{"floor":15,"key":"REST"}],"neow_cost":"TEN_PERCENT_HP_LOSS","seed_source_timestamp":207650341390479,"circlet_count":0,"master_deck":["Defend_B","Defend_B","Defend_B+1","Zap+1","Dualcast","Ball Lightning","FTL","Streamline","Chaos+1"],"relics":["Cracked Core","Peace Pipe","Singing Bowl","Darkstone Periapt","Regal Pillow","Golden Idol","Cursed Key","Nilry\u0027s Codex","Dodecahedron"],"potions_floor_usage":[10,16,23],"damage_taken":[{"damage":0,"enemies":"2 Louse","floor":1,"turns":2},{"damage":0,"enemies":"Small Slimes","floor":5,"turns":2},{"damage":20,"enemies":"Lagavulin","floor":10,"turns":6},{"damage":1,"enemies":"Cultist","floor":13,"turns":3},{"damage":43,"enemies":"Hexaghost","floor":16,"turns":9},{"damage":15,"enemies":"2 Thieves","floor":18,"turns":3},{"damage":2,"enemies":"Shell Parasite","floor":22,"turns":3},{"damage":31,"enemies":"Slavers","floor":23,"turns":5},{"damage":12,"enemies":"Snake Plant","floor":24,"turns":2}],"seed_played":"3721165262648797351","potions_obtained":[{"floor":1,"key":"Regen Potion"},{"floor":10,"key":"Explosive Potion"},{"floor":18,"key":"SpeedPotion"}],"is_trial":false,"path_per_floor":["M","?","?","?","M","R","$","R","T","E","?","R","M","?","R","B",null,"M","?","?","$","M","E","M"],"character_chosen":"DEFECT","items_purchased":[],"campfire_rested":1,"item_purchase_floors":[],"current_hp_per_floor":[68,54,21,43,45,45,45,45,45,42,42,42,41,23,59,18,74,59,43,43,43,41,12,0],"gold":289,"neow_bonus":"ONE_RARE_RELIC","is_prod":false,"is_daily":false,"chose_seed":false,"campfire_upgraded":0,"win_rate":0,"timestamp":1547188482,"path_taken":["M","?","?","?","M","R","$","R","T","E","?","R","?","?","R","BOSS","M","?","?","$","?","E","?"],"build_version":"2018-11-15","purchased_purges":2,"victory":false,"max_hp_per_floor":[68,68,68,68,70,70,70,70,70,72,72,72,72,72,72,74,74,74,74,74,74,74,76,76],"card_choices":[{"not_picked":["Chaos","Rebound"],"picked":"Ball Lightning","floor":1},{"not_picked":["BootSequence","Streamline","Stack"],"picked":"Singing Bowl","floor":5},{"not_picked":["Heatsinks","Force Field","Go for the Eyes"],"picked":"Singing Bowl","floor":10},{"not_picked":["Leap","Steam Power"],"picked":"FTL","floor":13},{"not_picked":["Rainbow","All For One","Meteor Strike"],"picked":"Singing Bowl","floor":16},{"not_picked":["Beam Cell+1","Heatsinks"],"picked":"Streamline","floor":18},{"not_picked":["Static Discharge+1","Steam Power"],"picked":"Chaos+1","floor":22},{"not_picked":["Streamline","Rebound","Tempest"],"picked":"Singing Bowl","floor":23}],"player_experience":1080632,"relics_obtained":[{"floor":9,"key":"Darkstone Periapt"},{"floor":10,"key":"Regal Pillow"},{"floor":19,"key":"Nilry\u0027s Codex"},{"floor":23,"key":"Dodecahedron"}],"event_choices":[{"damage_healed":0,"gold_gain":0,"player_choice":"Entered Light","damage_taken":14,"max_hp_gain":0,"max_hp_loss":0,"event_name":"Shining Light","floor":2,"gold_loss":0,"cards_upgraded":["Defend_B","Strike_B"]},{"damage_healed":0,"gold_gain":0,"player_choice":"Success","damage_taken":33,"relics_obtained":["Singing Bowl"],"max_hp_gain":0,"max_hp_loss":0,"event_name":"Scrap Ooze","floor":3,"gold_loss":0},{"damage_healed":22,"gold_gain":0,"player_choice":"Banana","damage_taken":0,"max_hp_gain":0,"max_hp_loss":0,"event_name":"Big Fish","floor":4,"gold_loss":0},{"damage_healed":0,"gold_gain":100,"player_choice":"Pray","damage_taken":0,"max_hp_gain":0,"max_hp_loss":0,"event_name":"Golden Shrine","floor":11,"gold_loss":0},{"damage_healed":0,"gold_gain":0,"player_choice":"Take Damage","damage_taken":18,"relics_obtained":["Golden Idol"],"max_hp_gain":0,"max_hp_loss":0,"event_name":"Golden Idol","floor":14,"gold_loss":0},{"damage_healed":0,"gold_gain":0,"player_choice":"Obtained Book","damage_taken":16,"max_hp_gain":0,"max_hp_loss":0,"event_name":"Cursed Tome","floor":19,"gold_loss":0},{"damage_healed":0,"gold_gain":0,"player_choice":"Upgraded","damage_taken":0,"max_hp_gain":0,"max_hp_loss":0,"event_name":"Upgrade Shrine","floor":20,"gold_loss":0,"cards_upgraded":["Zap"]}],"is_beta":true,"boss_relics":[{"not_picked":["Busted Crown","Runic Dome"],"picked":"Cursed Key"}],"items_purged_floors":[7,21],"is_endless":false,"potions_floor_spawned":[1,10,18],"killed_by":"Snake Plant","ascension_level":1}