{"path_per_floor":["M","?","$","M","M","R","E","M","T","?","?","$","M","M","R","B",null,"M","?","M","$","M","E","R","?","T","M","?"],"character_chosen":"DEFECT","items_purchased":["FTL","Defragment","Bronze Scales","Apotheosis"],"gold_per_floor":[110,110,38,50,67,67,99,118,173,194,269,41,52,62,62,157,157,168,168,188,8,21,51,51,51,51,62,62,62],"floor_reached":29,"campfire_rested":1,"playtime":933,"item_purchase_floors":[3,12,12,21],"current_hp_per_floor":[70,63,63,57,57,57,36,34,34,27,16,16,9,9,33,6,80,71,71,69,69,46,41,41,41,41,34,19,0],"items_purged":[],"gold":62,"score":245,"play_id":"8c5428a8-9c22-4e1e-b04c-3ecf7180aad7","local_time":"20180603210412","is_prod":false,"is_daily":false,"chose_seed":false,"is_ascension_mode":false,"campfire_upgraded":2,"win_rate":0.0,"timestamp":1528023852,"campfire_choices":[{"data":"Zap","floor":6,"key":"SMITH"},{"floor":15,"key":"REST"},{"data":"Apotheosis","floor":24,"key":"SMITH"}],"path_taken":["M","?","$","?","M","R","E","M","T","?","?","?","?","M","R","BOSS","M","?","?","$","M","E","R","?","T","M","?","M"],"build_version":"2018-05-31","seed_source_timestamp":32149085511160,"purchased_purges":0,"victory":false,"master_deck":["Strike_B+1","Strike_B+1","Strike_B+1","Defend_B+1","Defend_B+1","Defend_B+1","Defend_B+1","Zap+1","Dualcast","Rebound","FTL","Beam Cell","Ball Lightning","Sweeping Beam","White Noise","Defragment","Genetic Algorithm","Stack","Thunder Strike","Apotheosis+1","Ball Lightning+1","Parasite","Loop"],"max_hp_per_floor":[75,75,75,75,75,75,75,75,75,75,75,75,80,80,80,80,80,80,80,80,80,80,80,80,80,80,80,85,85],"relics":["Cracked Core","Gremlin Horn","Pen Nib","Odd Mushroom","Bronze Scales","Cursed Key","Oddly Smooth Stone","Smiling Mask"],"card_choices":[{"not_picked":["Cold Snap","Leap"],"picked":"Rebound","floor":1},{"not_picked":["Skim","Chill"],"picked":"Beam Cell","floor":4},{"not_picked":["Stack","Beam Cell"],"picked":"Ball Lightning","floor":5},{"not_picked":["Undo","Self Repair","Biased Cognition"],"picked":"SKIP","floor":7},{"not_picked":["Conserve Battery","Barrage"],"picked":"Sweeping Beam","floor":8},{"not_picked":["Glacier","Conserve Battery"],"picked":"White Noise","floor":10},{"not_picked":["Go for the Eyes","Hologram"],"picked":"Genetic Algorithm","floor":13},{"not_picked":["Hologram","Gash"],"picked":"Stack","floor":14},{"not_picked":["Machine Learning","Biased Cognition"],"picked":"Thunder Strike","floor":16},{"not_picked":["Hologram","Glacier","Go for the Eyes+1"],"picked":"SKIP","floor":18},{"not_picked":["Barrage","Sweeping Beam","Go for the Eyes+1"],"picked":"SKIP","floor":20},{"not_picked":["Leap+1","Streamline+1"],"picked":"Ball Lightning+1","floor":22},{"not_picked":["Gash","Undo","Beam Cell"],"picked":"SKIP","floor":23},{"not_picked":["Sweeping Beam","Hologram"],"picked":"Loop","floor":27}],"player_experience":296279,"potions_floor_usage":[13,13,14,23],"damage_taken":[{"damage":5,"enemies":"Jaw Worm","floor":1,"turns":4},{"damage":6,"enemies":"Cultist","floor":4,"turns":3},{"damage":0,"enemies":"2 Louse","floor":5,"turns":2},{"damage":21,"enemies":"Lagavulin","floor":7,"turns":5},{"damage":2,"enemies":"2 Fungi Beasts","floor":8,"turns":2},{"damage":7,"enemies":"The Mushroom Lair","floor":10,"turns":2},{"damage":12,"enemies":"Blue Slaver","floor":13,"turns":2},{"damage":0,"enemies":"Looter","floor":14,"turns":3},{"damage":27,"enemies":"Slime Boss","floor":16,"turns":8},{"damage":9,"enemies":"Shell Parasite","floor":18,"turns":4},{"damage":2,"enemies":"Chosen","floor":20,"turns":4},{"damage":23,"enemies":"Centurion and Healer","floor":22,"turns":4},{"damage":19,"enemies":"Gremlin Leader","floor":23,"turns":5},{"damage":7,"enemies":"Sentry and Sphere","floor":27,"turns":3},{"damage":21,"enemies":"Snake Plant","floor":29,"turns":2}],"relics_obtained":[{"floor":7,"key":"Gremlin Horn"},{"floor":9,"key":"Pen Nib"},{"floor":10,"key":"Odd Mushroom"},{"floor":23,"key":"Oddly Smooth Stone"},{"floor":26,"key":"Smiling Mask"}],"event_choices":[{"event_name":"Golden Wing","player_choice":"Card Removal","floor":2,"damage_taken":0},{"event_name":"Mushrooms","player_choice":"Fought Mushrooms","floor":10,"damage_taken":0},{"event_name":"World of Goop","player_choice":"Gather Gold","floor":11,"damage_taken":0},{"event_name":"Back to Basics","player_choice":"Simplicity","floor":19,"damage_taken":0},{"event_name":"Vampires","player_choice":"Ignored","floor":25,"damage_taken":0},{"event_name":"Forgotten Altar","player_choice":"Shed Blood","floor":28,"damage_taken":0}],"boss_relics":[{"not_picked":["Lizard Tail","Runic Dome"],"picked":"Cursed Key"}],"items_purged_floors":[],"potions_floor_spawned":[5,7,10,20],"seed_played":"49713976661700892","killed_by":"Snake Plant","ascension_level":0,"potions_obtained":[{"floor":5,"key":"Swift Potion"},{"floor":7,"key":"FocusPotion"},{"floor":10,"key":"Fruit Juice"},{"floor":20,"key":"Regen Potion"}],"is_trial":false}