{"gold_per_floor":[109,4,4,24,36,70,88,88,113,113,128,128,157,185,185,287,287,302,302],"floor_reached":19,"playtime":1067,"items_purged":[],"score":299,"play_id":"68366f47-78b4-4a72-9bf2-9d121e28fed0","local_time":"20190113120124","is_ascension_mode":true,"campfire_choices":[{"floor":8,"key":"REST"},{"data":"Corruption","floor":12,"key":"SMITH"},{"floor":15,"key":"REST"}],"neow_cost":"PERCENT_DAMAGE","seed_source_timestamp":229676770544848,"circlet_count":0,"master_deck":["AscendersBane","Strike_R","Strike_R","Strike_R","Strike_R","Defend_R","Defend_R","Defend_R","Defend_R","Bash","Shrug It Off","Rampage","True Grit","Corruption+1","Clash","Rampage","Burning Pact","Reaper","True Grit","Demon Form","Whirlwind+1"],"relics":["Burning Blood","Juzu Bracelet","Potion Belt","Pen Nib","Incense Burner","Odd Mushroom","White Beast Statue"],"potions_floor_usage":[2,13,14,14,16],"damage_taken":[{"damage":3,"enemies":"Jaw Worm","floor":1,"turns":5},{"damage":14,"enemies":"Small Slimes","floor":4,"turns":4},{"damage":6,"enemies":"Cultist","floor":5,"turns":3},{"damage":32,"enemies":"Lagavulin","floor":6,"turns":7},{"damage":10,"enemies":"Red Slaver","floor":7,"turns":7},{"damage":9,"enemies":"Looter","floor":11,"turns":4},{"damage":43,"enemies":"3 Sentries","floor":13,"turns":10},{"damage":13,"enemies":"The Mushroom Lair","floor":14,"turns":5},{"damage":42,"enemies":"The Guardian","floor":16,"turns":11},{"damage":39,"enemies":"Spheric Guardian","floor":18,"turns":6},{"damage":47,"enemies":"Shell Parasite","floor":19,"turns":5}],"seed_played":"2092890442887956419","potions_obtained":[{"floor":7,"key":"GamblersBrew"},{"floor":11,"key":"Energy Potion"},{"floor":13,"key":"Swift Potion"},{"floor":14,"key":"Poison Potion"},{"floor":16,"key":"Poison Potion"},{"floor":18,"key":"Poison Potion"}],"is_trial":false,"path_per_floor":["M","$","?","M","M","E","M","R","T","?","M","R","E","?","R","B",null,"M","M"],"character_chosen":"IRONCLAD","items_purchased":["Fruit Juice"],"campfire_rested":2,"item_purchase_floors":[2],"current_hp_per_floor":[70,75,63,55,55,29,25,55,55,55,52,52,15,20,50,18,80,47,0],"gold":302,"neow_bonus":"TWENTY_PERCENT_HP_BONUS","is_prod":false,"is_daily":false,"chose_seed":false,"campfire_upgraded":1,"win_rate":0,"timestamp":1547402484,"path_taken":["M","$","?","M","M","E","M","R","T","?","M","R","E","?","R","BOSS","M","M"],"build_version":"2019-01-10","purchased_purges":0,"victory":false,"max_hp_per_floor":[96,101,101,101,101,101,101,101,101,101,101,101,101,101,101,101,101,101,101],"card_choices":[{"not_picked":["Wild Strike","Anger"],"picked":"Shrug It Off","floor":1},{"not_picked":["Iron Wave","Dropkick"],"picked":"Rampage","floor":4},{"not_picked":["Second Wind","Disarm"],"picked":"True Grit","floor":5},{"not_picked":["Wild Strike","Heavy Blade"],"picked":"Corruption","floor":6},{"not_picked":["Power Through","Twin Strike"],"picked":"Clash","floor":7},{"not_picked":["Twin Strike","Infernal Blade"],"picked":"Burning Pact","floor":11},{"not_picked":["Blood for Blood","Pommel Strike"],"picked":"Reaper","floor":13},{"not_picked":["Havoc","Flex"],"picked":"True Grit","floor":14},{"not_picked":["Bludgeon","Exhume"],"picked":"Demon Form","floor":16},{"not_picked":["Anger+1","Rage"],"picked":"Whirlwind+1","floor":18}],"player_experience":455839,"relics_obtained":[{"floor":6,"key":"Potion Belt"},{"floor":9,"key":"Pen Nib"},{"floor":13,"key":"Incense Burner"},{"floor":14,"key":"Odd Mushroom"}],"event_choices":[{"damage_healed":0,"gold_gain":0,"player_choice":"Success","damage_taken":12,"relics_obtained":["Juzu Bracelet"],"max_hp_gain":0,"max_hp_loss":0,"event_name":"Scrap Ooze","floor":3,"gold_loss":0},{"damage_healed":0,"gold_gain":0,"cards_transformed":["Strike_R"],"player_choice":"Change","damage_taken":0,"max_hp_gain":0,"max_hp_loss":0,"event_name":"Living Wall","floor":10,"gold_loss":0,"cards_obtained":["Rampage"]},{"damage_healed":0,"gold_gain":0,"player_choice":"Fought Mushrooms","damage_taken":0,"max_hp_gain":0,"max_hp_loss":0,"event_name":"Mushrooms","floor":14,"gold_loss":0}],"is_beta":false,"boss_relics":[{"not_picked":["Black Star","Busted Crown"],"picked":"White Beast Statue"}],"items_purged_floors":[],"is_endless":false,"potions_floor_spawned":[7,11,13,14,16,18],"killed_by":"Shell Parasite","ascension_level":11}