{"gold_per_floor":[113,130,130,3,15,15,41,60,60,60,40,40,73,93,93,188,188,202,202,202,219,230,230,230,260,260,260,272,272,272,286,286,385,385,403,148,148,167,178,205,205,225,225,225,242,258,258,270,270,270],"floor_reached":51,"playtime":3638,"items_purged":["Strike_B"],"score":1053,"play_id":"10be37db-1dd7-4d24-bb7a-2015f985e694","local_time":"20190205141127","is_ascension_mode":true,"campfire_choices":[{"data":"Zap","floor":6,"key":"SMITH"},{"data":"Dualcast","floor":10,"key":"SMITH"},{"floor":12,"key":"REST"},{"data":"Go for the Eyes","floor":15,"key":"SMITH"},{"floor":23,"key":"REST"},{"floor":27,"key":"REST"},{"floor":30,"key":"REST"},{"data":"Fission","floor":32,"key":"SMITH"},{"data":"Reprogram","floor":41,"key":"SMITH"},{"floor":44,"key":"REST"},{"data":"Go for the Eyes","floor":49,"key":"SMITH"}],"neow_cost":"NONE","seed_source_timestamp":97149083238214,"circlet_count":0,"master_deck":["Defend_B+1","Defend_B+1","Defend_B+1","Defend_B+1","Zap+1","Dualcast+1","Sweeping Beam","Go for the Eyes+1","Streamline","Go for the Eyes+1","Glacier","Reprogram+1","Defragment","Ball Lightning","Fission+1","BootSequence+1","J.A.X.","Coolheaded+1","Defragment","Bite","Bite","Bite","Bite","Bite","Go for the Eyes","Conserve Battery","Echo Form+1","Capacitor+1","Coolheaded+1","Beam Cell+1","Beam Cell","Chill+1","Self Repair+1","Conserve Battery+1"],"relics":["FrozenCore","Symbiotic Virus","Mummified Hand","Kunai","Unceasing Top","Vajra","Incense Burner","White Beast Statue","Frozen Egg 2","Pantograph","Meat on the Bone"],"potions_floor_usage":[7,13,13,16,28,42,45,46,50,50,50],"damage_taken":[{"damage":0,"enemies":"2 Louse","floor":1,"turns":3},{"damage":1,"enemies":"Cultist","floor":2,"turns":3},{"damage":4,"enemies":"Small Slimes","floor":5,"turns":2},{"damage":18,"enemies":"Gremlin Nob","floor":7,"turns":3},{"damage":12,"enemies":"Exordium Thugs","floor":8,"turns":6},{"damage":22,"enemies":"3 Sentries","floor":13,"turns":4},{"damage":0,"enemies":"Looter","floor":14,"turns":2},{"damage":14,"enemies":"Hexaghost","floor":16,"turns":7},{"damage":18,"enemies":"3 Byrds","floor":18,"turns":4},{"damage":10,"enemies":"Spheric Guardian","floor":21,"turns":3},{"damage":8,"enemies":"Snecko","floor":22,"turns":5},{"damage":55,"enemies":"Slavers","floor":25,"turns":7},{"damage":23,"enemies":"Cultist and Chosen","floor":28,"turns":7},{"damage":16,"enemies":"Centurion and Healer","floor":31,"turns":9},{"damage":8,"enemies":"Champ","floor":33,"turns":12},{"damage":10,"enemies":"Orb Walker","floor":35,"turns":5},{"damage":7,"enemies":"3 Shapes","floor":38,"turns":7},{"damage":3,"enemies":"Spire Growth","floor":39,"turns":6},{"damage":19,"enemies":"Giant Head","floor":40,"turns":9},{"damage":24,"enemies":"3 Darklings","floor":42,"turns":5},{"damage":40,"enemies":"Jaw Worm Horde","floor":45,"turns":5},{"damage":0,"enemies":"Writhing Mass","floor":46,"turns":6},{"damage":13,"enemies":"Sphere and 2 Shapes","floor":48,"turns":9},{"damage":70,"enemies":"Donu and Deca","floor":50,"turns":13}],"seed_played":"4219602371982315775","potions_obtained":[{"floor":1,"key":"Fire Potion"},{"floor":7,"key":"Weak Potion"},{"floor":11,"key":"AttackPotion"},{"floor":14,"key":"AttackPotion"},{"floor":22,"key":"SteroidPotion"},{"floor":28,"key":"SteroidPotion"},{"floor":31,"key":"Energy Potion"},{"floor":35,"key":"Poison Potion"},{"floor":42,"key":"Explosive Potion"},{"floor":45,"key":"Energy Potion"},{"floor":46,"key":"Strength Potion"},{"floor":48,"key":"Weak Potion"}],"is_trial":false,"path_per_floor":["M","M","?","$","M","R","E","M","T","R","?","R","E","M","R","B",null,"M","?","?","M","M","R","?","E","T","R","M","T","R","M","R","B",null,"M","$","?","M","M","E","R","M","T","R","M","M","?","M","R","B",null],"character_chosen":"DEFECT","items_purchased":["Streamline","Frozen Egg 2"],"campfire_rested":5,"item_purchase_floors":[4,36],"current_hp_per_floor":[75,74,74,74,70,70,52,40,40,40,40,64,42,42,42,28,69,51,51,51,41,33,57,57,14,14,31,22,22,39,47,47,54,56,51,51,51,54,57,43,43,29,29,46,26,40,40,57,57,27],"gold":270,"neow_bonus":"TEN_PERCENT_HP_BONUS","is_prod":false,"is_daily":false,"chose_seed":false,"campfire_upgraded":6,"win_rate":0,"timestamp":1549354287,"path_taken":["M","M","?","?","?","R","E","M","T","R","?","R","E","M","R","BOSS","M","?","?","M","M","R","?","E","T","R","M","?","R","?","R","BOSS","M","$","?","M","M","E","R","M","T","R","M","?","?","M","R","BOSS"],"build_version":"2019-01-23","purchased_purges":1,"victory":true,"max_hp_per_floor":[82,82,82,82,82,82,82,82,82,82,82,82,82,82,82,82,82,82,82,82,82,82,82,57,57,57,57,57,57,57,57,57,57,57,57,57,57,57,57,57,57,57,57,57,57,57,57,57,57,57],"card_choices":[{"not_picked":["Force Field","Rip and Tear"],"picked":"Sweeping Beam","floor":1},{"not_picked":["Coolheaded","Reinforced Body"],"picked":"Go for the Eyes","floor":2},{"not_picked":["Double Energy","Self Repair"],"picked":"Go for the Eyes","floor":5},{"not_picked":["Capacitor","Beam Cell"],"picked":"Glacier","floor":7},{"not_picked":["Genetic Algorithm","Tempest"],"picked":"Reprogram","floor":8},{"not_picked":["Consume","Stack"],"picked":"Defragment","floor":13},{"not_picked":["Turbo","Streamline"],"picked":"Ball Lightning","floor":14},{"not_picked":["Reboot","Thunder Strike"],"picked":"Fission","floor":16},{"not_picked":["Beam Cell","Undo"],"picked":"BootSequence+1","floor":18},{"not_picked":["Gash","Conserve Battery"],"picked":"Coolheaded+1","floor":21},{"not_picked":["Gash","Streamline"],"picked":"Defragment","floor":22},{"not_picked":["Compile Driver","Cold Snap","Thunder Strike"],"picked":"SKIP","floor":25},{"not_picked":["Genetic Algorithm+1","Ball Lightning"],"picked":"Go for the Eyes","floor":28},{"not_picked":["Genetic Algorithm","Hologram+1"],"picked":"Conserve Battery","floor":31},{"not_picked":["Amplify","Thunder Strike"],"picked":"Echo Form","floor":33},{"not_picked":["Steam Power+1","Ball Lightning+1"],"picked":"Capacitor+1","floor":35},{"not_picked":["Rebound+1","Leap+1"],"picked":"Coolheaded+1","floor":38},{"not_picked":["Stack+1","Sunder"],"picked":"Beam Cell+1","floor":39},{"not_picked":["Rebound","Heatsinks+1"],"picked":"Beam Cell","floor":40},{"not_picked":["Leap+1","Rip and Tear"],"picked":"Chill+1","floor":42},{"not_picked":["Rip and Tear","Conserve Battery+1"],"picked":"Self Repair+1","floor":45},{"not_picked":["Meteor Strike","Cold Snap+1","Leap"],"picked":"SKIP","floor":46},{"not_picked":["Sweeping Beam+1","Force Field+1"],"picked":"Conserve Battery+1","floor":48}],"player_experience":725984,"relics_obtained":[{"floor":7,"key":"Symbiotic Virus"},{"floor":9,"key":"Mummified Hand"},{"floor":13,"key":"Kunai"},{"floor":25,"key":"Unceasing Top"},{"floor":26,"key":"Vajra"},{"floor":29,"key":"Incense Burner"},{"floor":40,"key":"Pantograph"},{"floor":43,"key":"Meat on the Bone"}],"event_choices":[{"cards_removed":["Strike_B"],"damage_healed":0,"gold_gain":0,"player_choice":"Offered Basic","damage_taken":0,"max_hp_gain":0,"max_hp_loss":0,"event_name":"Bonfire Elementals","floor":3,"gold_loss":0},{"damage_healed":0,"gold_gain":0,"player_choice":"Bought 1 Potion","damage_taken":0,"max_hp_gain":0,"max_hp_loss":0,"event_name":"The Woman in Blue","floor":11,"gold_loss":0},{"damage_healed":0,"gold_gain":0,"player_choice":"Simplicity","damage_taken":0,"max_hp_gain":0,"max_hp_loss":0,"event_name":"Back to Basics","floor":19,"gold_loss":0,"cards_upgraded":["Strike_B","Strike_B","Defend_B","Defend_B","Defend_B","Defend_B"]},{"damage_healed":0,"gold_gain":0,"player_choice":"Obtain J.A.X.","damage_taken":0,"max_hp_gain":0,"max_hp_loss":0,"event_name":"Drug Dealer","floor":20,"gold_loss":0,"cards_obtained":["J.A.X."]},{"damage_healed":0,"gold_gain":0,"player_choice":"Became a vampire","damage_taken":0,"max_hp_gain":0,"max_hp_loss":25,"event_name":"Vampires","floor":24,"gold_loss":0,"cards_obtained":["Bite","Bite","Bite","Bite","Bite"]},{"damage_healed":0,"gold_gain":0,"player_choice":"Ignored","damage_taken":0,"max_hp_gain":0,"max_hp_loss":0,"event_name":"SecretPortal","floor":37,"gold_loss":0},{"damage_healed":0,"gold_gain":0,"player_choice":"Forge","damage_taken":0,"max_hp_gain":0,"max_hp_loss":0,"event_name":"Accursed Blacksmith","floor":47,"gold_loss":0,"cards_upgraded":["Echo Form"]}],"is_beta":false,"boss_relics":[{"not_picked":["Ectoplasm","Busted Crown"],"picked":"FrozenCore"},{"not_picked":["Orrery","Sozu"],"picked":"White Beast Statue"}],"items_purged_floors":[4],"is_endless":false,"potions_floor_spawned":[1,7,14,22,28,31,35,38,39,40,42,45,46,48],"ascension_level":9}