{"gold_per_floor":[118,31,82,82,92,92,123,137,137,137,62,79,95,95,95,171,171,182,207,49,49,49],"floor_reached":22,"playtime":458,"items_purged":[],"score":414,"play_id":"821dea58-dafe-4934-a3e5-49ff3bd2dba2","local_time":"20190205134405","is_ascension_mode":true,"campfire_choices":[{"data":"Armaments","floor":6.0,"key":"SMITH"},{"data":"Inflame","floor":10.0,"key":"SMITH"},{"floor":15.0,"key":"REST"}],"neow_cost":"NONE","seed_source_timestamp":91546696428823,"circlet_count":0,"master_deck":["AscendersBane","Strike_R","Strike_R","Strike_R","Defend_R+1","Defend_R+1","Bash","Armaments+1","Inflame+1","Twin Strike","Limit Break+1","Carnage+1","True Grit+1","Impervious","Immolate+1","Feed+1","Pommel Strike+1","Inflame"],"special_seed":0,"relics":["Burning Blood","NeowsBlessing","Omamori","Sundial","War Paint","Matryoshka","Astrolabe","Red Mask","Regal Pillow"],"potions_floor_usage":[22],"damage_taken":[{"damage":0.0,"enemies":"Cultist","floor":1.0,"turns":1.0},{"damage":0.0,"enemies":"Small Slimes","floor":5.0,"turns":2.0},{"damage":0.0,"enemies":"Gremlin Nob","floor":7.0,"turns":1.0},{"damage":9.0,"enemies":"2 Louse","floor":8.0,"turns":3.0},{"damage":10.0,"enemies":"Large Slime","floor":12.0,"turns":5.0},{"damage":7.0,"enemies":"3 Louse","floor":13.0,"turns":3.0},{"damage":53.0,"enemies":"Hexaghost","floor":16.0,"turns":8.0},{"damage":12.0,"enemies":"Shell Parasite","floor":18.0,"turns":3.0},{"damage":49.0,"enemies":"Masked Bandits","floor":19.0,"turns":5.0},{"damage":0,"enemies":"Chosen","floor":22,"turns":3}],"seed_played":"7313199013701541046","potions_obtained":[{"floor":7.0,"key":"Block Potion"},{"floor":13.0,"key":"Block Potion"},{"floor":16.0,"key":"Poison Potion"},{"floor":18.0,"key":"Dexterity Potion"},{"floor":19.0,"key":"Energy Potion"}],"is_trial":false,"path_per_floor":["M","$","T","?","M","R","E","M","T","R","?","M","M","?","R","B",null,"M","?","$","?","M"],"character_chosen":"IRONCLAD","items_purchased":["Inflame","Regal Pillow"],"campfire_rested":1,"item_purchase_floors":[2,20],"current_hp_per_floor":[74,74,74,69,75,75,75,72,72,72,72,68,67,44,66,19,61,59,16,16,16,16],"gold":49,"neow_bonus":"THREE_ENEMY_KILL","is_prod":false,"is_daily":false,"chose_seed":false,"campfire_upgraded":2,"win_rate":0,"timestamp":1549399445,"path_taken":["M","$","?","?","M","R","E","M","T","R","?","M","M","?","R","BOSS","M","?","$","?","?"],"build_version":"2019-01-23","purchased_purges":0,"victory":false,"max_hp_per_floor":[75,75,75,75,75,75,75,75,75,75,75,75,75,75,75,75,75,79,79,79,79,79],"card_choices":[{"not_picked":["Whirlwind","Heavy Blade"],"picked":"Armaments","floor":1.0},{"not_picked":["Combust","Armaments"],"picked":"Twin Strike","floor":5.0},{"not_picked":["Pommel Strike","Thunderclap"],"picked":"Limit Break","floor":7.0},{"not_picked":["True Grit","Pommel Strike"],"picked":"Carnage","floor":8.0},{"not_picked":["Warcry","Perfected Strike"],"picked":"True Grit","floor":12.0},{"not_picked":["Shrug It Off","Armaments","Body Slam"],"picked":"SKIP","floor":13.0},{"not_picked":["Barricade","Immolate"],"picked":"Impervious","floor":16.0},{"not_picked":["Carnage","Pommel Strike","Body Slam"],"picked":"SKIP","floor":18.0},{"not_picked":["Twin Strike","Dual Wield"],"picked":"Inflame","floor":19.0}],"player_experience":758410,"relics_obtained":[{"floor":3.0,"key":"Omamori"},{"floor":7.0,"key":"War Paint"},{"floor":9.0,"key":"Matryoshka"},{"floor":19.0,"key":"Red Mask"}],"event_choices":[{"damage_healed":0.0,"max_hp_gain":0.0,"max_hp_loss":0.0,"gold_gain":0.0,"event_name":"Scrap Ooze","player_choice":"Success","floor":4.0,"gold_loss":0.0,"damage_taken":5.0,"relics_obtained":["Sundial"]},{"cards_removed":["Defend_R"],"damage_healed":0.0,"max_hp_gain":0.0,"max_hp_loss":0.0,"gold_gain":0.0,"event_name":"The Cleric","player_choice":"Card Removal","floor":11.0,"gold_loss":75.0,"damage_taken":0.0},{"damage_healed":0.0,"max_hp_gain":0.0,"max_hp_loss":0.0,"gold_gain":0.0,"event_name":"Shining Light","player_choice":"Entered Light","floor":14.0,"gold_loss":0.0,"damage_taken":23.0,"cards_upgraded":["True Grit","Carnage"]},{"damage_healed":0.0,"max_hp_gain":0.0,"max_hp_loss":0.0,"gold_gain":0.0,"event_name":"Masked Bandits","player_choice":"Fought Bandits","floor":19.0,"gold_loss":0.0,"damage_taken":0.0},{"damage_healed":0.0,"max_hp_gain":0.0,"max_hp_loss":0.0,"gold_gain":0.0,"event_name":"Upgrade Shrine","player_choice":"Upgraded","floor":21.0,"gold_loss":0.0,"damage_taken":0.0,"cards_upgraded":["Limit Break"]}],"is_beta":false,"boss_relics":[{"not_picked":["Eternal Feather","Velvet Choker"],"picked":"Astrolabe"}],"items_purged_floors":[],"is_endless":false,"potions_floor_spawned":[7,13,16,18,19],"killed_by":"Chosen","ascension_level":20}