{"gold_per_floor":[111,131,131,56,56,89,89,120,120,120,145,145,145,72,72,203,203,217,217,232,232,232],"floor_reached":22,"playtime":839,"items_purged":["Injury"],"score":276,"play_id":"46f31d1e-8e6c-4ed6-b6d6-cbc66e3c8bb2","local_time":"20190111173607","is_ascension_mode":true,"campfire_choices":[{"floor":7,"key":"REST"},{"data":"Buffer","floor":13,"key":"SMITH"},{"data":"Defragment","floor":15,"key":"SMITH"}],"neow_cost":"NONE","seed_source_timestamp":77186587146462,"circlet_count":0,"master_deck":["Strike_B+1","Strike_B","Strike_B","Strike_B+1","Defend_B","Defend_B","Defend_B","Defend_B","Zap","Dualcast","Self Repair","Defragment+1","Heatsinks","Buffer+1","BootSequence","Loop+1","Core Surge","Regret","Doubt","Pain","Conserve Battery+1","Turbo+1","Defragment+1"],"relics":["Cracked Core","Golden Idol","Sundial","Whetstone","Frozen Egg 2","Calling Bell","Bronze Scales","Pantograph","Thread and Needle","Nilry\u0027s Codex"],"potions_floor_usage":[1,6,6,6,6,16,16,20,22],"damage_taken":[{"damage":14,"enemies":"Small Slimes","floor":1,"turns":3},{"damage":3,"enemies":"2 Louse","floor":2,"turns":3},{"damage":47,"enemies":"Gremlin Nob","floor":6,"turns":5},{"damage":25,"enemies":"Lagavulin","floor":8,"turns":7},{"damage":1,"enemies":"Cultist","floor":11,"turns":4},{"damage":27,"enemies":"The Guardian","floor":16,"turns":9},{"damage":36,"enemies":"Shell Parasite","floor":18,"turns":6},{"damage":2,"enemies":"Chosen","floor":20,"turns":4},{"damage":31,"enemies":"Colosseum Slavers","floor":22,"turns":3}],"seed_played":"1401011917121741402","potions_obtained":[{"floor":0,"key":"Poison Potion"},{"floor":0,"key":"PowerPotion"},{"floor":0,"key":"EntropicBrew"},{"floor":1,"key":"AttackPotion"},{"floor":8,"key":"Energy Potion"},{"floor":10,"key":"Fire Potion"},{"floor":16,"key":"Swift Potion"},{"floor":18,"key":"SkillPotion"}],"is_trial":false,"path_per_floor":["M","M","?","$","?","E","R","E","T","?","M","?","R","$","R","B",null,"M","?","M","?","?"],"character_chosen":"DEFECT","items_purchased":["Loop+1"],"campfire_rested":1,"item_purchase_floors":[14],"current_hp_per_floor":[54,58,58,58,63,23,47,29,29,29,35,35,35,35,35,15,64,35,19,24,24,0],"gold":232,"neow_bonus":"THREE_SMALL_POTIONS","is_prod":false,"is_daily":false,"chose_seed":false,"campfire_upgraded":2,"win_rate":0,"timestamp":1547249767,"path_taken":["M","M","?","$","?","E","R","E","T","?","?","?","R","?","R","BOSS","M","?","M","?","?"],"build_version":"2019-01-10","purchased_purges":1,"victory":false,"max_hp_per_floor":[75,75,75,75,80,80,80,80,80,80,80,80,80,80,80,80,80,80,80,80,80,80],"card_choices":[{"not_picked":["Chill","Leap"],"picked":"Self Repair","floor":1},{"not_picked":["Ball Lightning","Steam"],"picked":"Defragment","floor":2},{"not_picked":["Reinforced Body","Beam Cell"],"picked":"Heatsinks","floor":6},{"not_picked":["Fusion","Turbo"],"picked":"Buffer","floor":8},{"not_picked":["Ball Lightning","Beam Cell"],"picked":"BootSequence","floor":11},{"not_picked":["Meteor Strike","Thunder Strike"],"picked":"Core Surge","floor":16},{"not_picked":["Hologram","Capacitor+1"],"picked":"Conserve Battery+1","floor":18},{"not_picked":["Streamline","Sweeping Beam"],"picked":"Turbo+1","floor":20}],"player_experience":434818,"relics_obtained":[{"floor":6,"key":"Sundial"},{"floor":8,"key":"Whetstone"},{"floor":9,"key":"Frozen Egg 2"},{"floor":17,"key":"Bronze Scales"},{"floor":17,"key":"Pantograph"},{"floor":17,"key":"Thread and Needle"},{"floor":19,"key":"Nilry\u0027s Codex"}],"event_choices":[{"damage_healed":0,"gold_gain":0,"player_choice":"Take Wound","damage_taken":0,"relics_obtained":["Golden Idol"],"max_hp_gain":0,"max_hp_loss":0,"event_name":"Golden Idol","floor":3,"gold_loss":0,"cards_obtained":["Injury"]},{"damage_healed":0,"gold_gain":0,"player_choice":"Donut","damage_taken":0,"max_hp_gain":5,"max_hp_loss":0,"event_name":"Big Fish","floor":5,"gold_loss":0},{"damage_healed":0,"gold_gain":0,"player_choice":"Got Potions","damage_taken":0,"max_hp_gain":0,"max_hp_loss":0,"event_name":"Lab","floor":10,"gold_loss":0},{"damage_healed":0,"gold_gain":0,"player_choice":"Bought 0 Potions","damage_taken":0,"max_hp_gain":0,"max_hp_loss":0,"event_name":"The Woman in Blue","floor":12,"gold_loss":0},{"damage_healed":0,"gold_gain":0,"player_choice":"Obtained Book","damage_taken":16,"max_hp_gain":0,"max_hp_loss":0,"event_name":"Cursed Tome","floor":19,"gold_loss":0},{"damage_healed":0,"gold_gain":0,"player_choice":"Read","damage_taken":0,"max_hp_gain":0,"max_hp_loss":0,"event_name":"The Library","floor":21,"gold_loss":0,"cards_obtained":["Defragment"]},{"damage_healed":0,"gold_gain":0,"player_choice":"Fight","damage_taken":0,"max_hp_gain":0,"max_hp_loss":0,"event_name":"Colosseum","floor":22,"gold_loss":0}],"is_beta":false,"boss_relics":[{"not_picked":["Runic Pyramid","Nuclear Battery"],"picked":"Calling Bell"}],"items_purged_floors":[4],"is_endless":false,"potions_floor_spawned":[1,2,8,16,18],"killed_by":"Colosseum Slavers","ascension_level":9}