{"gold_per_floor":[112,112,124,42,56,85,85,105,105,18,34,34,64,77,77,176,176,191,112,129,44,57,57,90,108,108,121,121,121,121,133,133,231,231,243,243,113,125,125],"floor_reached":39,"playtime":2545,"items_purged":["Writhe"],"score":459,"play_id":"8777e175-0c9d-459e-adf2-de052f23845f","local_time":"20181201221429","is_ascension_mode":true,"campfire_choices":[{"floor":7,"key":"RECALL"},{"floor":12,"key":"REST"},{"data":"Armaments","floor":15,"key":"SMITH"},{"floor":23,"key":"REST"},{"floor":28,"key":"REST"},{"floor":32,"key":"REST"}],"neow_cost":"NONE","seed_source_timestamp":653571615511201,"circlet_count":0,"master_deck":["Strike_R","Strike_R","Strike_R","Strike_R","Strike_R","Defend_R","Defend_R","Defend_R","Defend_R","Bash","Perfected Strike+1","Armaments+1","Fire Breathing","Body Slam","Clash","Spot Weakness","Discovery","Twin Strike","Combust","Rupture","Barricade","Armaments+1","Metallicize","Inflame","Thunderclap","Intimidate","Cleave","Shrug It Off","Rage+1","Feed","Pain","Shame","Seeing Red","Mayhem","Flame Barrier","Warcry","Perfected Strike+1"],"relics":["Burning Blood","NeowsBlessing","PreservedInsect","Oddly Smooth Stone","Mummified Hand","Lizard Tail","Pantograph","Art of War","MutagenicStrength","Calling Bell","Bronze Scales","The Courier","Girya"],"potions_floor_usage":[16,24,27,27,31,33],"damage_taken":[{"damage":0,"enemies":"Small Slimes","floor":1,"turns":1},{"damage":0,"enemies":"Cultist","floor":3,"turns":1},{"damage":0,"enemies":"Jaw Worm","floor":5,"turns":1},{"damage":14,"enemies":"Gremlin Nob","floor":6,"turns":3},{"damage":13,"enemies":"Exordium Wildlife","floor":8,"turns":4},{"damage":15,"enemies":"2 Fungi Beasts","floor":11,"turns":3},{"damage":21,"enemies":"3 Sentries","floor":13,"turns":3},{"damage":12,"enemies":"Blue Slaver","floor":14,"turns":2},{"damage":44,"enemies":"The Guardian","floor":16,"turns":8},{"damage":25,"enemies":"2 Thieves","floor":18,"turns":4},{"damage":27,"enemies":"3 Byrds","floor":20,"turns":5},{"damage":11,"enemies":"Cultist and Chosen","floor":22,"turns":5},{"damage":29,"enemies":"Book of Stabbing","floor":24,"turns":5},{"damage":42,"enemies":"3 Cultists","floor":25,"turns":6},{"damage":1,"enemies":"Sentry and Sphere","floor":27,"turns":5},{"damage":19,"enemies":"Snecko","floor":31,"turns":5},{"damage":40,"enemies":"Champ","floor":33,"turns":8},{"damage":32,"enemies":"3 Shapes","floor":35,"turns":8},{"damage":54,"enemies":"3 Darklings","floor":38,"turns":10},{"damage":59,"enemies":"Transient","floor":39,"turns":4}],"seed_played":"-1194078562277561224","potions_obtained":[{"floor":3,"key":"SkillPotion"},{"floor":8,"key":"SpeedPotion"},{"floor":11,"key":"PowerPotion"},{"floor":20,"key":"BloodPotion"},{"floor":22,"key":"Fire Potion"},{"floor":25,"key":"SkillPotion"},{"floor":31,"key":"PowerPotion"},{"floor":33,"key":"Strength Potion"},{"floor":38,"key":"Poison Potion"}],"is_trial":false,"path_per_floor":["M","?","M","$","M","E","R","M","T","$","M","R","E","M","R","B",null,"M","$","M","?","M","R","E","M","T","M","R","$","?","M","R","B",null,"M","?","$","M","M"],"character_chosen":"IRONCLAD","items_purchased":["Fire Breathing","Discovery","Metallicize","Flame Barrier","Warcry"],"campfire_rested":4,"item_purchase_floors":[4,10,19,37,37],"current_hp_per_floor":[80,80,80,80,80,72,72,65,65,65,56,80,65,59,59,21,80,61,61,40,40,35,59,44,8,8,13,37,37,37,24,48,39,80,57,57,57,9,0],"gold":125,"neow_bonus":"THREE_ENEMY_KILL","is_prod":false,"is_daily":false,"chose_seed":false,"campfire_upgraded":1,"win_rate":0,"timestamp":1543720469,"path_taken":["M","?","M","$","?","E","R","M","T","$","M","R","E","M","R","BOSS","M","$","M","?","M","R","E","M","T","M","R","$","?","M","R","BOSS","M","?","$","M","M"],"build_version":"2018-11-15","purchased_purges":1,"victory":false,"max_hp_per_floor":[80,80,80,80,80,80,80,80,80,80,80,80,80,80,80,80,80,80,80,80,80,80,80,80,80,80,80,80,80,80,80,80,80,80,83,83,83,83,83],"card_choices":[{"not_picked":["Armaments","Shockwave"],"picked":"Perfected Strike","floor":1},{"not_picked":["Perfected Strike","Whirlwind"],"picked":"Armaments","floor":3},{"not_picked":["Shockwave","Shrug It Off"],"picked":"Body Slam","floor":5},{"not_picked":["Shrug It Off","Fiend Fire"],"picked":"Clash","floor":6},{"not_picked":["Dropkick","Pommel Strike"],"picked":"Spot Weakness","floor":8},{"not_picked":["Sword Boomerang","Heavy Blade"],"picked":"Twin Strike","floor":11},{"not_picked":["Dual Wield","Cleave"],"picked":"Combust","floor":13},{"not_picked":["Perfected Strike","Twin Strike"],"picked":"Rupture","floor":14},{"not_picked":["Feed","Offering"],"picked":"Barricade","floor":16},{"not_picked":["True Grit+1","Burning Pact+1"],"picked":"Armaments+1","floor":18},{"not_picked":["Armaments","Thunderclap"],"picked":"Inflame","floor":20},{"not_picked":["Clash","Barricade"],"picked":"Thunderclap","floor":22},{"not_picked":["Pummel","Flex"],"picked":"Intimidate","floor":24},{"not_picked":["Flex","Corruption+1"],"picked":"Cleave","floor":25},{"not_picked":["Anger","Sword Boomerang"],"picked":"Shrug It Off","floor":27},{"not_picked":["Shrug It Off","Flex+1"],"picked":"Rage+1","floor":31},{"not_picked":["Brutality","Offering"],"picked":"Feed","floor":33},{"not_picked":["Flex+1","Corruption"],"picked":"Seeing Red","floor":35},{"not_picked":["Mind Blast","Swift Strike"],"picked":"Mayhem","floor":36},{"not_picked":["Clash","Pommel Strike"],"picked":"Perfected Strike+1","floor":38}],"player_experience":127420,"relics_obtained":[{"floor":6,"key":"PreservedInsect"},{"floor":9,"key":"Oddly Smooth Stone"},{"floor":13,"key":"Mummified Hand"},{"floor":24,"key":"Art of War"},{"floor":34,"key":"Bronze Scales"},{"floor":34,"key":"The Courier"},{"floor":34,"key":"Girya"}],"event_choices":[{"damage_healed":0,"gold_gain":0,"player_choice":"Forge","damage_taken":0,"max_hp_gain":0,"max_hp_loss":0,"event_name":"Accursed Blacksmith","floor":2,"gold_loss":0,"cards_upgraded":["Perfected Strike"]},{"damage_healed":0,"gold_gain":0,"player_choice":"Obtained Relic","damage_taken":0,"relics_obtained":["Pantograph"],"max_hp_gain":0,"max_hp_loss":0,"event_name":"Addict","floor":21,"gold_loss":85},{"damage_healed":0,"gold_gain":0,"player_choice":"Inject Mutagens","damage_taken":0,"relics_obtained":["MutagenicStrength"],"max_hp_gain":0,"max_hp_loss":0,"event_name":"Drug Dealer","floor":30,"gold_loss":0},{"damage_healed":0,"gold_gain":0,"player_choice":"Memory 1","damage_taken":0,"max_hp_gain":0,"max_hp_loss":0,"event_name":"SensoryStone","floor":36,"gold_loss":0}],"is_beta":false,"boss_relics":[{"not_picked":["Ectoplasm","Eternal Feather"],"picked":"Lizard Tail"},{"not_picked":["Fusion Hammer","Pandora\u0027s Box"],"picked":"Calling Bell"}],"items_purged_floors":[37],"is_endless":false,"potions_floor_spawned":[3,8,11,13,20,22,25,31,33,38],"killed_by":"Transient","ascension_level":1}