{"gold_per_floor":[115,190,190,79,96,123,123,199,199,263,263],"floor_reached":11,"playtime":201,"items_purged":["Strike_G"],"score":122,"play_id":"a73bfd47-5028-46e7-8714-9796f553b090","local_time":"20190106011400","is_ascension_mode":true,"campfire_choices":[{"data":"Footwork","floor":7,"key":"SMITH"}],"neow_cost":"NONE","seed_source_timestamp":1574648735397559,"circlet_count":0,"master_deck":["Defend_G","Defend_G","Defend_G","Defend_G","Defend_G","Strike_G","Strike_G","Strike_G","Survivor","Neutralize","Bouncing Flask","Footwork+1","Noxious Fumes","Flying Knee","Cloak And Dagger"],"relics":["Ring of the Snake","NeowsBlessing","Frozen Egg 2","Kunai","Singing Bowl","The Courier"],"potions_floor_usage":[],"damage_taken":[{"damage":0,"enemies":"Jaw Worm","floor":1,"turns":1},{"damage":0,"enemies":"Small Slimes","floor":5,"turns":1},{"damage":0,"enemies":"Gremlin Nob","floor":6,"turns":1},{"damage":40,"enemies":"Gremlin Nob","floor":10,"turns":6},{"damage":7,"enemies":"3 Sentries","floor":11,"turns":2}],"seed_played":"-8251843351344197441","potions_obtained":[],"is_trial":false,"path_per_floor":["M","?","?","$","M","E","R","T","T","?","E"],"character_chosen":"THE_SILENT","items_purchased":["Footwork"],"campfire_rested":0,"item_purchase_floors":[4],"current_hp_per_floor":[63,52,45,45,45,45,45,45,45,5,0],"gold":263,"neow_bonus":"THREE_ENEMY_KILL","is_prod":false,"is_daily":false,"chose_seed":false,"campfire_upgraded":1,"win_rate":0,"timestamp":1546755240,"path_taken":["M","?","?","$","?","E","R","?","T","?","E"],"build_version":"2019-01-03v4","purchased_purges":1,"victory":false,"max_hp_per_floor":[70,70,70,70,70,70,70,70,70,70,70],"card_choices":[{"not_picked":["Outmaneuver","PiercingWail"],"picked":"Bouncing Flask","floor":1},{"not_picked":["Cloak And Dagger","Footwork"],"picked":"Noxious Fumes","floor":5},{"not_picked":["Underhanded Strike","Bane"],"picked":"Flying Knee","floor":6},{"not_picked":["Terror","Dagger Spray"],"picked":"Cloak And Dagger","floor":10}],"player_experience":355734,"relics_obtained":[{"floor":6,"key":"Frozen Egg 2"},{"floor":8,"key":"Kunai"},{"floor":9,"key":"Singing Bowl"},{"floor":10,"key":"The Courier"}],"event_choices":[{"damage_healed":0,"gold_gain":75,"player_choice":"Gather Gold","damage_taken":11,"max_hp_gain":0,"max_hp_loss":0,"event_name":"World of Goop","floor":2,"gold_loss":0},{"cards_removed":["Strike_G"],"damage_healed":0,"gold_gain":0,"player_choice":"Card Removal","damage_taken":7,"max_hp_gain":0,"max_hp_loss":0,"event_name":"Golden Wing","floor":3,"gold_loss":0},{"damage_healed":0,"gold_gain":0,"player_choice":"Searched \u00272\u0027 times","damage_taken":0,"max_hp_gain":0,"max_hp_loss":0,"event_name":"Dead Adventurer","floor":10,"gold_loss":0}],"is_beta":false,"boss_relics":[],"items_purged_floors":[4],"is_endless":false,"potions_floor_spawned":[],"killed_by":"3 Sentries","ascension_level":6}