{"gold_per_floor":[109,119,119,119,134,134,134,148,148,148,175,175,175,207,207,308,308],"floor_reached":17,"playtime":1302,"items_purged":[],"score":163,"play_id":"d09cd99f-9e9d-46d3-b5bf-572f58eb3a87","local_time":"20190201125946","is_ascension_mode":false,"campfire_choices":[{"data":"Berserk","floor":6.0,"key":"SMITH"},{"data":"Shrug It Off","floor":10.0,"key":"SMITH"},{"data":"Uppercut","floor":12.0,"key":"SMITH"},{"data":"Disarm","floor":15.0,"key":"SMITH"}],"neow_cost":"NONE","seed_source_timestamp":0,"circlet_count":0,"master_deck":["Strike_R","Strike_R","Strike_R","Strike_R","Strike_R","Defend_R","Defend_R","Defend_R","Defend_R","Bash","Berserk+1","Headbutt","Armaments+1","Uppercut+1","Shrug It Off+1","Disarm+1","Cleave","Double Tap"],"special_seed":0,"relics":["Burning Blood","Blue Candle","Singing Bowl","Pantograph","Coffee Dripper"],"potions_floor_usage":[],"damage_taken":[{"damage":1.0,"enemies":"Cultist","floor":1.0,"turns":4.0},{"damage":0.0,"enemies":"Small Slimes","floor":2.0,"turns":3.0},{"damage":1.0,"enemies":"2 Louse","floor":5.0,"turns":3.0},{"damage":15.0,"enemies":"Exordium Thugs","floor":8.0,"turns":5.0},{"damage":5.0,"enemies":"Lagavulin","floor":11.0,"turns":7.0},{"damage":42.0,"enemies":"3 Sentries","floor":14.0,"turns":7.0},{"damage":18.0,"enemies":"Hexaghost","floor":16.0,"turns":11.0}],"seed_played":"18054722632646801","potions_obtained":[{"floor":5.0,"key":"LiquidBronze"},{"floor":8.0,"key":"Poison Potion"},{"floor":11.0,"key":"FearPotion"},{"floor":16.0,"key":"Regen Potion"}],"is_trial":false,"path_per_floor":["M","M","?","$","M","R","?","M","T","R","E","R","?","E","R","B",null],"character_chosen":"IRONCLAD","items_purchased":[],"campfire_rested":0,"item_purchase_floors":[],"current_hp_per_floor":[80,80,80,80,80,80,80,71,71,71,72,72,64,28,28,41,41],"gold":308,"neow_bonus":"ONE_RANDOM_RARE_CARD","is_prod":false,"is_daily":false,"chose_seed":false,"campfire_upgraded":4,"win_rate":0.0,"timestamp":1549047586,"path_taken":["M","M","?","$","M","R","?","M","T","R","E","R","?","E","R","BOSS"],"build_version":"2019-01-23","purchased_purges":0,"victory":false,"max_hp_per_floor":[80,80,80,80,80,80,80,80,80,80,80,80,80,80,80,80,80],"card_choices":[{"not_picked":["Havoc","Sever Soul"],"picked":"Headbutt","floor":1.0},{"not_picked":["Flex","Havoc"],"picked":"Armaments","floor":2.0},{"not_picked":["Pommel Strike","Anger"],"picked":"Uppercut","floor":5.0},{"not_picked":["Wild Strike","Clash"],"picked":"Shrug It Off","floor":8.0},{"not_picked":["Wild Strike","Iron Wave"],"picked":"Disarm","floor":11.0},{"not_picked":["Second Wind","Demon Form"],"picked":"Cleave","floor":14.0},{"not_picked":["Fiend Fire","Brutality"],"picked":"Double Tap","floor":16.0}],"player_experience":91091,"relics_obtained":[{"floor":9.0,"key":"Blue Candle"},{"floor":11.0,"key":"Singing Bowl"},{"floor":14.0,"key":"Pantograph"}],"event_choices":[{"damage_healed":0.0,"max_hp_gain":0.0,"max_hp_loss":0.0,"gold_gain":0.0,"event_name":"Living Wall","player_choice":"Grow","floor":3.0,"gold_loss":0.0,"damage_taken":0.0,"cards_upgraded":["Armaments"]},{"damage_healed":0.0,"max_hp_gain":0.0,"max_hp_loss":0.0,"gold_gain":0.0,"event_name":"The Cleric","player_choice":"Leave","floor":7.0,"gold_loss":0.0,"damage_taken":0.0},{"damage_healed":0.0,"max_hp_gain":0.0,"max_hp_loss":0.0,"gold_gain":0.0,"event_name":"Wheel of Change","player_choice":"Damaged","floor":13.0,"gold_loss":0.0,"damage_taken":8.0}],"is_beta":false,"boss_relics":[{"not_picked":["Fusion Hammer","Orrery"],"picked":"Coffee Dripper"}],"items_purged_floors":[],"is_endless":false,"potions_floor_spawned":[5,8,11,16],"ascension_level":0}