{"gold_per_floor":[115,132,207,382,392,417,417,431,431,431,58,58,82,101,101,221,221,241,255,255,255,110,110,150,150,150,185,206,55,80,80,80,199,199,220,0,25,25,46,86,86,117,142,475,435,535,114,131,131,131],"floor_reached":51,"playtime":2596,"items_purged":["Doubt"],"score":877,"play_id":"e6a9049d-40d2-4057-83ef-337f393c76fc","local_time":"20190205170757","is_ascension_mode":true,"campfire_choices":[{"floor":10.0,"key":"REST"},{"floor":15.0,"key":"REST"},{"floor":23,"key":"REST"},{"floor":32,"key":"REST"},{"floor":41,"key":"REST"},{"floor":49,"key":"REST"}],"neow_cost":"NONE","seed_source_timestamp":0,"circlet_count":0,"master_deck":["Defend_G+1","Defend_G+1","Defend_G+1","Defend_G+1","Strike_G+1","Strike_G+1","Strike_G+1","Survivor","Neutralize","Sucker Punch","Finisher","Backflip","Choke","Dagger Spray","Terror","Poisoned Stab","Unload","A Thousand Cuts+1","Terror+1","Bullet Time+1","Slice","Backstab+1","Dagger Throw","Infinite Blades+1","Heel Hook","Necronomicurse","Dash+1","Bullet Time","Footwork+1","Deflect+1","Good Instincts","Blade Dance","Dagger Throw+1","Backstab+1","Crippling Poison+1","Accuracy+1","Impatience","Secret Technique","Parasite","Deflect","Backflip+1"],"special_seed":0,"relics":["Ring of the Snake","Potion Belt","Meat on the Bone","Peace Pipe","Anchor","Vajra","Astrolabe","Boot","StoneCalendar","Frozen Egg 2","Shuriken","Lantern","Dream Catcher","Necronomicon","WristBlade","Red Mask","Strawberry","Centennial Puzzle","Juzu Bracelet","Nunchaku","Pen Nib"],"potions_floor_usage":[27,33,39,42,42,50,50],"damage_taken":[{"damage":0.0,"enemies":"Jaw Worm","floor":1.0,"turns":4.0},{"damage":0.0,"enemies":"2 Louse","floor":2.0,"turns":3.0},{"damage":2.0,"enemies":"Small Slimes","floor":5.0,"turns":4.0},{"damage":15.0,"enemies":"3 Sentries","floor":6.0,"turns":7.0},{"damage":5.0,"enemies":"Red Slaver","floor":8.0,"turns":2.0},{"damage":10.0,"enemies":"2 Fungi Beasts","floor":13.0,"turns":3.0},{"damage":5.0,"enemies":"Exordium Wildlife","floor":14.0,"turns":4.0},{"damage":13.0,"enemies":"Slime Boss","floor":16.0,"turns":9.0},{"damage":25,"enemies":"2 Thieves","floor":18,"turns":4},{"damage":11,"enemies":"3 Byrds","floor":19,"turns":5},{"damage":34,"enemies":"Gremlin Leader","floor":24,"turns":5},{"damage":10,"enemies":"Slavers","floor":27,"turns":5},{"damage":0,"enemies":"Cultist and Chosen","floor":28,"turns":3},{"damage":30,"enemies":"Collector","floor":33,"turns":7},{"damage":0,"enemies":"3 Shapes","floor":35,"turns":2},{"damage":0,"enemies":"Orb Walker","floor":37,"turns":3},{"damage":31,"enemies":"Maw","floor":39,"turns":7},{"damage":13,"enemies":"Giant Head","floor":40,"turns":6},{"damage":0,"enemies":"Nemesis","floor":42,"turns":3},{"damage":22,"enemies":"Mind Bloom Boss Battle","floor":46,"turns":3},{"damage":11,"enemies":"Writhing Mass","floor":48,"turns":4},{"damage":63,"enemies":"Awakened One","floor":50,"turns":9}],"seed_played":"9186229608131610085","potions_obtained":[{"floor":1.0,"key":"Poison Potion"},{"floor":2.0,"key":"Explosive Potion"},{"floor":6.0,"key":"AttackPotion"},{"floor":14.0,"key":"FairyPotion"},{"floor":24,"key":"EssenceOfSteel"},{"floor":28,"key":"SkillPotion"},{"floor":33,"key":"Strength Potion"},{"floor":37,"key":"SkillPotion"},{"floor":40,"key":"Fruit Juice"},{"floor":45,"key":"SneckoOil"},{"floor":45,"key":"PowerPotion"},{"floor":45,"key":"SpeedPotion"},{"floor":46,"key":"SteroidPotion"}],"is_trial":false,"path_per_floor":["M","M","?","?","M","E","?","M","T","R","$","?","M","M","R","B",null,"M","M","?","?","$","R","E","?","T","E","M","$","T","?","R","B",null,"M","?","M","?","M","E","R","E","T","?","?","?","$","M","R","B",null],"character_chosen":"THE_SILENT","items_purchased":["Anchor","Vajra","Boot","Lantern","Pen Nib","Impatience","Secret Technique"],"campfire_rested":6,"item_purchase_floors":[11,11,22,29,47,47,47],"current_hp_per_floor":[70,70,59,59,57,42,42,37,37,58,58,58,48,43,64,51,70,45,46,46,46,46,67,45,45,45,47,47,47,47,31,52,34,70,70,70,70,70,39,45,68,73,73,73,73,51,51,52,76,25],"gold":131,"neow_bonus":"RANDOM_COMMON_RELIC","is_prod":false,"is_daily":false,"chose_seed":false,"campfire_upgraded":0,"win_rate":0,"timestamp":1549357677,"path_taken":["M","M","?","?","M","E","?","M","T","R","$","?","?","M","R","BOSS","M","M","?","?","?","R","E","?","T","E","?","$","?","?","R","BOSS","M","?","M","?","M","E","R","E","T","?","?","?","$","M","R","BOSS"],"build_version":"2019-01-23","purchased_purges":1,"victory":true,"max_hp_per_floor":[70,70,70,70,70,70,70,70,70,70,70,70,70,70,70,70,70,70,70,70,70,70,70,70,70,70,70,70,70,70,70,70,70,70,70,70,70,70,70,77,77,82,82,82,82,82,82,82,82,82],"card_choices":[{"not_picked":["Eviscerate","Bouncing Flask"],"picked":"Sucker Punch","floor":1.0},{"not_picked":["Reflex","Quick Slash"],"picked":"Finisher","floor":2.0},{"not_picked":["Bouncing Flask","Finisher"],"picked":"Backflip","floor":5.0},{"not_picked":["Underhanded Strike","Eviscerate"],"picked":"Choke","floor":6.0},{"not_picked":["Backflip","Well Laid Plans"],"picked":"Dagger Spray","floor":8.0},{"not_picked":["Outmaneuver","Deadly Poison"],"picked":"Terror","floor":13.0},{"not_picked":["Riddle With Holes","Flechettes"],"picked":"Poisoned Stab","floor":14.0},{"not_picked":["Malaise","Glass Knife"],"picked":"Unload","floor":16.0},{"not_picked":["Choke","Prepared"],"picked":"Slice","floor":18},{"not_picked":["Dodge and Roll+1","Deadly Poison"],"picked":"Backstab+1","floor":19},{"not_picked":["Accuracy","Terror"],"picked":"Dagger Throw","floor":24},{"not_picked":["Acrobatics","Expertise"],"picked":"Infinite Blades+1","floor":27},{"not_picked":["Deflect+1","Expertise"],"picked":"Heel Hook","floor":28},{"not_picked":["Distraction","Terror"],"picked":"Dash+1","floor":32},{"not_picked":["Night Terror","Glass Knife"],"picked":"Bullet Time","floor":33},{"not_picked":["Deflect","Eviscerate+1"],"picked":"Footwork+1","floor":35},{"not_picked":["PiercingWail","Outmaneuver"],"picked":"Deflect+1","floor":37},{"not_picked":["Finesse","Jack Of All Trades"],"picked":"Good Instincts","floor":38},{"not_picked":["PiercingWail","Eviscerate+1"],"picked":"Blade Dance","floor":39},{"not_picked":["PiercingWail+1","Doppelganger"],"picked":"Dagger Throw+1","floor":40},{"not_picked":["Skewer+1","Poisoned Stab+1"],"picked":"Backstab+1","floor":41},{"not_picked":["PiercingWail","Dodge and Roll+1"],"picked":"Crippling Poison+1","floor":42},{"not_picked":["Flechettes+1","Dodge and Roll+1"],"picked":"Accuracy+1","floor":46},{"not_picked":["Underhanded Strike","Poisoned Stab"],"picked":"Deflect","floor":48},{"not_picked":["Finisher+1","Dodge and Roll"],"picked":"Backflip+1","floor":49}],"player_experience":73865,"relics_obtained":[{"floor":6.0,"key":"Meat on the Bone"},{"floor":9.0,"key":"Peace Pipe"},{"floor":24,"key":"StoneCalendar"},{"floor":26,"key":"Frozen Egg 2"},{"floor":27,"key":"Shuriken"},{"floor":30,"key":"Dream Catcher"},{"floor":31,"key":"Necronomicon"},{"floor":40,"key":"Strawberry"},{"floor":42,"key":"Centennial Puzzle"},{"floor":43,"key":"Juzu Bracelet"},{"floor":46,"key":"Nunchaku"}],"event_choices":[{"damage_healed":0.0,"max_hp_gain":0.0,"max_hp_loss":0.0,"gold_gain":75.0,"event_name":"World of Goop","player_choice":"Gather Gold","floor":3.0,"gold_loss":0.0,"damage_taken":11.0},{"damage_healed":0.0,"max_hp_gain":0.0,"max_hp_loss":0.0,"gold_gain":175.0,"event_name":"Liars Game","player_choice":"AGREE","floor":4.0,"gold_loss":0.0,"damage_taken":0.0,"cards_obtained":["Doubt"]},{"damage_healed":0.0,"max_hp_gain":0.0,"max_hp_loss":0.0,"gold_gain":0.0,"event_name":"Golden Idol","player_choice":"Take Wound","floor":7.0,"gold_loss":0.0,"damage_taken":0.0,"relics_obtained":["Golden Idol"],"cards_obtained":["Injury"]},{"cards_removed":["Injury"],"damage_healed":0.0,"max_hp_gain":0.0,"max_hp_loss":0.0,"gold_gain":0.0,"event_name":"Fountain of Cleansing","player_choice":"Removed Curses","floor":12.0,"gold_loss":0.0,"damage_taken":0.0},{"damage_healed":0,"gold_gain":0,"player_choice":"Ignored","damage_taken":0,"max_hp_gain":0,"max_hp_loss":0,"event_name":"Ghosts","floor":20,"gold_loss":0},{"damage_healed":0,"gold_gain":0,"player_choice":"Simplicity","damage_taken":0,"max_hp_gain":0,"max_hp_loss":0,"event_name":"Back to Basics","floor":21,"gold_loss":0,"cards_upgraded":["Defend_G","Defend_G","Defend_G","Defend_G","Strike_G","Strike_G","Strike_G"]},{"damage_healed":0,"gold_gain":0,"player_choice":"Ignored","damage_taken":0,"max_hp_gain":0,"max_hp_loss":0,"event_name":"Beggar","floor":25,"gold_loss":0},{"damage_healed":0,"gold_gain":0,"player_choice":"Obtained Book","damage_taken":16,"max_hp_gain":0,"max_hp_loss":0,"event_name":"Cursed Tome","floor":31,"gold_loss":0},{"damage_healed":0,"gold_gain":0,"player_choice":"Paid","damage_taken":0,"relics_obtained":["Red Mask"],"max_hp_gain":0,"max_hp_loss":0,"event_name":"Tomb of Lord Red Mask","floor":36,"gold_loss":220},{"damage_healed":0,"gold_gain":0,"player_choice":"Memory 1","damage_taken":0,"max_hp_gain":0,"max_hp_loss":0,"event_name":"SensoryStone","floor":38,"gold_loss":0},{"damage_healed":0,"gold_gain":333,"player_choice":"Gave Idol","damage_taken":0,"max_hp_gain":0,"max_hp_loss":0,"event_name":"The Moai Head","floor":44,"relics_lost":["Golden Idol"],"gold_loss":0},{"damage_healed":0,"gold_gain":0,"player_choice":"Bought 3 Potions","damage_taken":0,"max_hp_gain":0,"max_hp_loss":0,"event_name":"The Woman in Blue","floor":45,"gold_loss":0},{"damage_healed":0,"gold_gain":0,"player_choice":"Fight","damage_taken":0,"max_hp_gain":0,"max_hp_loss":0,"event_name":"MindBloom","floor":46,"gold_loss":0}],"is_beta":false,"boss_relics":[{"not_picked":["Runic Dome","Ectoplasm"],"picked":"Astrolabe"},{"not_picked":["Ring of the Serpent","Velvet Choker"],"picked":"WristBlade"}],"items_purged_floors":[11],"is_endless":false,"potions_floor_spawned":[1,2,6,14,24,28,33,37,40,46],"ascension_level":1}