{"gold_per_floor":[114,132,132,132,4,4,34,34,57,57,76,76,88,106,106,106],"floor_reached":16,"playtime":475,"items_purged":["Strike_B"],"score":225,"play_id":"41e82f10-717e-4eb7-b87c-109530605b58","local_time":"20181108163930","is_ascension_mode":true,"campfire_choices":[{"data":"Zap","floor":6.0,"key":"SMITH"},{"data":"Coolheaded","floor":10.0,"key":"SMITH"},{"data":"Go for the Eyes","floor":12.0,"key":"SMITH"},{"floor":15,"key":"REST"}],"neow_cost":"NONE","seed_source_timestamp":873043803324847,"circlet_count":0,"master_deck":["AscendersBane","Strike_B","Strike_B","Strike_B","Defend_B","Defend_B","Defend_B","Defend_B","Zap+1","Dualcast","Go for the Eyes+1","Gash","Coolheaded+1","Sweeping Beam","Hologram","Fission"],"special_seed":0,"relics":["Cracked Core","NeowsBlessing","Smiling Mask","Singing Bowl","Happy Flower"],"potions_floor_usage":[13],"damage_taken":[{"damage":0.0,"enemies":"2 Louse","floor":1.0,"turns":1.0},{"damage":0.0,"enemies":"Jaw Worm","floor":2.0,"turns":1.0},{"damage":0.0,"enemies":"3 Sentries","floor":7.0,"turns":1.0},{"damage":0.0,"enemies":"Cultist","floor":11.0,"turns":3.0},{"damage":43,"enemies":"Gremlin Gang","floor":13,"turns":4},{"damage":14,"enemies":"Lots of Slimes","floor":14,"turns":3},{"damage":45,"enemies":"Slime Boss","floor":16,"turns":11}],"seed_played":"2583247837129888835","potions_obtained":[{"floor":7.0,"key":"Poison Potion"},{"floor":11.0,"key":"Fruit Juice"},{"floor":14,"key":"Poison Potion"}],"is_trial":false,"path_per_floor":["M","M","?","?","$","R","E","T","T","R","M","R","M","M","R","B"],"character_chosen":"DEFECT","items_purchased":["Coolheaded"],"campfire_rested":1,"item_purchase_floors":[5],"current_hp_per_floor":[64,64,69,69,69,69,69,69,69,69,69,69,33,19,43,0],"gold":106,"neow_bonus":"THREE_ENEMY_KILL","is_prod":false,"is_daily":false,"chose_seed":false,"campfire_upgraded":3,"win_rate":0,"timestamp":1541723970,"path_taken":["M","M","?","?","?","R","E","?","T","R","M","R","M","M","R","BOSS"],"build_version":"2018-11-01","purchased_purges":1,"victory":false,"max_hp_per_floor":[71,71,76,76,76,76,76,76,76,76,76,76,83,83,83,83],"card_choices":[{"not_picked":["Stack","Conserve Battery"],"picked":"Go for the Eyes","floor":1.0},{"not_picked":["Self Repair","Scrape"],"picked":"Gash","floor":2.0},{"not_picked":["Hello World","Heatsinks"],"picked":"Sweeping Beam","floor":7.0},{"not_picked":["Conserve Battery","Fusion"],"picked":"Hologram","floor":11.0},{"not_picked":["Cold Snap","Recycle","Go for the Eyes"],"picked":"Singing Bowl","floor":13},{"not_picked":["Barrage","Streamline"],"picked":"Fission","floor":14}],"player_experience":1264152,"relics_obtained":[{"floor":7.0,"key":"Smiling Mask"},{"floor":8.0,"key":"Singing Bowl"},{"floor":9.0,"key":"Happy Flower"}],"event_choices":[{"damage_healed":0.0,"max_hp_gain":5.0,"max_hp_loss":0.0,"gold_gain":0.0,"event_name":"Big Fish","player_choice":"Donut","floor":3.0,"gold_loss":0.0,"damage_taken":0.0},{"damage_healed":0.0,"max_hp_gain":0.0,"max_hp_loss":0.0,"gold_gain":0.0,"event_name":"Liars Game","player_choice":"Ignored","floor":4.0,"gold_loss":0.0,"damage_taken":0.0}],"is_beta":false,"boss_relics":[],"items_purged_floors":[5],"is_endless":false,"potions_floor_spawned":[7,11,14],"killed_by":"Slime Boss","ascension_level":16}