{"gold_per_floor":[118,132,57,332,351,351,400,400,400,400,47,47,64,94,94,170,170,185,185,195,211,211],"floor_reached":22,"playtime":627,"items_purged":[],"score":368,"play_id":"b7e74e44-ae19-4437-993f-e80d8169079e","local_time":"20190106204346","is_ascension_mode":true,"campfire_choices":[{"data":"Darkness","floor":6,"key":"SMITH"},{"data":"Zap","floor":8,"key":"SMITH"},{"data":"Chaos","floor":12,"key":"SMITH"},{"data":"White Noise","floor":15,"key":"SMITH"}],"neow_cost":"NONE","seed_source_timestamp":67687920685491,"circlet_count":0,"master_deck":["AscendersBane","Strike_B","Strike_B","Strike_B","Defend_B","Defend_B","Defend_B","Defend_B","Zap+1","Dualcast","Darkness+1","White Noise+1","Chaos+1","Conserve Battery","Reboot","Hologram","Zap","Cold Snap+1"],"relics":["Cracked Core","NeowsBlessing","Regal Pillow","Kunai","Mango","Oddly Smooth Stone","Sozu"],"potions_floor_usage":[16,18],"damage_taken":[{"damage":0,"enemies":"Cultist","floor":1,"turns":1},{"damage":0,"enemies":"2 Louse","floor":2,"turns":1},{"damage":0,"enemies":"Jaw Worm","floor":5,"turns":1},{"damage":0,"enemies":"Red Slaver","floor":13,"turns":2},{"damage":23,"enemies":"Lagavulin","floor":14,"turns":5},{"damage":51,"enemies":"The Guardian","floor":16,"turns":10},{"damage":32,"enemies":"Shell Parasite","floor":18,"turns":4},{"damage":5,"enemies":"Spheric Guardian","floor":20,"turns":3},{"damage":13,"enemies":"Centurion and Healer","floor":21,"turns":4},{"damage":18,"enemies":"Snake Plant","floor":22,"turns":1}],"seed_played":"-7185668248100633773","potions_obtained":[{"floor":1,"key":"SneckoOil"},{"floor":14,"key":"PowerPotion"}],"is_trial":false,"path_per_floor":["M","M","?","?","M","R","T","R","T","?","$","R","M","E","R","B",null,"M","?","M","M","M"],"character_chosen":"DEFECT","items_purchased":["Chaos","Mango"],"campfire_rested":0,"item_purchase_floors":[11,11],"current_hp_per_floor":[64,64,64,64,64,64,64,64,64,64,78,78,78,55,55,4,65,33,33,28,15,0],"gold":211,"neow_bonus":"THREE_ENEMY_KILL","is_prod":false,"is_daily":false,"chose_seed":false,"campfire_upgraded":4,"win_rate":0,"timestamp":1546767826,"path_taken":["M","?","?","?","?","R","?","R","T","?","$","R","?","E","R","BOSS","M","?","M","?","M"],"build_version":"2018-11-15","purchased_purges":0,"victory":false,"max_hp_per_floor":[71,71,71,71,71,71,71,71,71,71,85,85,85,85,85,85,85,85,85,85,85,85],"card_choices":[{"not_picked":["Sunder","Undo"],"picked":"Darkness","floor":1},{"not_picked":["Turbo","Sweeping Beam","Rip and Tear"],"picked":"SKIP","floor":2},{"not_picked":["Sunder","Gash"],"picked":"White Noise","floor":5},{"not_picked":["Barrage","Sweeping Beam","Streamline"],"picked":"SKIP","floor":13},{"not_picked":["Redo","Auto Shields"],"picked":"Conserve Battery","floor":14},{"not_picked":["All For One","Hyperbeam"],"picked":"Reboot","floor":16},{"not_picked":["Leap","Barrage"],"picked":"Hologram","floor":18},{"not_picked":["Sunder","Thunder Strike"],"picked":"Cold Snap+1","floor":20},{"not_picked":["Streamline","Rip and Tear","Heatsinks"],"picked":"SKIP","floor":21}],"player_experience":997547,"relics_obtained":[{"floor":7,"key":"Regal Pillow"},{"floor":9,"key":"Kunai"},{"floor":14,"key":"Oddly Smooth Stone"}],"event_choices":[{"cards_removed":["Strike_B"],"damage_healed":0,"gold_gain":0,"player_choice":"Card Removal","damage_taken":0,"max_hp_gain":0,"max_hp_loss":0,"event_name":"The Cleric","floor":3,"gold_loss":75},{"damage_healed":0,"gold_gain":275,"player_choice":"Desecrate","damage_taken":0,"max_hp_gain":0,"max_hp_loss":0,"event_name":"Golden Shrine","floor":4,"gold_loss":0,"cards_obtained":["Regret"]},{"cards_removed":["Regret"],"damage_healed":0,"gold_gain":0,"player_choice":"Purged","damage_taken":0,"max_hp_gain":0,"max_hp_loss":0,"event_name":"Purifier","floor":10,"gold_loss":0},{"damage_healed":0,"gold_gain":0,"player_choice":"1 cards matched","damage_taken":0,"max_hp_gain":0,"max_hp_loss":0,"event_name":"Match and Keep!","floor":19,"gold_loss":0,"cards_obtained":["Zap"]}],"is_beta":true,"boss_relics":[{"not_picked":["Pandora\u0027s Box","Tiny House"],"picked":"Sozu"}],"items_purged_floors":[],"is_endless":false,"potions_floor_spawned":[1,14,20],"killed_by":"Snake Plant","ascension_level":20}