{"gold_per_floor":[117,137,137,137,62,91,91,125,149,183,183,199,210,210,210,210],"floor_reached":16,"playtime":890,"items_purged":["Strike_R"],"score":236,"play_id":"248fbe38-1946-4ce1-810f-21105e98fc58","local_time":"20190202134011","is_ascension_mode":true,"campfire_choices":[{"data":"Bash","floor":7,"key":"SMITH"},{"data":"Reaper","floor":11,"key":"SMITH"},{"data":"Shrug It Off","floor":15,"key":"SMITH"}],"neow_cost":"NONE","seed_source_timestamp":412249564965246,"circlet_count":0,"master_deck":["AscendersBane","Strike_R","Strike_R","Strike_R+1","Defend_R","Defend_R+1","Defend_R","Defend_R","Bash+1","Sword Boomerang","Sword Boomerang","Shrug It Off+1","Warcry","Reaper+1","Battle Trance+1","Sword Boomerang"],"relics":["Burning Blood","NeowsBlessing","Regal Pillow","The Courier","PreservedInsect","Toxic Egg 2","Matryoshka"],"potions_floor_usage":[8,16],"damage_taken":[{"damage":0,"enemies":"Small Slimes","floor":1,"turns":1},{"damage":0,"enemies":"2 Louse","floor":2,"turns":1},{"damage":0,"enemies":"Gremlin Nob","floor":6,"turns":1},{"damage":43,"enemies":"Lagavulin","floor":8,"turns":7},{"damage":13,"enemies":"3 Sentries","floor":10,"turns":11},{"damage":3,"enemies":"Jaw Worm","floor":12,"turns":4},{"damage":0,"enemies":"Blue Slaver","floor":13,"turns":7},{"damage":44,"enemies":"Slime Boss","floor":16,"turns":7}],"seed_played":"5588804195806126346","potions_obtained":[{"floor":2,"key":"Ancient Potion"},{"floor":6,"key":"PowerPotion"},{"floor":13,"key":"AttackPotion"}],"is_trial":false,"path_per_floor":["M","M","?","?","$","E","R","E","T","E","R","M","M","T","R","B"],"character_chosen":"IRONCLAD","items_purchased":[],"campfire_rested":0,"item_purchase_floors":[],"current_hp_per_floor":[78,80,73,57,57,63,63,26,26,19,19,23,34,34,34,0],"gold":210,"neow_bonus":"THREE_ENEMY_KILL","is_prod":false,"is_daily":false,"chose_seed":false,"campfire_upgraded":3,"win_rate":0,"timestamp":1549136411,"path_taken":["M","M","?","?","?","E","R","E","T","E","R","M","M","?","R","BOSS"],"build_version":"2019-01-23","purchased_purges":1,"victory":false,"max_hp_per_floor":[80,80,80,80,80,80,80,80,80,80,80,80,80,80,80,80],"card_choices":[{"not_picked":["Clash","Evolve"],"picked":"Sword Boomerang","floor":1},{"not_picked":["Havoc","Clothesline"],"picked":"Sword Boomerang","floor":2},{"not_picked":["Battle Trance","Cleave"],"picked":"Shrug It Off","floor":6},{"not_picked":["Feel No Pain","Second Wind"],"picked":"Warcry","floor":8},{"not_picked":["Inflame","Body Slam"],"picked":"Reaper","floor":10},{"not_picked":["Searing Blow","Perfected Strike"],"picked":"Battle Trance+1","floor":12},{"not_picked":["Anger","Twin Strike"],"picked":"Sword Boomerang","floor":13}],"player_experience":510989,"relics_obtained":[{"floor":6,"key":"Regal Pillow"},{"floor":8,"key":"The Courier"},{"floor":9,"key":"PreservedInsect"},{"floor":10,"key":"Toxic Egg 2"},{"floor":14,"key":"Matryoshka"}],"event_choices":[{"cards_removed":["Strike_R"],"damage_healed":0,"gold_gain":0,"player_choice":"Card Removal","damage_taken":7,"max_hp_gain":0,"max_hp_loss":0,"event_name":"Golden Wing","floor":3,"gold_loss":0},{"damage_healed":0,"gold_gain":0,"player_choice":"Entered Light","damage_taken":16,"max_hp_gain":0,"max_hp_loss":0,"event_name":"Shining Light","floor":4,"gold_loss":0,"cards_upgraded":["Strike_R","Defend_R"]}],"is_beta":false,"boss_relics":[],"items_purged_floors":[5],"is_endless":false,"potions_floor_spawned":[2,6,13],"killed_by":"Slime Boss","ascension_level":13}