{"path_per_floor":["M","M","M","M","M","R","?","M","T","M","R","M","E","T","R","B",null,"M","$","M","?","?","R","M","M","T","M","M","$","R","E","R"],"character_chosen":"DEFECT","items_purchased":["Cold Snap","Kunai","Bottled Lightning","Molten Egg 2","Ball Lightning"],"gold_per_floor":[214,228,238,250,261,261,261,276,276,290,290,304,335,335,335,438,438,458,16,31,31,181,181,201,216,216,236,251,30,30,59,59,59],"floor_reached":33,"campfire_rested":1,"playtime":8155,"item_purchase_floors":[],"current_hp_per_floor":[72,72,72,71,71,71,76,72,72,72,72,68,67,67,67,35,80,45,45,21,21,21,45,51,51,51,42,45,45,45,42,42,0],"items_purged":[],"gold":59,"score":273,"play_id":"5293c3b4-ee4a-4626-9fe8-4a0d8f72a40a","local_time":"20180611141143","is_prod":false,"is_daily":false,"chose_seed":false,"is_ascension_mode":false,"campfire_upgraded":5,"win_rate":0,"timestamp":1528751503,"campfire_choices":[{"data":"Zap","floor":6.0,"key":"SMITH"},{"data":"Redo","floor":11.0,"key":"SMITH"},{"data":"Go for the Eyes","floor":15.0,"key":"SMITH"},{"floor":23.0,"key":"REST"},{"data":"Hologram","floor":30.0,"key":"SMITH"},{"data":"Beam Cell","floor":32,"key":"SMITH"}],"path_taken":["M","M","M","M","M","R","?","M","T","M","R","M","E","?","R","BOSS","M","$","M","?","?","R","M","M","T","?","?","$","R","E","R","BOSS"],"build_version":"2018-06-07v3","seed_source_timestamp":0,"purchased_purges":0,"victory":false,"master_deck":["Strike_B","Strike_B","Strike_B","Strike_B","Defend_B","Defend_B","Defend_B","Defend_B","Zap+1","Dualcast","Redo+1","Sunder","Hologram+1","Go for the Eyes+1","Conserve Battery","Stack","Hologram","Beam Cell+1","Machine Learning","Streamline","Cold Snap","Self Repair","Turbo","Cold Snap+1","Stack","BootSequence","Ball Lightning+1","Machine Learning"],"max_hp_per_floor":[75,75,75,75,75,75,80,80,80,80,80,80,80,80,80,80,80,80,80,80,80,80,80,80,80,80,80,80,80,80,80,80,80],"relics":["Cracked Core","Meat on the Bone","The Courier","Matryoshka","Inserter","Kunai","Bottled Lightning","Boot","Mummified Hand","Molten Egg 2","Bird Faced Urn"],"card_choices":[{"not_picked":["Self Repair","Scrape"],"picked":"Redo","floor":1.0},{"not_picked":["Rip and Tear","Capacitor"],"picked":"Sunder","floor":2.0},{"not_picked":["Steam","Stack"],"picked":"Hologram","floor":3.0},{"not_picked":["Rip and Tear","Recycle"],"picked":"Go for the Eyes","floor":4.0},{"not_picked":["Gash","Blizzard"],"picked":"Conserve Battery","floor":5.0},{"not_picked":["Recycle","Skim"],"picked":"Stack","floor":8.0},{"not_picked":["Aggregate","Coolheaded"],"picked":"Hologram","floor":10.0},{"not_picked":["Barrage","Undo","Turbo"],"picked":"SKIP","floor":12.0},{"not_picked":["Lockon","Rebound"],"picked":"Beam Cell","floor":13.0},{"not_picked":["Hyperbeam","Buffer"],"picked":"Machine Learning","floor":16.0},{"not_picked":["Blizzard","Static Discharge+1"],"picked":"Streamline","floor":18.0},{"not_picked":["Scrape+1","Undo"],"picked":"Self Repair","floor":20.0},{"not_picked":["Doom and Gloom+1","Double Energy+1"],"picked":"Turbo","floor":24.0},{"not_picked":["Scrape","Gash+1"],"picked":"Cold Snap+1","floor":25.0},{"not_picked":["Hologram","Multi-Cast"],"picked":"Stack","floor":27.0},{"not_picked":["Force Field","Beam Cell"],"picked":"BootSequence","floor":28.0},{"not_picked":["Skim","Recycle+1"],"picked":"Machine Learning","floor":31}],"player_experience":835506,"potions_floor_usage":[31,31,31],"damage_taken":[{"damage":3.0,"enemies":"Small Slimes","floor":1.0,"turns":3.0},{"damage":0.0,"enemies":"2 Louse","floor":2.0,"turns":3.0},{"damage":0.0,"enemies":"Cultist","floor":3.0,"turns":2.0},{"damage":1.0,"enemies":"Exordium Wildlife","floor":4.0,"turns":2.0},{"damage":0.0,"enemies":"Large Slime","floor":5.0,"turns":4.0},{"damage":4.0,"enemies":"Exordium Thugs","floor":8.0,"turns":3.0},{"damage":0.0,"enemies":"Red Slaver","floor":10.0,"turns":3.0},{"damage":4.0,"enemies":"Looter","floor":12.0,"turns":2.0},{"damage":1.0,"enemies":"Lagavulin","floor":13.0,"turns":6.0},{"damage":44.0,"enemies":"The Guardian","floor":16.0,"turns":14.0},{"damage":35.0,"enemies":"Spheric Guardian","floor":18.0,"turns":6.0},{"damage":36.0,"enemies":"3 Byrds","floor":20.0,"turns":6.0},{"damage":27.0,"enemies":"Snake Plant","floor":24.0,"turns":6.0},{"damage":7.0,"enemies":"Cultist and Chosen","floor":25.0,"turns":6.0},{"damage":28.0,"enemies":"3 Cultists","floor":27.0,"turns":7.0},{"damage":16.0,"enemies":"Snake Plant","floor":28.0,"turns":5.0},{"damage":22,"enemies":"Slavers","floor":31,"turns":7},{"damage":58,"enemies":"Champ","floor":33,"turns":15}],"relics_obtained":[{"floor":9.0,"key":"Meat on the Bone"},{"floor":13.0,"key":"The Courier"},{"floor":14.0,"key":"Matryoshka"},{"floor":26.0,"key":"Boot"},{"floor":26.0,"key":"Mummified Hand"},{"floor":31,"key":"Bird Faced Urn"}],"event_choices":[{"event_name":"Big Fish","player_choice":"Donut","floor":7.0,"damage_taken":0.0},{"event_name":"The Lab","player_choice":"Got Potions","floor":21.0,"damage_taken":0.0},{"event_name":"Nest","player_choice":"Stole From Cult","floor":22.0,"damage_taken":0.0}],"boss_relics":[{"not_picked":["Runic Pyramid","Calling Bell"],"picked":"Inserter"}],"items_purged_floors":[],"potions_floor_spawned":[1,2,5,10,16,20,24,28],"seed_played":"2854602860103400706","killed_by":"Champ","ascension_level":0,"potions_obtained":[{"floor":1.0,"key":"Fire Potion"},{"floor":2.0,"key":"SpeedPotion"},{"floor":5.0,"key":"Weak Potion"},{"floor":10.0,"key":"Explosive Potion"},{"floor":16.0,"key":"PowerPotion"},{"floor":20.0,"key":"SteroidPotion"},{"floor":21.0,"key":"Regen Potion"},{"floor":24.0,"key":"Strength Potion"},{"floor":28.0,"key":"SpeedPotion"}],"is_trial":false}