{"gold_per_floor":[116,191,2,18,18,18,18,18,18,35,60,70,85,120,120,225,225,237,237,48,63,13,13,68,81,104,54,54,54,54,54,54,54],"floor_reached":33,"playtime":1484,"items_purged":["Strike_R","Strike_R","Strike_R"],"score":326,"play_id":"f36a4d4b-b3ab-45b3-b66b-dd4810167d50","local_time":"20190203143525","is_ascension_mode":true,"campfire_choices":[{"data":"Body Slam","floor":6,"key":"SMITH"},{"data":"Bash","floor":15,"key":"SMITH"},{"data":"True Grit","floor":23,"key":"SMITH"},{"data":"Limit Break","floor":30,"key":"SMITH"},{"data":"Thinking Ahead","floor":32,"key":"SMITH"}],"neow_cost":"NONE","seed_source_timestamp":6741679896997,"circlet_count":0,"master_deck":["Strike_R","Defend_R","Defend_R+1","Defend_R","Defend_R","Bash+1","Twin Strike","True Grit+1","Body Slam+1","Whirlwind","Iron Wave","Shrug It Off+1","Inflame","Limit Break+1","Sword Boomerang","Thinking Ahead+1","Flame Barrier","Shrug It Off"],"relics":["Burning Blood","Smiling Mask","Shuriken","Bag of Preparation","PreservedInsect","Sundial","White Beast Statue","Tiny Chest","Blood Vial","War Paint"],"potions_floor_usage":[4,16,19,21,24,25,33,33,33],"damage_taken":[{"damage":8,"enemies":"Jaw Worm","floor":1,"turns":4},{"damage":0,"enemies":"Cultist","floor":4,"turns":3},{"damage":2,"enemies":"2 Louse","floor":10,"turns":3},{"damage":5,"enemies":"Looter","floor":12,"turns":3},{"damage":6,"enemies":"Blue Slaver","floor":13,"turns":4},{"damage":9,"enemies":"3 Sentries","floor":14,"turns":5},{"damage":40,"enemies":"The Guardian","floor":16,"turns":11},{"damage":11,"enemies":"Spheric Guardian","floor":18,"turns":4},{"damage":1,"enemies":"3 Byrds","floor":21,"turns":4},{"damage":44,"enemies":"Book of Stabbing","floor":24,"turns":5},{"damage":25,"enemies":"Snecko","floor":25,"turns":6},{"damage":65,"enemies":"Automaton","floor":33,"turns":6}],"seed_played":"-6383397130294675545","potions_obtained":[{"floor":4,"key":"Fruit Juice"},{"floor":14,"key":"Block Potion"},{"floor":18,"key":"GamblersBrew"},{"floor":19,"key":"Fruit Juice"},{"floor":19,"key":"BloodPotion"},{"floor":19,"key":"Energy Potion"},{"floor":21,"key":"Poison Potion"},{"floor":24,"key":"Explosive Potion"},{"floor":25,"key":"Dexterity Potion"}],"is_trial":false,"path_per_floor":["M","?","$","M","T","R","$","?","T","M","T","M","M","E","R","B",null,"M","?","$","M","$","R","E","M","T","$","T","?","R","T","R","B"],"character_chosen":"IRONCLAD","items_purchased":["True Grit","Body Slam","Whirlwind","Thinking Ahead"],"campfire_rested":0,"item_purchase_floors":[3,3,3,20],"current_hp_per_floor":[78,70,70,81,81,81,81,81,81,85,85,85,85,82,82,48,76,71,76,76,81,81,81,52,33,33,33,33,63,63,63,63,0],"gold":54,"neow_bonus":"RANDOM_COMMON_RELIC","is_prod":false,"is_daily":false,"chose_seed":false,"campfire_upgraded":5,"win_rate":0,"timestamp":1549172125,"path_taken":["M","?","$","?","?","R","?","?","T","M","?","?","M","E","R","BOSS","M","?","?","M","$","R","E","M","T","$","?","?","R","?","R","BOSS"],"build_version":"2019-01-23","purchased_purges":3,"victory":false,"max_hp_per_floor":[80,80,80,85,85,85,85,85,85,85,85,85,85,85,85,85,85,85,90,90,90,90,90,90,90,90,90,90,90,90,90,90,90],"card_choices":[{"not_picked":["Rupture","Sever Soul"],"picked":"Twin Strike","floor":1},{"not_picked":["Heavy Blade","Iron Wave","Cleave"],"picked":"SKIP","floor":4},{"not_picked":["Flex","Rampage","Pommel Strike"],"picked":"SKIP","floor":10},{"not_picked":["Flex","Spot Weakness"],"picked":"Iron Wave","floor":12},{"not_picked":["Flex","Flame Barrier"],"picked":"Shrug It Off","floor":13},{"not_picked":["Thunderclap","Second Wind"],"picked":"Inflame","floor":14},{"not_picked":["Brutality","Double Tap"],"picked":"Limit Break","floor":16},{"not_picked":["Seeing Red","Flex"],"picked":"Sword Boomerang","floor":18},{"not_picked":["Body Slam","Disarm"],"picked":"Flame Barrier","floor":21},{"not_picked":["Dual Wield","Warcry","Perfected Strike"],"picked":"SKIP","floor":24},{"not_picked":["Inflame","Thunderclap+1"],"picked":"Shrug It Off","floor":25}],"player_experience":790759,"relics_obtained":[{"floor":5,"key":"Shuriken"},{"floor":9,"key":"Bag of Preparation"},{"floor":11,"key":"PreservedInsect"},{"floor":14,"key":"Sundial"},{"floor":24,"key":"Tiny Chest"},{"floor":26,"key":"Blood Vial"},{"floor":28,"key":"War Paint"}],"event_choices":[{"damage_healed":0,"gold_gain":75,"player_choice":"Touch","damage_taken":8,"max_hp_gain":0,"max_hp_loss":0,"event_name":"FaceTrader","floor":2,"gold_loss":0},{"cards_removed":["Strike_R"],"damage_healed":0,"gold_gain":0,"player_choice":"Forget","damage_taken":0,"max_hp_gain":0,"max_hp_loss":0,"event_name":"Living Wall","floor":8,"gold_loss":0},{"damage_healed":0,"gold_gain":0,"player_choice":"Got Potions","damage_taken":0,"max_hp_gain":0,"max_hp_loss":0,"event_name":"Lab","floor":19,"gold_loss":0},{"damage_healed":30,"gold_gain":0,"player_choice":"Heal","damage_taken":0,"max_hp_gain":0,"max_hp_loss":0,"event_name":"The Library","floor":29,"gold_loss":0}],"is_beta":false,"boss_relics":[{"not_picked":["Pandora\u0027s Box","Coffee Dripper"],"picked":"White Beast Statue"}],"items_purged_floors":[3,22,27],"is_endless":false,"potions_floor_spawned":[4,14,18,21,24,25],"killed_by":"Automaton","ascension_level":5}