{"gold_per_floor":[112,62,76,76,251,251,292,292,292,136,174,198,222,32,32,161,161,184,184,184,200,241,241,311,336,336,336,351,351,364,387,387,508,508,528,229,253,213,24,24,149,188,188,188,229,252,48,61,61,61],"floor_reached":51,"playtime":6112,"items_purged":["Doubt"],"score":819,"play_id":"6955a489-7088-4f87-96f4-ce99f044e219","local_time":"20190102192747","is_ascension_mode":true,"campfire_choices":[{"data":"Zap","floor":6.0,"key":"SMITH"},{"data":"Defragment","floor":8.0,"key":"SMITH"},{"data":"Dualcast","floor":15.0,"key":"SMITH"},{"data":"Panache","floor":23.0,"key":"SMITH"},{"floor":29,"key":"REST"},{"floor":32,"key":"REST"},{"floor":40,"key":"REST"},{"floor":44,"key":"REST"},{"floor":49,"key":"REST"}],"neow_cost":"NONE","seed_source_timestamp":0,"circlet_count":0,"master_deck":["Defend_B","Defend_B","Defend_B+1","Defend_B","Zap+1","Dualcast+1","Skim","Steam","Beam Cell","Defragment+1","FTL","Ball Lightning","Echo Form","Panache+1","Reboot","Reinforced Body","FTL","Steam","Auto Shields+1","Go for the Eyes","Creative AI+1","Fission","Madness","Leap+1","Apotheosis","Chill+1","Coolheaded","Hologram","Coolheaded","Hologram","Storm"],"special_seed":0,"relics":["Cracked Core","Golden Idol","DataDisk","Sundial","Strawberry","Empty Cage","Red Mask","Tiny Chest","Pocketwatch","Fusion Hammer","Centennial Puzzle","FossilizedHelix","Dream Catcher","Bottled Flame","Shuriken","Ancient Tea Set","Happy Flower"],"potions_floor_usage":[25,30,31,50,50,50],"damage_taken":[{"damage":0.0,"enemies":"Small Slimes","floor":1.0,"turns":3.0},{"damage":4.0,"enemies":"Jaw Worm","floor":3.0,"turns":4.0},{"damage":39.0,"enemies":"3 Sentries","floor":7.0,"turns":13.0},{"damage":7.0,"enemies":"Gremlin Nob","floor":11.0,"turns":3.0},{"damage":2.0,"enemies":"2 Louse","floor":12.0,"turns":2.0},{"damage":0.0,"enemies":"2 Fungi Beasts","floor":13.0,"turns":2.0},{"damage":7.0,"enemies":"Hexaghost","floor":16.0,"turns":5.0},{"damage":19.0,"enemies":"2 Thieves","floor":18.0,"turns":3.0},{"damage":6.0,"enemies":"Shell Parasite","floor":21.0,"turns":3.0},{"damage":19.0,"enemies":"Masked Bandits","floor":22.0,"turns":3.0},{"damage":9.0,"enemies":"Slavers","floor":24.0,"turns":3.0},{"damage":27,"enemies":"Snecko","floor":25,"turns":5},{"damage":27,"enemies":"Shelled Parasite and Fungi","floor":28,"turns":4},{"damage":5,"enemies":"3 Cultists","floor":30,"turns":5},{"damage":0,"enemies":"Snake Plant","floor":31,"turns":3},{"damage":7,"enemies":"Collector","floor":33,"turns":6},{"damage":6,"enemies":"Orb Walker","floor":35,"turns":5},{"damage":0,"enemies":"3 Shapes","floor":37,"turns":5},{"damage":3,"enemies":"Mind Bloom Boss Battle","floor":41,"turns":5},{"damage":0,"enemies":"Giant Head","floor":42,"turns":8},{"damage":3,"enemies":"Nemesis","floor":45,"turns":9},{"damage":0,"enemies":"Maw","floor":48,"turns":7},{"damage":0,"enemies":"Time Eater","floor":50,"turns":5}],"seed_played":"-2616081151071386722","potions_obtained":[{"floor":7.0,"key":"Weak Potion"},{"floor":13.0,"key":"Fire Potion"},{"floor":22.0,"key":"GamblersBrew"},{"floor":25,"key":"Explosive Potion"},{"floor":30,"key":"SkillPotion"},{"floor":33,"key":"FocusPotion"},{"floor":42,"key":"Strength Potion"},{"floor":48,"key":"Dexterity Potion"}],"is_trial":false,"path_per_floor":["M","?","M","?","?","R","E","R","T","$","E","M","M","$","R","B",null,"M","$","?","M","?","R","E","M","T","?","M","R","M","M","R","B",null,"M","$","M","?","$","R","?","E","T","R","E","T","$","M","R","B",null],"character_chosen":"DEFECT","items_purchased":["FTL","Panache","Madness","Centennial Puzzle","PowerPotion","Apotheosis","Happy Flower","Coolheaded"],"campfire_rested":5,"item_purchase_floors":[10,14,36,36,36,39,47,47],"current_hp_per_floor":[75,75,71,53,53,53,14,14,14,14,14,12,12,12,12,5,82,63,63,63,57,38,38,29,2,2,29,2,26,21,21,45,38,82,76,76,76,76,76,82,79,79,79,82,79,79,79,79,82,82],"gold":61,"neow_bonus":"TRANSFORM_CARD","is_prod":false,"is_daily":false,"chose_seed":false,"campfire_upgraded":4,"win_rate":0,"timestamp":1546417667,"path_taken":["M","?","M","?","?","R","E","R","T","$","E","M","M","?","R","BOSS","M","$","?","M","?","R","E","M","T","?","?","R","M","M","R","BOSS","M","$","M","?","?","R","?","E","T","R","E","?","$","M","R","BOSS"],"build_version":"2018-11-15","purchased_purges":1,"victory":true,"max_hp_per_floor":[75,75,75,75,75,75,75,75,75,75,82,82,82,82,82,82,82,82,82,82,82,82,82,82,82,82,82,82,82,82,82,82,82,82,82,82,82,82,82,82,82,82,82,82,82,82,82,82,82,82],"card_choices":[{"not_picked":["Hologram","Turbo"],"picked":"Steam","floor":1.0},{"not_picked":["Streamline","Reprogram"],"picked":"Beam Cell","floor":3.0},{"not_picked":["Consume","Loop"],"picked":"Defragment","floor":7.0},{"not_picked":["Beam Cell","Barrage","Turbo"],"picked":"SKIP","floor":11.0},{"not_picked":["Redo","Barrage"],"picked":"Ball Lightning","floor":12.0},{"not_picked":["White Noise","Hologram"],"picked":"Echo Form","floor":13.0},{"not_picked":["Core Surge","Machine Learning"],"picked":"Reboot","floor":16.0},{"not_picked":["Fusion","Rip and Tear"],"picked":"Reinforced Body","floor":18.0},{"not_picked":["Rebound","Tempest"],"picked":"FTL","floor":21.0},{"not_picked":["Consume","Scrape"],"picked":"Steam","floor":24.0},{"not_picked":["Heatsinks","Streamline"],"picked":"Auto Shields+1","floor":25},{"not_picked":["Reprogram+1","Turbo","Recycle+1"],"picked":"SKIP","floor":28},{"not_picked":["Auto Shields","Turbo+1"],"picked":"Go for the Eyes","floor":30},{"not_picked":["Consume","Compile Driver"],"picked":"Creative AI","floor":31},{"not_picked":["Thunder Strike","Biased Cognition"],"picked":"Fission","floor":33},{"not_picked":["Steam Power","Streamline","Turbo+1"],"picked":"SKIP","floor":35},{"not_picked":["Recycle","Beam Cell+1"],"picked":"Leap+1","floor":37},{"not_picked":["Genetic Algorithm+1","Stack+1"],"picked":"Chill+1","floor":41},{"not_picked":["Streamline+1","Consume","Melter+1"],"picked":"SKIP","floor":42},{"not_picked":["Sweeping Beam","Aggregate"],"picked":"Coolheaded","floor":44},{"not_picked":["Beam Cell","Cold Snap+1"],"picked":"Hologram","floor":45},{"not_picked":["Stack","Beam Cell+1"],"picked":"Hologram","floor":48},{"not_picked":["Streamline+1","Consume"],"picked":"Storm","floor":49}],"player_experience":971821,"relics_obtained":[{"floor":7.0,"key":"DataDisk"},{"floor":9.0,"key":"Sundial"},{"floor":11.0,"key":"Strawberry"},{"floor":22.0,"key":"Red Mask"},{"floor":24.0,"key":"Tiny Chest"},{"floor":26,"key":"Pocketwatch"},{"floor":41,"key":"FossilizedHelix"},{"floor":42,"key":"Dream Catcher"},{"floor":43,"key":"Bottled Flame"},{"floor":45,"key":"Shuriken"},{"floor":46,"key":"Ancient Tea Set"}],"event_choices":[{"cards_removed":["Strike_B"],"damage_healed":0.0,"max_hp_gain":0.0,"max_hp_loss":0.0,"gold_gain":0.0,"event_name":"The Cleric","player_choice":"Card Removal","floor":2.0,"gold_loss":50.0,"damage_taken":0.0},{"damage_healed":0.0,"max_hp_gain":0.0,"max_hp_loss":0.0,"gold_gain":0.0,"event_name":"Golden Idol","player_choice":"Take Damage","floor":4.0,"gold_loss":0.0,"damage_taken":18.0,"relics_obtained":["Golden Idol"]},{"damage_healed":0.0,"max_hp_gain":0.0,"max_hp_loss":0.0,"gold_gain":175.0,"event_name":"Liars Game","player_choice":"AGREE","floor":5.0,"gold_loss":0.0,"damage_taken":0.0,"cards_obtained":["Doubt"]},{"damage_healed":0.0,"max_hp_gain":0.0,"max_hp_loss":0.0,"gold_gain":0.0,"event_name":"Cursed Tome","player_choice":"Ignored","floor":20.0,"gold_loss":0.0,"damage_taken":0.0},{"damage_healed":0.0,"max_hp_gain":0.0,"max_hp_loss":0.0,"gold_gain":0.0,"event_name":"Masked Bandits","player_choice":"Fought Bandits","floor":22.0,"gold_loss":0.0,"damage_taken":0.0},{"damage_healed":27,"gold_gain":0,"player_choice":"Heal","damage_taken":0,"max_hp_gain":0,"max_hp_loss":0,"event_name":"The Library","floor":27,"gold_loss":0},{"damage_healed":0,"gold_gain":0,"player_choice":"Upgraded Two","damage_taken":0,"max_hp_gain":0,"max_hp_loss":0,"event_name":"Designer","floor":38,"gold_loss":40,"cards_upgraded":["Defend_B","Creative AI"]},{"damage_healed":0,"gold_gain":0,"player_choice":"Fight","damage_taken":0,"max_hp_gain":0,"max_hp_loss":0,"event_name":"MindBloom","floor":41,"gold_loss":0}],"is_beta":true,"boss_relics":[{"not_picked":["Runic Dome","Ectoplasm"],"picked":"Empty Cage"},{"not_picked":["Lizard Tail","Black Star"],"picked":"Fusion Hammer"}],"items_purged_floors":[10],"is_endless":false,"potions_floor_spawned":[7,13,22,25,30,33,42,45,48],"ascension_level":1}