{"gold_per_floor":[119,132,82,82,82,82,111,111,164,175,191,209,219,231,231,231],"floor_reached":16,"playtime":469,"items_purged":[],"score":161,"play_id":"11c5e461-e00f-4bd3-9799-061a43efea6d","local_time":"20190203191555","is_ascension_mode":true,"campfire_choices":[{"data":"Bash","floor":6,"key":"SMITH"},{"data":"Pommel Strike","floor":8,"key":"SMITH"},{"data":"Ghostly Armor","floor":15,"key":"SMITH"}],"neow_cost":"NONE","seed_source_timestamp":24587899068793,"circlet_count":0,"master_deck":["Strike_R","Strike_R","Strike_R","Defend_R","Defend_R","Defend_R","Defend_R","Bash+1","Pommel Strike+1","Clash","Shrug It Off","Ghostly Armor+1"],"relics":["Burning Blood","NeowsBlessing","Dream Catcher","Juzu Bracelet"],"potions_floor_usage":[16],"damage_taken":[{"damage":0,"enemies":"2 Louse","floor":1,"turns":1},{"damage":0,"enemies":"Jaw Worm","floor":2,"turns":1},{"damage":0,"enemies":"Lagavulin","floor":7,"turns":1},{"damage":0,"enemies":"Cultist","floor":10,"turns":3},{"damage":2,"enemies":"3 Louse","floor":11,"turns":3},{"damage":5,"enemies":"Gremlin Gang","floor":12,"turns":6},{"damage":6,"enemies":"Red Slaver","floor":13,"turns":6},{"damage":9,"enemies":"Exordium Wildlife","floor":14,"turns":3},{"damage":69,"enemies":"Hexaghost","floor":16,"turns":11}],"seed_played":"-4702838745767543124","potions_obtained":[{"floor":2,"key":"Strength Potion"},{"floor":7,"key":"Block Potion"},{"floor":13,"key":"Dexterity Potion"}],"is_trial":false,"path_per_floor":["M","M","?","?","?","R","E","R","T","M","M","M","M","M","R","B"],"character_chosen":"IRONCLAD","items_purchased":[],"campfire_rested":0,"item_purchase_floors":[],"current_hp_per_floor":[80,80,80,73,55,55,61,61,61,67,71,72,72,69,69,0],"gold":231,"neow_bonus":"THREE_ENEMY_KILL","is_prod":false,"is_daily":false,"chose_seed":false,"campfire_upgraded":3,"win_rate":0,"timestamp":1549188955,"path_taken":["M","M","?","?","?","R","E","R","T","M","M","M","M","M","R","BOSS"],"build_version":"2019-01-23","purchased_purges":0,"victory":false,"max_hp_per_floor":[80,80,80,80,80,80,80,80,80,80,80,80,80,80,80,80],"card_choices":[{"not_picked":["Perfected Strike","Hemokinesis"],"picked":"Pommel Strike","floor":1},{"not_picked":["Havoc","Seeing Red"],"picked":"Clash","floor":2},{"not_picked":["Pummel","Thunderclap","Wild Strike"],"picked":"SKIP","floor":7},{"not_picked":["Body Slam","Warcry","Burning Pact"],"picked":"SKIP","floor":10},{"not_picked":["Brutality","Thunderclap"],"picked":"Shrug It Off","floor":11},{"not_picked":["Havoc","Twin Strike"],"picked":"Ghostly Armor","floor":12},{"not_picked":["Dual Wield","Uppercut","Cleave"],"picked":"SKIP","floor":13},{"not_picked":["Havoc","Flex","Cleave"],"picked":"SKIP","floor":14}],"player_experience":794504,"relics_obtained":[{"floor":9,"key":"Juzu Bracelet"}],"event_choices":[{"cards_removed":["Strike_R"],"damage_healed":0,"gold_gain":0,"player_choice":"Card Removal","damage_taken":0,"max_hp_gain":0,"max_hp_loss":0,"event_name":"The Cleric","floor":3,"gold_loss":50},{"cards_removed":["Strike_R"],"damage_healed":0,"gold_gain":0,"player_choice":"Card Removal","damage_taken":7,"max_hp_gain":0,"max_hp_loss":0,"event_name":"Golden Wing","floor":4,"gold_loss":0},{"damage_healed":0,"gold_gain":0,"player_choice":"Success","damage_taken":18,"relics_obtained":["Dream Catcher"],"max_hp_gain":0,"max_hp_loss":0,"event_name":"Scrap Ooze","floor":5,"gold_loss":0}],"is_beta":false,"boss_relics":[],"items_purged_floors":[],"is_endless":false,"potions_floor_spawned":[2,7,13,14],"killed_by":"Hexaghost","ascension_level":5}