{"gold_per_floor":[110,128,145,145,145,145,70,70,70,99,110,130,157,19,19,19],"floor_reached":16,"playtime":470,"items_purged":["Strike_R","Strike_R"],"score":138,"play_id":"f34f7bf4-ea3e-4869-9b52-64bc23d76349","local_time":"20190203101333","is_ascension_mode":true,"campfire_choices":[{"data":"True Grit","floor":6,"key":"SMITH"},{"data":"Anger","floor":8,"key":"SMITH"},{"floor":15,"key":"REST"}],"neow_cost":"NONE","seed_source_timestamp":82496660393232,"circlet_count":0,"master_deck":["Strike_R","Strike_R+1","Defend_R","Defend_R","Defend_R","Defend_R","Bash+1","Sword Boomerang","Anger+1","True Grit+1","Whirlwind","Ghostly Armor","Shrug It Off","Evolve"],"relics":["Burning Blood","NeowsBlessing","Happy Flower","Shovel","Molten Egg 2"],"potions_floor_usage":[13,13],"damage_taken":[{"damage":0,"enemies":"2 Louse","floor":1,"turns":1},{"damage":0,"enemies":"Jaw Worm","floor":2,"turns":1},{"damage":0,"enemies":"Small Slimes","floor":3,"turns":1},{"damage":30,"enemies":"Lagavulin","floor":10,"turns":6},{"damage":8,"enemies":"3 Louse","floor":11,"turns":2},{"damage":6,"enemies":"Exordium Wildlife","floor":12,"turns":3},{"damage":18,"enemies":"Gremlin Nob","floor":13,"turns":4},{"damage":45,"enemies":"Slime Boss","floor":16,"turns":10}],"seed_played":"7162447095527675570","potions_obtained":[{"floor":2,"key":"PowerPotion"},{"floor":10,"key":"Weak Potion"},{"floor":12,"key":"Dexterity Potion"}],"is_trial":false,"path_per_floor":["M","M","M","?","?","R","$","R","T","E","M","M","E","$","R","B"],"character_chosen":"IRONCLAD","items_purchased":["Evolve"],"campfire_rested":1,"item_purchase_floors":[14],"current_hp_per_floor":[80,80,80,73,57,57,57,57,57,33,31,31,19,19,43,0],"gold":19,"neow_bonus":"THREE_ENEMY_KILL","is_prod":false,"is_daily":false,"chose_seed":false,"campfire_upgraded":2,"win_rate":0,"timestamp":1549156413,"path_taken":["M","M","M","?","?","R","?","R","T","E","?","M","E","$","R","BOSS"],"build_version":"2019-01-23","purchased_purges":2,"victory":false,"max_hp_per_floor":[80,80,80,80,80,80,80,80,80,80,80,80,80,80,80,80],"card_choices":[{"not_picked":["Perfected Strike","Entrench"],"picked":"Sword Boomerang","floor":1},{"not_picked":["Body Slam","Warcry"],"picked":"Anger","floor":2},{"not_picked":["Uppercut","Bloodletting"],"picked":"True Grit","floor":3},{"not_picked":["Clash","Bludgeon"],"picked":"Whirlwind","floor":10},{"not_picked":["Perfected Strike","Havoc"],"picked":"Ghostly Armor","floor":11},{"not_picked":["Heavy Blade","Headbutt","Uppercut"],"picked":"SKIP","floor":12},{"not_picked":["Wild Strike","Uppercut"],"picked":"Shrug It Off","floor":13}],"player_experience":785604,"relics_obtained":[{"floor":9,"key":"Happy Flower"},{"floor":10,"key":"Shovel"},{"floor":13,"key":"Molten Egg 2"}],"event_choices":[{"cards_removed":["Strike_R"],"damage_healed":0,"gold_gain":0,"player_choice":"Card Removal","damage_taken":7,"max_hp_gain":0,"max_hp_loss":0,"event_name":"Golden Wing","floor":4,"gold_loss":0},{"damage_healed":0,"gold_gain":0,"player_choice":"Entered Light","damage_taken":16,"max_hp_gain":0,"max_hp_loss":0,"event_name":"Shining Light","floor":5,"gold_loss":0,"cards_upgraded":["Strike_R","Bash"]}],"is_beta":false,"boss_relics":[],"items_purged_floors":[7,14],"is_endless":false,"potions_floor_spawned":[2,10,12],"killed_by":"Slime Boss","ascension_level":5}