{"gold_per_floor":[118,193,368,368,383,414,414,440,488,488],"floor_reached":10,"playtime":231,"items_purged":[],"score":138,"play_id":"38c28ac9-e616-428f-ba6d-02d9a6eb374b","local_time":"20190124221821","is_ascension_mode":true,"campfire_choices":[],"neow_cost":"NONE","seed_source_timestamp":966432945412417,"circlet_count":0,"master_deck":["AscendersBane","Defend_G","Defend_G","Defend_G","Defend_G","Defend_G","Strike_G","Strike_G","Strike_G","Strike_G+1","Strike_G+1","Survivor","Neutralize","Cloak And Dagger","Blade Dance","Tools of the Trade","Infinite Blades"],"relics":["Ring of the Snake","NeowsBlessing","Pear","The Courier","Odd Mushroom","Whetstone"],"potions_floor_usage":[10],"damage_taken":[{"damage":0,"enemies":"Small Slimes","floor":1,"turns":1},{"damage":0,"enemies":"Jaw Worm","floor":5,"turns":1},{"damage":0,"enemies":"3 Sentries","floor":6,"turns":1},{"damage":34,"enemies":"The Mushroom Lair","floor":8,"turns":8},{"damage":16,"enemies":"Gremlin Nob","floor":10,"turns":2}],"seed_played":"-2749369433374665244","potions_obtained":[{"floor":6,"key":"FearPotion"}],"is_trial":false,"path_per_floor":["M","?","?","?","M","E","?","?","T","E"],"character_chosen":"THE_SILENT","items_purchased":[],"campfire_rested":0,"item_purchase_floors":[],"current_hp_per_floor":[63,52,52,44,44,44,37,3,3,0],"gold":488,"neow_bonus":"THREE_ENEMY_KILL","is_prod":false,"is_daily":false,"chose_seed":false,"campfire_upgraded":0,"win_rate":0,"timestamp":1548389901,"path_taken":["M","?","?","?","M","E","?","?","T","E"],"build_version":"2019-01-23","purchased_purges":0,"victory":false,"max_hp_per_floor":[70,70,70,80,80,80,80,80,80,80],"card_choices":[{"not_picked":["Outmaneuver","Cloak And Dagger","Riddle With Holes"],"picked":"SKIP","floor":1},{"not_picked":["Outmaneuver","Riddle With Holes"],"picked":"Cloak And Dagger","floor":1},{"not_picked":["Escape Plan","Expertise"],"picked":"Blade Dance","floor":5},{"not_picked":["Riddle With Holes","Predator"],"picked":"Tools of the Trade","floor":6},{"not_picked":["Distraction","Poisoned Stab"],"picked":"Infinite Blades","floor":8}],"player_experience":469698,"relics_obtained":[{"floor":6,"key":"The Courier"},{"floor":8,"key":"Odd Mushroom"},{"floor":9,"key":"Whetstone"}],"event_choices":[{"damage_healed":0,"gold_gain":75,"player_choice":"Gather Gold","damage_taken":11,"max_hp_gain":0,"max_hp_loss":0,"event_name":"World of Goop","floor":2,"gold_loss":0},{"damage_healed":0,"gold_gain":175,"player_choice":"AGREE","damage_taken":0,"max_hp_gain":0,"max_hp_loss":0,"event_name":"Liars Game","floor":3,"gold_loss":0,"cards_obtained":["Doubt"]},{"damage_healed":0,"gold_gain":0,"player_choice":"Success","damage_taken":18,"relics_obtained":["Pear"],"max_hp_gain":0,"max_hp_loss":0,"event_name":"Scrap Ooze","floor":4,"gold_loss":0},{"cards_removed":["Doubt"],"damage_healed":0,"gold_gain":0,"player_choice":"Card Removal","damage_taken":7,"max_hp_gain":0,"max_hp_loss":0,"event_name":"Golden Wing","floor":7,"gold_loss":0},{"damage_healed":0,"gold_gain":0,"player_choice":"Fought Mushrooms","damage_taken":0,"max_hp_gain":0,"max_hp_loss":0,"event_name":"Mushrooms","floor":8,"gold_loss":0}],"is_beta":false,"boss_relics":[],"items_purged_floors":[],"is_endless":false,"potions_floor_spawned":[6],"killed_by":"Gremlin Nob","ascension_level":11}