{"gold_per_floor":[112,112,3,23,23,23,57,70,70,70,102,102,49,107,107,184,184,198,98,98],"floor_reached":20,"playtime":831,"items_purged":["Strike_B","Pain"],"score":329,"play_id":"3cee859e-1fef-474a-aaa5-15e961835ac5","local_time":"20181118214810","is_ascension_mode":true,"campfire_choices":[{"data":"Defragment","floor":6,"key":"SMITH"},{"floor":10,"key":"REST"},{"floor":12,"key":"REST"},{"floor":15,"key":"REST"}],"neow_cost":"PERCENT_DAMAGE","seed_source_timestamp":62248456259843,"circlet_count":0,"master_deck":["AscendersBane","Strike_B","Defend_B","Defend_B","Defend_B","Defend_B","Zap","Dualcast","Electrodynamics","Stack","Defragment+1","White Noise","Reboot","Self Repair","Gash+1","Doom and Gloom+1","Buffer","Regret","Pain","Loop+1"],"relics":["Cracked Core","Pocketwatch","Girya","Molten Egg 2","Bronze Scales","Tiny Chest","Calling Bell","Oddly Smooth Stone","Letter Opener","WingedGreaves"],"potions_floor_usage":[11,11,16],"damage_taken":[{"damage":0,"enemies":"2 Louse","floor":1,"turns":1},{"damage":1,"enemies":"Cultist","floor":4,"turns":3},{"damage":28,"enemies":"Gremlin Nob","floor":7,"turns":5},{"damage":0,"enemies":"Jaw Worm","floor":8,"turns":3},{"damage":24,"enemies":"Lagavulin","floor":11,"turns":4},{"damage":34,"enemies":"Gremlin Nob","floor":14,"turns":4},{"damage":28,"enemies":"Slime Boss","floor":16,"turns":6},{"damage":45,"enemies":"2 Thieves","floor":18,"turns":3},{"damage":11,"enemies":"Shell Parasite","floor":20,"turns":1}],"seed_played":"-5677182857991848929","potions_obtained":[{"floor":1,"key":"Energy Potion"},{"floor":7,"key":"Energy Potion"},{"floor":14,"key":"Explosive Potion"},{"floor":18,"key":"Explosive Potion"}],"is_trial":false,"path_per_floor":["M","?","$","M","?","R","E","M","T","R","E","R","?","E","R","B",null,"M","$","M"],"character_chosen":"DEFECT","items_purchased":["Defragment"],"campfire_rested":3,"item_purchase_floors":[3],"current_hp_per_floor":[46,46,46,45,38,38,10,10,10,31,14,35,35,8,29,8,55,10,10,0],"gold":98,"neow_bonus":"THREE_RARE_CARDS","is_prod":false,"is_daily":false,"chose_seed":false,"campfire_upgraded":1,"win_rate":0,"timestamp":1542538090,"path_taken":["M","?","$","?","?","R","E","M","T","R","E","R","?","E","R","BOSS","M","?","?"],"build_version":"2018-11-15","purchased_purges":2,"victory":false,"max_hp_per_floor":[71,71,71,71,71,71,71,71,71,71,71,71,71,71,71,71,71,71,71,71],"card_choices":[{"not_picked":["Machine Learning","Seek"],"picked":"Electrodynamics","floor":0},{"not_picked":["Sweeping Beam","Lockon"],"picked":"Stack","floor":1},{"not_picked":["Skim","Force Field"],"picked":"White Noise","floor":4},{"not_picked":["Redo","Steam Power"],"picked":"Reboot","floor":7},{"not_picked":["BootSequence","Compile Driver"],"picked":"Self Repair","floor":8},{"not_picked":["Reinforced Body","Turbo"],"picked":"Gash","floor":11},{"not_picked":["Turbo","BootSequence"],"picked":"Doom and Gloom+1","floor":14},{"not_picked":["Biased Cognition","Amplify"],"picked":"Buffer","floor":16},{"not_picked":["Defragment","Force Field+1"],"picked":"Loop+1","floor":18}],"player_experience":861535,"relics_obtained":[{"floor":7,"key":"Pocketwatch"},{"floor":9,"key":"Girya"},{"floor":11,"key":"Molten Egg 2"},{"floor":14,"key":"Tiny Chest"},{"floor":17,"key":"Oddly Smooth Stone"},{"floor":17,"key":"Letter Opener"},{"floor":17,"key":"WingedGreaves"}],"event_choices":[{"cards_removed":["Strike_B"],"damage_healed":0,"gold_gain":0,"player_choice":"Offered Basic","damage_taken":0,"max_hp_gain":0,"max_hp_loss":0,"event_name":"Bonfire Elementals","floor":2,"gold_loss":0},{"cards_removed":["Strike_B"],"damage_healed":0,"gold_gain":0,"player_choice":"Card Removal","damage_taken":7,"max_hp_gain":0,"max_hp_loss":0,"event_name":"Golden Wing","floor":5,"gold_loss":0},{"damage_healed":0,"gold_gain":0,"player_choice":"Paid Gold","damage_taken":0,"relics_obtained":["Bronze Scales"],"max_hp_gain":0,"max_hp_loss":0,"event_name":"WeMeetAgain","floor":13,"gold_loss":53}],"is_beta":true,"boss_relics":[{"not_picked":["Coffee Dripper","Velvet Choker"],"picked":"Calling Bell"}],"items_purged_floors":[3,19],"is_endless":false,"potions_floor_spawned":[1,7,14,18],"killed_by":"Shell Parasite","ascension_level":15}