{"gold_per_floor":[118,118,135,210,221,256,275,275,275,304,321,351,351],"floor_reached":13,"playtime":7196,"items_purged":[],"score":181,"play_id":"aca29b13-ef0a-408a-990c-4ba971893194","local_time":"20190102132559","is_ascension_mode":true,"campfire_choices":[{"floor":8,"key":"REST"}],"neow_cost":"TEN_PERCENT_HP_LOSS","seed_source_timestamp":1049604133621627,"circlet_count":0,"master_deck":["AscendersBane","Strike_R","Strike_R","Strike_R","Strike_R","Strike_R","Defend_R","Defend_R+1","Defend_R","Defend_R+1","Bash","Immolate","Dual Wield","Cleave","Juggernaut","True Grit","True Grit","Shrug It Off"],"relics":["Burning Blood","Ancient Tea Set","Question Card","Incense Burner","Tiny Chest"],"potions_floor_usage":[],"damage_taken":[{"damage":4,"enemies":"Small Slimes","floor":1,"turns":4},{"damage":11,"enemies":"Jaw Worm","floor":3,"turns":3},{"damage":8,"enemies":"2 Louse","floor":5,"turns":2},{"damage":19,"enemies":"3 Sentries","floor":6,"turns":4},{"damage":8,"enemies":"2 Fungi Beasts","floor":7,"turns":3},{"damage":32,"enemies":"Gremlin Nob","floor":10,"turns":4},{"damage":6,"enemies":"Blue Slaver","floor":11,"turns":4},{"damage":12,"enemies":"3 Sentries","floor":13,"turns":4}],"seed_played":"3973742821223581407","potions_obtained":[{"floor":3,"key":"SteroidPotion"},{"floor":5,"key":"Energy Potion"}],"is_trial":false,"path_per_floor":["M","?","M","?","M","E","M","R","T","E","M","T","E"],"character_chosen":"IRONCLAD","items_purchased":[],"campfire_rested":1,"item_purchase_floors":[],"current_hp_per_floor":[68,48,43,32,30,17,15,35,35,9,9,9,0],"gold":351,"neow_bonus":"THREE_RARE_CARDS","is_prod":false,"is_daily":false,"chose_seed":false,"campfire_upgraded":0,"win_rate":0,"timestamp":1546464359,"path_taken":["M","?","M","?","M","E","M","R","T","E","M","?","E"],"build_version":"2018-12-20","purchased_purges":0,"victory":false,"max_hp_per_floor":[68,68,68,68,68,68,68,68,68,68,68,68,68],"card_choices":[{"not_picked":["Fiend Fire","Reaper"],"picked":"Immolate","floor":0},{"not_picked":["Anger","Fire Breathing"],"picked":"Dual Wield","floor":1},{"not_picked":["Rupture","Heavy Blade"],"picked":"Cleave","floor":3},{"not_picked":["Pommel Strike","True Grit"],"picked":"Juggernaut","floor":5},{"not_picked":["Havoc","Cleave"],"picked":"True Grit","floor":6},{"not_picked":["Clash","Ghostly Armor"],"picked":"True Grit","floor":7},{"not_picked":["Flex","True Grit","Hemokinesis","Armaments"],"picked":"SKIP","floor":10},{"not_picked":["Perfected Strike","Pommel Strike","True Grit"],"picked":"Shrug It Off","floor":11}],"player_experience":1630438,"relics_obtained":[{"floor":6,"key":"Ancient Tea Set"},{"floor":9,"key":"Question Card"},{"floor":10,"key":"Incense Burner"},{"floor":12,"key":"Tiny Chest"}],"event_choices":[{"damage_healed":0,"gold_gain":0,"player_choice":"Entered Light","damage_taken":20,"max_hp_gain":0,"max_hp_loss":0,"event_name":"Shining Light","floor":2,"gold_loss":0,"cards_upgraded":["Defend_R","Defend_R"]},{"damage_healed":0,"gold_gain":75,"player_choice":"Gather Gold","damage_taken":11,"max_hp_gain":0,"max_hp_loss":0,"event_name":"World of Goop","floor":4,"gold_loss":0}],"is_beta":false,"boss_relics":[],"items_purged_floors":[],"is_endless":false,"potions_floor_spawned":[3,5,6],"killed_by":"3 Sentries","ascension_level":18}