{"path_per_floor":["M","M","M","M","?","R","E","?","T","E","?","$","E","M","R","B",null,"M","M","?","M","?","R","E","R","T","?","M","$","M","?","R"],"character_chosen":"DEFECT","items_purchased":["Anchor","Cold Snap","Beam Cell","Seek","BootSequence","Strawberry","Loop","Ball Lightning","Beam Cell"],"gold_per_floor":[109,128,146,158,158,158,187,187,187,213,388,7,33,53,53,151,151,164,181,181,198,398,398,432,432,501,416,428,22,42,42,42,42],"floor_reached":33,"campfire_rested":5,"playtime":1861,"item_purchase_floors":[12,12,12,12,29,29,29,29,29],"current_hp_per_floor":[74,62,56,46,46,68,29,54,54,30,30,30,23,23,60,44,75,63,51,51,25,25,62,48,75,75,75,52,59,42,26,65,0],"items_purged":[],"gold":42,"score":314,"play_id":"dcedcb83-44f7-4468-9a26-78f4c8da24fd","local_time":"20180527215504","is_prod":false,"is_daily":false,"chose_seed":false,"is_ascension_mode":true,"campfire_upgraded":0,"win_rate":0,"timestamp":1527450904,"campfire_choices":[{"floor":6,"key":"REST"},{"floor":15,"key":"REST"},{"floor":23,"key":"REST"},{"floor":25,"key":"REST"},{"floor":32,"key":"REST"}],"path_taken":["M","M","M","M","?","R","E","?","T","E","?","$","E","M","R","BOSS","M","M","?","M","?","R","E","R","T","?","M","$","M","?","R","BOSS"],"build_version":"2018-05-25","seed_source_timestamp":309008432606,"purchased_purges":0,"victory":false,"master_deck":["Strike_B","Strike_B","Strike_B","Strike_B","Defend_B","Defend_B","Defend_B","Defend_B","Zap","Dualcast","Beam Cell","Auto Shields","Gash","Leap","Reinforced Body","Sweeping Beam","Cold Snap","Beam Cell","Seek","BootSequence","White Noise","Buffer","Ball Lightning","Redo","Ball Lightning","Leap","Compile Driver","BootSequence","Loop","Ball Lightning","Beam Cell","Stack"],"max_hp_per_floor":[75,75,75,75,75,75,75,75,75,75,75,75,75,75,75,75,75,75,75,75,75,75,75,75,75,75,75,75,82,82,82,82,82],"relics":["Cracked Core","Peace Pipe","Juzu Bracelet","Omamori","Ornamental Fan","Anchor","Regal Pillow","Sozu","Calipers","Bottled Tornado","Bag of Marbles","Strawberry","Nilry\u0027s Codex"],"card_choices":[{"not_picked":["Sweeping Beam","Barrage"],"picked":"Beam Cell","floor":1},{"not_picked":["Sweeping Beam","Genetic Algorithm"],"picked":"Auto Shields","floor":2},{"not_picked":["Redo","Go for the Eyes"],"picked":"Gash","floor":3},{"not_picked":["Turbo","Darkness"],"picked":"Leap","floor":4},{"not_picked":["Storm","Chill"],"picked":"Reinforced Body","floor":7},{"not_picked":["Heatsinks","Steam"],"picked":"Sweeping Beam","floor":10},{"not_picked":["Aggregate","Hologram"],"picked":"BootSequence","floor":13},{"not_picked":["Storm","Compile Driver"],"picked":"White Noise","floor":14},{"not_picked":["Fission","Biased Cognition"],"picked":"Buffer","floor":16},{"not_picked":["Redo","Loop"],"picked":"Ball Lightning","floor":18},{"not_picked":["Turbo","Fusion"],"picked":"Redo","floor":19},{"not_picked":["Streamline+1","Go for the Eyes"],"picked":"Ball Lightning","floor":21},{"not_picked":["Loop","Turbo"],"picked":"Leap","floor":24},{"not_picked":["Chaos","Fission"],"picked":"Compile Driver","floor":28},{"not_picked":["Undo+1","Genetic Algorithm"],"picked":"Stack","floor":30}],"player_experience":176061,"potions_floor_usage":[3,4,16,16,16],"damage_taken":[{"damage":1,"enemies":"Small Slimes","floor":1,"turns":4},{"damage":12,"enemies":"Jaw Worm","floor":2,"turns":2},{"damage":6,"enemies":"2 Louse","floor":3,"turns":3},{"damage":10,"enemies":"Exordium Wildlife","floor":4,"turns":5},{"damage":39,"enemies":"Gremlin Nob","floor":7,"turns":5},{"damage":24,"enemies":"Lagavulin","floor":10,"turns":9},{"damage":7,"enemies":"3 Sentries","floor":13,"turns":8},{"damage":0,"enemies":"2 Fungi Beasts","floor":14,"turns":2},{"damage":16,"enemies":"The Guardian","floor":16,"turns":12},{"damage":12,"enemies":"3 Byrds","floor":18,"turns":5},{"damage":12,"enemies":"2 Thieves","floor":19,"turns":5},{"damage":26,"enemies":"Slaver and Parasite","floor":21,"turns":9},{"damage":14,"enemies":"Book of Stabbing","floor":24,"turns":7},{"damage":23,"enemies":"Sentry and Sphere","floor":28,"turns":7},{"damage":17,"enemies":"Centurion and Healer","floor":30,"turns":7},{"damage":75,"enemies":"Collector","floor":33,"turns":12}],"relics_obtained":[{"floor":7,"key":"Juzu Bracelet"},{"floor":9,"key":"Omamori"},{"floor":10,"key":"Ornamental Fan"},{"floor":13,"key":"Regal Pillow"},{"floor":24,"key":"Calipers"},{"floor":26,"key":"Bottled Tornado"},{"floor":31,"key":"Nilry\u0027s Codex"}],"event_choices":[{"event_name":"Living Wall","player_choice":"Forget","floor":5,"damage_taken":0},{"event_name":"Big Fish","player_choice":"Banana","floor":8,"damage_taken":0},{"event_name":"Liars Game","player_choice":"agreed","floor":11,"damage_taken":0},{"event_name":"Ghosts","player_choice":"Ignored","floor":20,"damage_taken":0},{"event_name":"Wheel of Change","player_choice":"Gold","floor":22,"damage_taken":0},{"event_name":"Addict","player_choice":"Obtained Relic","floor":27,"damage_taken":0},{"event_name":"Cursed Tome","player_choice":"Obtained Book","floor":31,"damage_taken":0}],"boss_relics":[{"not_picked":["Philosopher\u0027s Stone","Orrery"],"picked":"Sozu"}],"items_purged_floors":[],"potions_floor_spawned":[1,2,10,13,14,19,24],"seed_played":"-6203578353959012884","killed_by":"Collector","ascension_level":2,"potions_obtained":[{"floor":1,"key":"EssenceOfSteel"},{"floor":2,"key":"SteroidPotion"},{"floor":10,"key":"Energy Potion"},{"floor":13,"key":"AttackPotion"},{"floor":14,"key":"Strength Potion"}],"is_trial":false}