{"gold_per_floor":[110,128,128,128,128,128,164,178,226,226,241,284,309,330,330,426,426,440,393,443,443,166,166],"floor_reached":23,"playtime":843,"items_purged":[],"score":452,"play_id":"89fb7155-2f06-49e5-b145-20a309ce9529","local_time":"20190128220108","is_ascension_mode":true,"campfire_choices":[{"data":"Bash","floor":6,"key":"SMITH"},{"data":"Iron Wave","floor":10,"key":"SMITH"},{"data":"Havoc","floor":15,"key":"SMITH"}],"neow_cost":"NONE","seed_source_timestamp":471258976128165,"circlet_count":0,"master_deck":["AscendersBane","Strike_R","Strike_R","Strike_R","Strike_R+1","Strike_R","Defend_R","Defend_R","Defend_R","Defend_R","Bash+1","Shrug It Off","Flame Barrier+1","Iron Wave+1","Iron Wave","Bludgeon","Warcry","Havoc+1","Demon Form","Burning Pact","Hemokinesis","Necronomicurse"],"relics":["Burning Blood","NeowsBlessing","Golden Idol","Bronze Scales","Ancient Tea Set","Bag of Marbles","Lizard Tail","Necronomicon","Toxic Egg 2"],"potions_floor_usage":[12,16,16],"damage_taken":[{"damage":0,"enemies":"Small Slimes","floor":1,"turns":1},{"damage":0,"enemies":"Jaw Worm","floor":2,"turns":1},{"damage":0,"enemies":"Gremlin Nob","floor":7,"turns":2},{"damage":0,"enemies":"2 Louse","floor":8,"turns":3},{"damage":1,"enemies":"Blue Slaver","floor":11,"turns":4},{"damage":13,"enemies":"3 Sentries","floor":12,"turns":9},{"damage":7,"enemies":"3 Louse","floor":13,"turns":3},{"damage":1,"enemies":"Exordium Thugs","floor":14,"turns":5},{"damage":30,"enemies":"The Guardian","floor":16,"turns":12},{"damage":8,"enemies":"3 Byrds","floor":18,"turns":3},{"damage":47,"enemies":"2 Thieves","floor":19,"turns":5},{"damage":26,"enemies":"Slavers","floor":23,"turns":3}],"seed_played":"261952792734508251","potions_obtained":[{"floor":2,"key":"SpeedPotion"},{"floor":7,"key":"Block Potion"},{"floor":11,"key":"SkillPotion"},{"floor":13,"key":"Poison Potion"}],"is_trial":false,"path_per_floor":["M","M","?","?","$","R","E","M","T","R","M","E","M","M","R","B",null,"M","M","?","?","$","E"],"character_chosen":"IRONCLAD","items_purchased":["Toxic Egg 2"],"campfire_rested":0,"item_purchase_floors":[22],"current_hp_per_floor":[74,75,68,48,48,48,54,60,60,60,65,58,57,62,62,38,61,59,18,18,34,34,8],"gold":166,"neow_bonus":"THREE_ENEMY_KILL","is_prod":false,"is_daily":false,"chose_seed":false,"campfire_upgraded":3,"win_rate":0,"timestamp":1548738068,"path_taken":["M","M","?","?","$","R","E","M","T","R","M","E","M","M","R","BOSS","M","M","?","?","$","E"],"build_version":"2019-01-23","purchased_purges":0,"victory":false,"max_hp_per_floor":[75,75,68,68,68,68,68,68,68,68,68,68,68,68,68,68,68,68,68,68,68,68,68],"card_choices":[{"not_picked":["Perfected Strike","Wild Strike"],"picked":"Shrug It Off","floor":1},{"not_picked":["Heavy Blade","Headbutt"],"picked":"Flame Barrier","floor":2},{"not_picked":["Clash","Rage","Dual Wield"],"picked":"SKIP","floor":7},{"not_picked":["Perfected Strike","Battle Trance"],"picked":"Iron Wave","floor":8},{"not_picked":["Dual Wield","Havoc"],"picked":"Iron Wave","floor":11},{"not_picked":["True Grit","Thunderclap"],"picked":"Bludgeon","floor":12},{"not_picked":["Bloodletting","Dropkick"],"picked":"Warcry","floor":13},{"not_picked":["Body Slam","Entrench"],"picked":"Havoc","floor":14},{"not_picked":["Bludgeon","Dark Embrace"],"picked":"Demon Form","floor":16},{"not_picked":["Sword Boomerang","Warcry"],"picked":"Burning Pact","floor":18},{"not_picked":["Cleave","Blood for Blood"],"picked":"Hemokinesis","floor":19}],"player_experience":753151,"relics_obtained":[{"floor":7,"key":"Bronze Scales"},{"floor":9,"key":"Ancient Tea Set"},{"floor":12,"key":"Bag of Marbles"},{"floor":21,"key":"Necronomicon"}],"event_choices":[{"damage_healed":0,"gold_gain":0,"player_choice":"Lose Max HP","damage_taken":0,"relics_obtained":["Golden Idol"],"max_hp_gain":0,"max_hp_loss":7,"event_name":"Golden Idol","floor":3,"gold_loss":0},{"damage_healed":0,"gold_gain":0,"player_choice":"Entered Light","damage_taken":20,"max_hp_gain":0,"max_hp_loss":0,"event_name":"Shining Light","floor":4,"gold_loss":0,"cards_upgraded":["Strike_R","Flame Barrier"]},{"damage_healed":0,"gold_gain":50,"player_choice":"Stole From Cult","damage_taken":0,"max_hp_gain":0,"max_hp_loss":0,"event_name":"Nest","floor":20,"gold_loss":0},{"damage_healed":0,"gold_gain":0,"player_choice":"Obtained Book","damage_taken":21,"max_hp_gain":0,"max_hp_loss":0,"event_name":"Cursed Tome","floor":21,"gold_loss":0}],"is_beta":false,"boss_relics":[{"not_picked":["Tiny House","Runic Cube"],"picked":"Lizard Tail"}],"items_purged_floors":[],"is_endless":false,"potions_floor_spawned":[2,7,11,13],"killed_by":"Slavers","ascension_level":20}