{"gold_per_floor":[17,17,33,45,55,55,55,55,55,70,82,36,36,36],"floor_reached":14,"playtime":607,"items_purged":[],"score":160,"play_id":"ad9b0ff9-4a13-412e-8d76-f05b5e881ec7","local_time":"20190122103542","is_ascension_mode":true,"campfire_choices":[{"data":"Fission","floor":6,"key":"SMITH"},{"data":"Hologram","floor":8,"key":"SMITH"},{"floor":13,"key":"REST"}],"neow_cost":"NO_GOLD","seed_source_timestamp":498034274522247,"circlet_count":0,"master_deck":["AscendersBane","Strike_B","Strike_B","Strike_B","Defend_B","Defend_B","Defend_B","Defend_B","Zap","Dualcast","Fission+1","Hologram+1","Steam Power","Leap","Go for the Eyes","Ball Lightning","Coolheaded","Self Repair"],"relics":["Cracked Core","Darkstone Periapt"],"potions_floor_usage":[],"damage_taken":[{"damage":0,"enemies":"Cultist","floor":1,"turns":3},{"damage":4,"enemies":"Jaw Worm","floor":3,"turns":4},{"damage":1,"enemies":"Small Slimes","floor":4,"turns":3},{"damage":11,"enemies":"Looter","floor":5,"turns":3},{"damage":24,"enemies":"Exordium Thugs","floor":10,"turns":3},{"damage":2,"enemies":"2 Fungi Beasts","floor":11,"turns":3},{"damage":23,"enemies":"3 Sentries","floor":14,"turns":4}],"seed_played":"-6823031378231007582","potions_obtained":[{"floor":5,"key":"EssenceOfSteel"},{"floor":10,"key":"SpeedPotion"},{"floor":11,"key":"Poison Potion"}],"is_trial":false,"path_per_floor":["M","?","M","M","M","R","$","R","T","M","M","?","R","E"],"character_chosen":"DEFECT","items_purchased":[],"campfire_rested":1,"item_purchase_floors":[],"current_hp_per_floor":[64,64,60,59,48,48,48,48,48,24,22,22,43,20],"gold":36,"neow_bonus":"THREE_RARE_CARDS","is_prod":false,"is_daily":false,"chose_seed":false,"campfire_upgraded":2,"win_rate":0,"timestamp":1548182142,"path_taken":["M","?","M","?","M","R","$","R","T","M","M","?","R","E"],"build_version":"2019-01-17v2","purchased_purges":0,"victory":false,"max_hp_per_floor":[71,71,71,71,71,71,71,71,71,71,71,71,71,71],"card_choices":[{"not_picked":["Meteor Strike","Amplify"],"picked":"Fission","floor":0},{"not_picked":["Turbo","Beam Cell"],"picked":"Hologram","floor":1},{"not_picked":["Redo","Stack"],"picked":"Leap","floor":3},{"not_picked":["Stack","Leap"],"picked":"Go for the Eyes","floor":4},{"not_picked":["Steam","Storm"],"picked":"Ball Lightning","floor":5},{"not_picked":["Skim","Storm"],"picked":"Coolheaded","floor":10},{"not_picked":["Fusion","Rip and Tear"],"picked":"Self Repair","floor":11}],"player_experience":1712525,"relics_obtained":[{"floor":9,"key":"Darkstone Periapt"}],"event_choices":[{"damage_healed":0,"gold_gain":0,"cards_transformed":["Strike_B"],"player_choice":"Transformed","damage_taken":0,"max_hp_gain":0,"max_hp_loss":0,"event_name":"Transmorgrifier","floor":2,"gold_loss":0,"cards_obtained":["Steam Power"]},{"damage_healed":0,"gold_gain":0,"player_choice":"Left Gold","damage_taken":0,"max_hp_gain":0,"max_hp_loss":0,"event_name":"World of Goop","floor":12,"gold_loss":46}],"is_beta":false,"boss_relics":[],"items_purged_floors":[],"is_endless":false,"potions_floor_spawned":[5,10,11],"killed_by":"3 Sentries","ascension_level":19}