{"gold_per_floor":[109,109,109,20,94,132,132,145,145,160,175,175,216,232,232,321,321,335,164,164,207,220,220,258,258,258,291,291,316,316,336,336,429,429,444,468,31,51,51,51,51],"floor_reached":41,"playtime":2329,"items_purged":["Strike_B"],"score":928,"play_id":"9c49a595-ec5a-454e-943a-3080a4d0f789","local_time":"20190128082759","is_ascension_mode":true,"campfire_choices":[{"data":"Streamline","floor":7.0,"key":"SMITH"},{"data":"Defragment","floor":12.0,"key":"SMITH"},{"floor":15.0,"key":"REST"},{"floor":23.0,"key":"REST"},{"floor":25,"key":"REST"},{"floor":28,"key":"REST"},{"floor":30,"key":"REST"},{"floor":32,"key":"REST"},{"floor":40,"key":"REST"}],"neow_cost":"NONE","seed_source_timestamp":1006561201810168,"circlet_count":0,"master_deck":["AscendersBane","Defend_B","Defend_B","Defend_B","Defend_B","Zap","Dualcast","Chaos","Defragment+1","Streamline+1","Coolheaded","Capacitor","Sweeping Beam","Hologram","Cold Snap","Electrodynamics","Amplify+1","Hyperbeam+1","Thunder Strike+1","Coolheaded","Static Discharge","Stack","Glacier","Cold Snap","Static Discharge+1","Go for the Eyes","Core Surge","Redo+1","Ball Lightning+1","Cold Snap"],"special_seed":0,"relics":["Cracked Core","NeowsBlessing","Golden Idol","Darkstone Periapt","Blood Vial","Bottled Tornado","Incense Burner","Astrolabe","Bag of Preparation","Red Mask","Pantograph","Frozen Egg 2","Calipers","Cursed Key","Mummified Hand"],"potions_floor_usage":[24,29,38],"damage_taken":[{"damage":0.0,"enemies":"2 Louse","floor":1.0,"turns":1.0},{"damage":0.0,"enemies":"Lagavulin","floor":6.0,"turns":1.0},{"damage":0.0,"enemies":"Small Slimes","floor":8.0,"turns":1.0},{"damage":9.0,"enemies":"Jaw Worm","floor":10.0,"turns":3.0},{"damage":13.0,"enemies":"Blue Slaver","floor":11.0,"turns":4.0},{"damage":36.0,"enemies":"3 Sentries","floor":13.0,"turns":8.0},{"damage":3.0,"enemies":"2 Fungi Beasts","floor":14.0,"turns":4.0},{"damage":13.0,"enemies":"Hexaghost","floor":16.0,"turns":7.0},{"damage":22.0,"enemies":"Chosen","floor":18.0,"turns":4.0},{"damage":0.0,"enemies":"Masked Bandits","floor":21.0,"turns":2.0},{"damage":23.0,"enemies":"3 Byrds","floor":22.0,"turns":4.0},{"damage":15,"enemies":"Book of Stabbing","floor":24,"turns":4},{"damage":36,"enemies":"Gremlin Leader","floor":27,"turns":9},{"damage":18,"enemies":"Snake Plant","floor":29,"turns":2},{"damage":0,"enemies":"Snecko","floor":31,"turns":8},{"damage":53,"enemies":"Automaton","floor":33,"turns":9},{"damage":2,"enemies":"Orb Walker","floor":35,"turns":6},{"damage":48,"enemies":"3 Darklings","floor":36,"turns":4},{"damage":17,"enemies":"Writhing Mass","floor":38,"turns":4},{"damage":31,"enemies":"Reptomancer","floor":41,"turns":2}],"seed_played":"3981644456509649622","potions_obtained":[{"floor":1.0,"key":"SmokeBomb"},{"floor":11.0,"key":"SteroidPotion"},{"floor":14.0,"key":"PowerPotion"},{"floor":21.0,"key":"PowerPotion"},{"floor":24,"key":"LiquidBronze"},{"floor":27,"key":"Poison Potion"},{"floor":33,"key":"SpeedPotion"},{"floor":38,"key":"SteroidPotion"}],"is_trial":false,"path_per_floor":["M","?","?","$","T","E","R","M","T","M","M","R","E","M","R","B",null,"M","$","?","?","M","R","E","R","T","E","R","M","R","M","R","B",null,"M","M","$","M","?","R","E"],"character_chosen":"DEFECT","items_purchased":["Defragment","Bag of Preparation","Mummified Hand","Regen Potion"],"campfire_rested":7,"item_purchase_floors":[4,19,37,37],"current_hp_per_floor":[64,64,69,69,69,69,69,69,69,60,49,49,15,14,34,23,58,38,38,38,40,19,39,26,46,46,12,32,16,36,38,58,16,56,56,10,10,7,7,27,0],"gold":51,"neow_bonus":"THREE_ENEMY_KILL","is_prod":false,"is_daily":false,"chose_seed":false,"campfire_upgraded":2,"win_rate":0,"timestamp":1548692879,"path_taken":["M","?","?","$","?","E","R","M","T","M","M","R","E","M","R","BOSS","M","$","?","?","M","R","E","R","T","E","R","?","R","M","R","BOSS","M","M","$","M","?","R","E"],"build_version":"2019-01-23","purchased_purges":1,"victory":false,"max_hp_per_floor":[71,64,69,69,69,69,69,69,69,69,69,69,69,69,69,69,69,69,69,69,69,69,69,69,69,69,69,69,69,69,69,69,69,69,69,69,69,69,69,69,69],"card_choices":[{"not_picked":["Aggregate","Beam Cell"],"picked":"Chaos","floor":1.0},{"not_picked":["Sweeping Beam","Fusion"],"picked":"Streamline","floor":6.0},{"not_picked":["Redo","Compile Driver"],"picked":"Coolheaded","floor":8.0},{"not_picked":["White Noise","Meteor Strike"],"picked":"Capacitor","floor":10.0},{"not_picked":["Steam Power","Reprogram"],"picked":"Sweeping Beam","floor":11.0},{"not_picked":["Chaos","Stack"],"picked":"Hologram","floor":13.0},{"not_picked":["Chaos","Double Energy"],"picked":"Cold Snap","floor":14.0},{"not_picked":["Multi-Cast","Amplify"],"picked":"Electrodynamics","floor":16.0},{"not_picked":["Rebound","Stack"],"picked":"Coolheaded","floor":18.0},{"not_picked":["Cold Snap","Leap"],"picked":"Static Discharge","floor":21.0},{"not_picked":["Force Field","Tempest"],"picked":"Stack","floor":22.0},{"not_picked":["Stack","Ball Lightning"],"picked":"Glacier","floor":24},{"not_picked":["Rebound","All For One"],"picked":"Cold Snap","floor":27},{"not_picked":["Beam Cell","Rip and Tear"],"picked":"Static Discharge+1","floor":29},{"not_picked":["Genetic Algorithm","Sunder"],"picked":"Go for the Eyes","floor":31},{"not_picked":["Amplify","Hyperbeam"],"picked":"Core Surge","floor":33},{"not_picked":["Rebound","Barrage+1"],"picked":"Redo+1","floor":35},{"not_picked":["Gash","Cold Snap"],"picked":"Ball Lightning+1","floor":36},{"not_picked":["Turbo","Redo"],"picked":"Cold Snap","floor":38}],"player_experience":1769127,"relics_obtained":[{"floor":5.0,"key":"Darkstone Periapt"},{"floor":6.0,"key":"Blood Vial"},{"floor":9.0,"key":"Bottled Tornado"},{"floor":13.0,"key":"Incense Burner"},{"floor":21.0,"key":"Red Mask"},{"floor":24,"key":"Pantograph"},{"floor":26,"key":"Frozen Egg 2"},{"floor":27,"key":"Calipers"}],"event_choices":[{"damage_healed":0.0,"max_hp_gain":0.0,"max_hp_loss":7.0,"gold_gain":0.0,"event_name":"Golden Idol","player_choice":"Lose Max HP","floor":2.0,"gold_loss":0.0,"damage_taken":0.0,"relics_obtained":["Golden Idol"]},{"damage_healed":0.0,"max_hp_gain":5.0,"max_hp_loss":0.0,"gold_gain":0.0,"event_name":"Big Fish","player_choice":"Donut","floor":3.0,"gold_loss":0.0,"damage_taken":0.0},{"damage_healed":0.0,"max_hp_gain":0.0,"max_hp_loss":0.0,"gold_gain":0.0,"event_name":"Ghosts","player_choice":"Ignored","floor":20.0,"gold_loss":0.0,"damage_taken":0.0},{"damage_healed":0.0,"max_hp_gain":0.0,"max_hp_loss":0.0,"gold_gain":0.0,"event_name":"Masked Bandits","player_choice":"Fought Bandits","floor":21.0,"gold_loss":0.0,"damage_taken":0.0},{"damage_healed":0,"gold_gain":0,"player_choice":"Got Potions","damage_taken":0,"max_hp_gain":0,"max_hp_loss":0,"event_name":"Lab","floor":39,"gold_loss":0}],"is_beta":false,"boss_relics":[{"not_picked":["Philosopher\u0027s Stone","Empty Cage"],"picked":"Astrolabe"},{"not_picked":["Eternal Feather","Tiny House"],"picked":"Cursed Key"}],"items_purged_floors":[37],"is_endless":false,"potions_floor_spawned":[1,11,13,14,21,24,27,33,36,38],"killed_by":"Reptomancer","ascension_level":20}