{"path_per_floor":["M","M","?","M","?","M","?","R","T","M","$","R","?","M","R","B",null,"M","?","?","T","M","R","E","M","T","M","M","R","M","M","R"],"character_chosen":"IRONCLAD","items_purchased":["Apotheosis"],"gold_per_floor":[114,134,134,145,145,159,220,220,270,289,0,0,0,10,10,110,110,123,223,223,223,242,242,276,287,313,323,339,339,356,374,374],"floor_reached":33,"campfire_rested":4,"playtime":3019,"current_hp_per_floor":[76,66,66,61,61,51,36,60,60,53,53,53,45,46,80,43,80,61,61,61,61,64,64,8,14,14,15,21,60,56,44,80],"items_purged":["Defend_R"],"gold":374,"play_id":"a8eaa9fe-a922-440e-bb2a-dffd6263b707","is_prod":false,"is_daily":false,"campfire_rituals":0,"campfire_upgraded":2,"is_hardmode":false,"path_taken":["M","M","?","M","?","M","?","R","T","M","$","R","?","M","R","BOSS","M","?","?","?","M","R","E","M","T","M","M","R","M","?","R","BOSS"],"build_version":"2017-12-21-PROD1","purchased_purges":1,"victory":false,"master_deck":["Strike_R","Strike_R","Strike_R","Defend_R","Defend_R","Bash","Headbutt","Offering","Iron Wave","Rage","Armaments","Metallicize","Cleave","Apotheosis","Pommel Strike","Double Tap","Iron Wave","Sword Boomerang","Bludgeon","Shrug It Off","Seeing Red","Hemokinesis","Blood for Blood","Intimidate","Shrug It Off","Offering","Searing Blow","Seeing Red"],"max_hp_per_floor":[80,80,80,80,80,80,80,80,80,80,80,80,80,80,80,80,80,80,80,80,80,80,80,80,80,80,80,80,80,80,80,80],"relics":["Burning Blood","Red Skull","Regal Pillow","Orrery","Toolbox","Thread and Needle","Bag of Marbles"],"campfire_meditates":0,"card_choices":[{"not_picked":["Anger","Combust"],"picked":"Headbutt"},{"not_picked":["Pommel Strike","Anger"],"picked":"Offering"},{"not_picked":["Cleave","Thunderclap"],"picked":"Iron Wave"},{"not_picked":["Fire Breathing","Power Through"],"picked":"Armaments"},{"not_picked":["Warcry","Body Slam"],"picked":"Metallicize"},{"not_picked":["Thunderclap","Intimidate"],"picked":"Cleave"},{"not_picked":["Sword Boomerang","Combust"],"picked":"Pommel Strike"},{"not_picked":["Brutality","Berserk"],"picked":"Double Tap"},{"not_picked":["Infernal Blade","Rupture"],"picked":"Iron Wave"},{"not_picked":["Clothesline","Sever Soul"],"picked":"Sword Boomerang"},{"not_picked":["Clothesline","Anger"],"picked":"Bludgeon"},{"not_picked":["Flex","Cleave"],"picked":"Shrug It Off"},{"not_picked":["Clothesline","Shockwave"],"picked":"Seeing Red"},{"not_picked":["Flex","Clothesline"],"picked":"Hemokinesis"},{"not_picked":["Body Slam","Dual Wield"],"picked":"Blood for Blood"},{"not_picked":["Flex","Pummel"],"picked":"Intimidate"},{"not_picked":["Warcry","Clothesline"],"picked":"Shrug It Off"},{"not_picked":["Pummel","Flex"],"picked":"Offering"},{"not_picked":["True Grit","Iron Wave"],"picked":"Searing Blow"},{"not_picked":["Iron Wave","Reckless Charge"],"picked":"Seeing Red"}],"player_experience":0,"potions_floor_usage":[33,33,33],"damage_taken":[{"damage":10,"enemies":"Looter","floor":1,"turns":4},{"damage":16,"enemies":"Blue Slaver","floor":2,"turns":5},{"damage":11,"enemies":"Jaw Worm","floor":4,"turns":3},{"damage":16,"enemies":"Exordium Thugs","floor":6,"turns":6},{"damage":21,"enemies":"3 Sentries","floor":7,"turns":9},{"damage":13,"enemies":"3 Louse","floor":10,"turns":4},{"damage":5,"enemies":"2 Fungi Beasts","floor":14,"turns":2},{"damage":43,"enemies":"The Guardian","floor":16,"turns":9},{"damage":25,"enemies":"Spheric Guardian","floor":18,"turns":5},{"damage":3,"enemies":"Shell Parasite","floor":22,"turns":3},{"damage":62,"enemies":"Gremlin Leader","floor":24,"turns":7},{"damage":0,"enemies":"Centurion and Healer","floor":25,"turns":2},{"damage":5,"enemies":"Snake Plant","floor":27,"turns":2},{"damage":0,"enemies":"Snecko","floor":28,"turns":6},{"damage":10,"enemies":"3 Cultists","floor":30,"turns":5},{"damage":18,"enemies":"Centurion and Healer","floor":31,"turns":3},{"damage":82,"enemies":"Champ","floor":33,"turns":9}],"event_choices":[{"event_name":"Bonfire Elementals","player_choice":"ATTACK","floor":3,"damage_taken":0},{"event_name":"Living Wall","player_choice":"Change","floor":5,"damage_taken":0},{"event_name":"Dead Adventurer","player_choice":"Searched \u00272\u0027 times","floor":7,"damage_taken":0},{"event_name":"Wheel of Change","player_choice":"Damage","floor":13,"damage_taken":0},{"event_name":"Golden Shrine","player_choice":"Pray","floor":19,"damage_taken":0},{"event_name":"Purifier","player_choice":"One Purge","floor":20,"damage_taken":0}],"boss_relics":[{"not_picked":["Sozu","Philosopher\u0027s Stone"],"picked":"Orrery"}],"potions_floor_spawned":[2,6,7,14,18,25,28,30,31],"seed_played":"-6529836331280695866","killed_by":"Champ","is_trial":false}