{"path_per_floor":["M","?","M","M","M","M","R","M","T","R","M","M","?","M","R"],"character_chosen":"IRONCLAD","items_purchased":[],"gold_per_floor":[114,114,130,145,166,186,186,206,251,251,265,279,279,297,297,297],"floor_reached":16,"campfire_rested":1,"playtime":1432,"item_purchase_floors":[],"current_hp_per_floor":[69,49,50,55,31,34,34,27,27,27,17,13,13,18,42,0],"items_purged":[],"gold":297,"score":147,"play_id":"1791be88-80ba-42a0-834e-27179ff1aaa3","local_time":"20180621120917","is_prod":false,"is_daily":false,"chose_seed":false,"is_ascension_mode":true,"campfire_upgraded":2,"win_rate":0,"timestamp":1529608157,"campfire_choices":[{"data":"Armaments","floor":7.0,"key":"SMITH"},{"data":"Wild Strike","floor":10.0,"key":"SMITH"},{"floor":15,"key":"REST"}],"path_taken":["M","?","M","M","M","M","R","M","T","R","M","M","?","M","R","BOSS"],"build_version":"2018-06-14v2","seed_source_timestamp":669900180858024,"purchased_purges":0,"victory":false,"master_deck":["Strike_R","Strike_R","Strike_R","Strike_R","Strike_R","Defend_R","Defend_R","Defend_R","Defend_R","Bash","AscendersBane","Pommel Strike","Inflame","Armaments+1","Ghostly Armor","Twin Strike","Wild Strike+1","True Grit","Madness"],"max_hp_per_floor":[80,80,80,80,80,80,80,80,80,80,80,80,80,80,80,80],"special_seed":0,"relics":["Burning Blood","Golden Idol","Pen Nib"],"card_choices":[{"not_picked":["Second Wind","Flex"],"picked":"Pommel Strike","floor":1.0},{"not_picked":["Clash","Thunderclap"],"picked":"Inflame","floor":3.0},{"not_picked":["Shrug It Off","Headbutt"],"picked":"Armaments","floor":4.0},{"not_picked":["Carnage","Inflame"],"picked":"Ghostly Armor","floor":5.0},{"not_picked":["Perfected Strike","Inflame"],"picked":"Twin Strike","floor":6.0},{"not_picked":["Corruption","Anger"],"picked":"Wild Strike","floor":8.0},{"not_picked":["Clash","Heavy Blade","Havoc"],"picked":"SKIP","floor":11.0},{"not_picked":["Whirlwind","Power Through"],"picked":"True Grit","floor":12.0},{"not_picked":["Flame Barrier","Wild Strike","Reckless Charge"],"picked":"SKIP","floor":14}],"player_experience":908504,"potions_floor_usage":[16,16,16],"damage_taken":[{"damage":9.0,"enemies":"Jaw Worm","floor":1.0,"turns":4.0},{"damage":5.0,"enemies":"2 Louse","floor":3.0,"turns":3.0},{"damage":1.0,"enemies":"Cultist","floor":4.0,"turns":3.0},{"damage":30.0,"enemies":"Large Slime","floor":5.0,"turns":9.0},{"damage":3.0,"enemies":"2 Fungi Beasts","floor":6.0,"turns":4.0},{"damage":13.0,"enemies":"3 Louse","floor":8.0,"turns":4.0},{"damage":16.0,"enemies":"Gremlin Gang","floor":11.0,"turns":6.0},{"damage":10.0,"enemies":"Lots of Slimes","floor":12.0,"turns":4.0},{"damage":1,"enemies":"Blue Slaver","floor":14,"turns":3},{"damage":42,"enemies":"Hexaghost","floor":16,"turns":11}],"relics_obtained":[{"floor":9.0,"key":"Pen Nib"}],"event_choices":[{"event_name":"Golden Idol","player_choice":"Take Damage","floor":2.0,"damage_taken":0.0},{"event_name":"Match and Keep!","player_choice":"1 cards matched","floor":13.0,"damage_taken":0.0}],"boss_relics":[],"items_purged_floors":[],"is_endless":false,"potions_floor_spawned":[1,3,5,8,12],"seed_played":"-4424972601926702032","killed_by":"Hexaghost","ascension_level":10,"potions_obtained":[{"floor":1.0,"key":"Poison Potion"},{"floor":3.0,"key":"Weak Potion"},{"floor":5.0,"key":"GamblersBrew"}],"is_trial":false}