{"gold_per_floor":[116,116,140,140,156,195,195,239,262,262,286,301,319,337,337,467,467,485,510,510,510,510,510],"floor_reached":23,"playtime":1065,"items_purged":[],"score":319,"play_id":"eb609d6a-5757-4b60-90f4-2237b5af6be4","local_time":"20190101121034","is_ascension_mode":true,"campfire_choices":[{"floor":7,"key":"REST"},{"floor":10,"key":"REST"},{"data":"Combust","floor":15,"key":"SMITH"}],"neow_cost":"NONE","seed_source_timestamp":970802110141969,"circlet_count":0,"master_deck":["Strike_R","Strike_R","Strike_R","Strike_R","Strike_R","Defend_R","Defend_R","Defend_R","Defend_R","Bash","Ghostly Armor","Rupture","Combust+1","Warcry","Heavy Blade","Rupture","Shrug It Off","Spot Weakness","Metallicize","Limit Break","Shrug It Off","Disarm","Necronomicurse"],"relics":["Burning Blood","Pen Nib","Golden Idol","Red Skull","Happy Flower","Orichalcum","Velvet Choker","Necronomicon","Dream Catcher"],"potions_floor_usage":[6,16,16,18,22,23],"damage_taken":[{"damage":7,"enemies":"2 Louse","floor":1,"turns":3},{"damage":0,"enemies":"Cultist","floor":3,"turns":4},{"damage":8,"enemies":"Small Slimes","floor":5,"turns":5},{"damage":31,"enemies":"3 Sentries","floor":6,"turns":8},{"damage":30,"enemies":"Lagavulin","floor":8,"turns":6},{"damage":3,"enemies":"3 Louse","floor":11,"turns":4},{"damage":13,"enemies":"Blue Slaver","floor":12,"turns":5},{"damage":6,"enemies":"Lots of Slimes","floor":13,"turns":3},{"damage":10,"enemies":"Gremlin Gang","floor":14,"turns":4},{"damage":16,"enemies":"Hexaghost","floor":16,"turns":8},{"damage":3,"enemies":"Chosen","floor":18,"turns":4},{"damage":29,"enemies":"2 Thieves","floor":19,"turns":3},{"damage":12,"enemies":"Colosseum Slavers","floor":22,"turns":4},{"damage":34,"enemies":"Gremlin Leader","floor":23,"turns":4}],"seed_played":"2786006285753563626","potions_obtained":[{"floor":3,"key":"Swift Potion"},{"floor":4,"key":"SneckoOil"},{"floor":4,"key":"Ancient Potion"},{"floor":4,"key":"SpeedPotion"},{"floor":5,"key":"LiquidBronze"},{"floor":13,"key":"SpeedPotion"},{"floor":16,"key":"SteroidPotion"},{"floor":19,"key":"Block Potion"}],"is_trial":false,"path_per_floor":["M","?","M","?","M","E","R","E","T","R","M","M","M","M","R","B",null,"M","M","?","?","?","E"],"character_chosen":"IRONCLAD","items_purchased":[],"campfire_rested":2,"item_purchase_floors":[],"current_hp_per_floor":[71,51,57,57,55,30,54,30,30,54,57,50,50,46,46,36,69,72,49,33,33,27,0],"gold":510,"neow_bonus":"RANDOM_COMMON_RELIC","is_prod":false,"is_daily":false,"chose_seed":false,"campfire_upgraded":1,"win_rate":0,"timestamp":1546366234,"path_taken":["M","?","M","?","?","E","R","E","T","R","M","M","M","M","R","BOSS","M","M","?","?","?","E"],"build_version":"2018-12-20","purchased_purges":0,"victory":false,"max_hp_per_floor":[80,80,80,80,80,80,80,80,80,80,80,80,80,80,80,80,80,80,80,80,80,80,80],"card_choices":[{"not_picked":["True Grit","Dual Wield"],"picked":"Ghostly Armor","floor":1},{"not_picked":["Perfected Strike","Havoc"],"picked":"Rupture","floor":3},{"not_picked":["Pommel Strike","Headbutt"],"picked":"Combust","floor":5},{"not_picked":["Perfected Strike","Searing Blow"],"picked":"Warcry","floor":6},{"not_picked":["Clothesline","Pommel Strike"],"picked":"Heavy Blade","floor":8},{"not_picked":["Havoc","Shockwave"],"picked":"Rupture","floor":11},{"not_picked":["Entrench","Rampage"],"picked":"Shrug It Off","floor":12},{"not_picked":["Sword Boomerang","Cleave"],"picked":"Spot Weakness","floor":13},{"not_picked":["Twin Strike","Intimidate"],"picked":"Metallicize","floor":14},{"not_picked":["Immolate","Impervious"],"picked":"Limit Break","floor":16},{"not_picked":["Thunderclap+1","Clash"],"picked":"Shrug It Off","floor":18},{"not_picked":["Rage","Twin Strike"],"picked":"Disarm","floor":19}],"player_experience":359100,"relics_obtained":[{"floor":6,"key":"Red Skull"},{"floor":8,"key":"Happy Flower"},{"floor":9,"key":"Orichalcum"},{"floor":20,"key":"Necronomicon"}],"event_choices":[{"damage_healed":0,"gold_gain":0,"player_choice":"Take Damage","damage_taken":20,"relics_obtained":["Golden Idol"],"max_hp_gain":0,"max_hp_loss":0,"event_name":"Golden Idol","floor":2,"gold_loss":0},{"damage_healed":0,"gold_gain":0,"player_choice":"Got Potions","damage_taken":0,"max_hp_gain":0,"max_hp_loss":0,"event_name":"Lab","floor":4,"gold_loss":0},{"damage_healed":0,"gold_gain":0,"player_choice":"Obtained Book","damage_taken":16,"max_hp_gain":0,"max_hp_loss":0,"event_name":"Cursed Tome","floor":20,"gold_loss":0},{"damage_healed":0,"gold_gain":0,"player_choice":"Opened","damage_taken":0,"relics_obtained":["Dream Catcher"],"max_hp_gain":0,"max_hp_loss":0,"event_name":"The Mausoleum","floor":21,"gold_loss":0},{"damage_healed":0,"gold_gain":0,"player_choice":"Fight","damage_taken":0,"max_hp_gain":0,"max_hp_loss":0,"event_name":"Colosseum","floor":22,"gold_loss":0},{"damage_healed":0,"gold_gain":0,"player_choice":"Fled From Nobs","damage_taken":0,"max_hp_gain":0,"max_hp_loss":0,"event_name":"Colosseum","floor":22,"gold_loss":0}],"is_beta":false,"boss_relics":[{"not_picked":["Mark of Pain","Sozu"],"picked":"Velvet Choker"}],"items_purged_floors":[],"is_endless":false,"potions_floor_spawned":[3,5,13,16,19],"killed_by":"Gremlin Leader","ascension_level":8}