{"path_per_floor":["M","?","M","?","?","M","M","M","T","E","M","R","E","$","R","B",null,"M","$","?","M","?","R","E","M","T","M","$","M","E","M","R","B",null,"M","M","M","M","$","E","R","M","T","?","M","M","M","E","R","B"],"character_chosen":"DEFECT","items_purchased":["Genetic Algorithm","Capacitor","Jack Of All Trades+1","Enlightenment+1","Redo+1","Hologram+1","Storm","Chill+1","Magnetism"],"gold_per_floor":[109,109,127,127,127,142,157,168,194,227,243,243,275,238,238,336,336,346,272,372,385,585,585,616,632,632,644,241,258,287,298,298,402,402,415,429,444,454,100,131,131,150,150,0,12,28,48,80,80,80],"floor_reached":51,"campfire_rested":4,"playtime":4240,"item_purchase_floors":[14,19,28,28,28,28,39,39,39],"current_hp_per_floor":[66,51,51,44,44,41,39,28,28,4,4,26,9,9,31,28,75,68,68,68,59,59,59,23,21,21,20,20,16,9,7,29,19,75,72,74,75,54,54,30,52,54,54,54,56,58,60,57,57,41],"items_purged":[],"gold":80,"score":840,"play_id":"412ae055-5d16-4081-a4c6-3413bf18965d","local_time":"20180601222739","is_prod":false,"is_daily":false,"chose_seed":false,"is_ascension_mode":false,"campfire_upgraded":2,"win_rate":0.0,"timestamp":1527910059,"campfire_choices":[{"floor":12,"key":"REST"},{"floor":15,"key":"REST"},{"data":"Capacitor","floor":23,"key":"SMITH"},{"floor":32,"key":"REST"},{"floor":41,"key":"REST"},{"data":"Thunder Strike","floor":49,"key":"SMITH"}],"path_taken":["M","?","M","?","?","M","M","M","T","E","M","R","E","?","R","BOSS","M","$","?","M","?","R","E","M","T","M","$","?","E","M","R","BOSS","M","?","M","M","$","E","R","M","T","?","M","M","M","E","R","BOSS"],"build_version":"2018-05-31","seed_source_timestamp":1214506101351811,"purchased_purges":0,"victory":true,"master_deck":["Strike_B","Strike_B","Strike_B","Strike_B","Defend_B","Defend_B","Defend_B+1","Zap+1","Genetic Algorithm","Ball Lightning","Defragment","Barrage","Genetic Algorithm","Genetic Algorithm","Barrage","Rainbow","Barrage","Genetic Algorithm","Thunder Strike+1","Lockon","Capacitor+1","Redo","Chaos+1","Compile Driver+1","Loop","Jack Of All Trades+1","Enlightenment+1","Redo+1","Hologram+1","Rainbow+1","Streamline+1","Hologram+1","Electrodynamics","Beam Cell+1","Ball Lightning+1","Loop+1","Chill+1","Storm","Chill+1","Magnetism","Force Field+1","Barrage+1","Clumsy","Hologram+1","Force Field+1","Hologram+1","Reinforced Body+1"],"max_hp_per_floor":[75,75,75,75,75,75,75,75,75,75,75,75,75,75,75,75,75,75,75,75,75,75,75,75,75,75,75,75,75,75,75,75,75,75,75,75,75,75,75,75,75,75,75,75,75,75,75,75,75,75],"relics":["Cracked Core","Anchor","Ancient Tea Set","Blood Vial","Runic Pyramid","Ornamental Fan","Toxic Egg 2","Pen Nib","Cursed Key","Lantern","Bottled Tornado","Red Mask","Ginger"],"card_choices":[{"not_picked":["Cold Snap","Auto Shields"],"picked":"Genetic Algorithm","floor":1},{"not_picked":["Cold Snap","Compile Driver"],"picked":"Ball Lightning","floor":3},{"not_picked":["Streamline","Coolheaded"],"picked":"Barrage","floor":6},{"not_picked":["Barrage","Force Field"],"picked":"Genetic Algorithm","floor":7},{"not_picked":["Rebound","Stack"],"picked":"Genetic Algorithm","floor":8},{"not_picked":["Go for the Eyes","FTL"],"picked":"Barrage","floor":10},{"not_picked":["Go for the Eyes","Force Field"],"picked":"Rainbow","floor":11},{"not_picked":["Stack","Redo"],"picked":"Barrage","floor":13},{"not_picked":["Multi-Cast","Seek"],"picked":"Thunder Strike","floor":16},{"not_picked":["Heatsinks","BootSequence"],"picked":"Lockon","floor":18},{"not_picked":["Conserve Battery","Leap+1"],"picked":"Redo","floor":21},{"not_picked":["Double Energy+1","Leap+1"],"picked":"Chaos+1","floor":24},{"not_picked":["Conserve Battery","Steam"],"picked":"Compile Driver+1","floor":25},{"not_picked":["Sweeping Beam","Lockon"],"picked":"Loop","floor":27},{"not_picked":["Go for the Eyes","Double Energy+1"],"picked":"Rainbow+1","floor":29},{"not_picked":["BootSequence+1","Doom and Gloom"],"picked":"Streamline+1","floor":30},{"not_picked":["Double Energy+1","Redo+1"],"picked":"Hologram+1","floor":31},{"not_picked":["Echo Form","All For One"],"picked":"Electrodynamics","floor":33},{"not_picked":["Streamline+1","Rebound"],"picked":"Beam Cell+1","floor":35},{"not_picked":["Gash","Reinforced Body+1"],"picked":"Ball Lightning+1","floor":36},{"not_picked":["Steam Power+1","Reboot+1"],"picked":"Loop+1","floor":37},{"not_picked":["Lockon+1","Beam Cell"],"picked":"Chill+1","floor":38},{"not_picked":["BootSequence+1","Compile Driver+1"],"picked":"Force Field+1","floor":40},{"not_picked":["Gash","Auto Shields+1"],"picked":"Barrage+1","floor":42},{"not_picked":["Barrage+1","Melter"],"picked":"Hologram+1","floor":45},{"not_picked":["Hologram+1","Gash"],"picked":"Force Field+1","floor":46},{"not_picked":["Echo Form","Streamline"],"picked":"Hologram+1","floor":47},{"not_picked":["Heatsinks","BootSequence+1"],"picked":"Reinforced Body+1","floor":48}],"player_experience":211574,"potions_floor_usage":[16,24,33,33,38,50,50],"damage_taken":[{"damage":9,"enemies":"2 Louse","floor":1,"turns":3},{"damage":0,"enemies":"Small Slimes","floor":3,"turns":3},{"damage":3,"enemies":"Jaw Worm","floor":6,"turns":3},{"damage":2,"enemies":"Looter","floor":7,"turns":3},{"damage":11,"enemies":"Exordium Wildlife","floor":8,"turns":4},{"damage":24,"enemies":"Gremlin Nob","floor":10,"turns":4},{"damage":0,"enemies":"Blue Slaver","floor":11,"turns":3},{"damage":17,"enemies":"3 Sentries","floor":13,"turns":6},{"damage":5,"enemies":"Hexaghost","floor":16,"turns":7},{"damage":7,"enemies":"3 Byrds","floor":18,"turns":5},{"damage":11,"enemies":"Spheric Guardian","floor":21,"turns":6},{"damage":38,"enemies":"Slavers","floor":24,"turns":7},{"damage":4,"enemies":"Centurion and Healer","floor":25,"turns":7},{"damage":3,"enemies":"Snake Plant","floor":27,"turns":6},{"damage":6,"enemies":"Cultist and Chosen","floor":29,"turns":7},{"damage":9,"enemies":"Gremlin Leader","floor":30,"turns":9},{"damage":11,"enemies":"Snecko","floor":31,"turns":7},{"damage":12,"enemies":"Champ","floor":33,"turns":10},{"damage":3,"enemies":"Orb Walker","floor":35,"turns":3},{"damage":0,"enemies":"3 Darklings","floor":36,"turns":6},{"damage":0,"enemies":"4 Shapes","floor":37,"turns":4},{"damage":21,"enemies":"Maw","floor":38,"turns":8},{"damage":26,"enemies":"2 Orb Walkers","floor":40,"turns":5},{"damage":0,"enemies":"Sphere and 2 Shapes","floor":42,"turns":9},{"damage":0,"enemies":"4 Shapes","floor":45,"turns":7},{"damage":0,"enemies":"3 Darklings","floor":46,"turns":6},{"damage":0,"enemies":"Maw","floor":47,"turns":8},{"damage":5,"enemies":"Nemesis","floor":48,"turns":8},{"damage":18,"enemies":"Awakened One","floor":50,"turns":13}],"relics_obtained":[{"floor":9,"key":"Anchor"},{"floor":10,"key":"Ancient Tea Set"},{"floor":13,"key":"Blood Vial"},{"floor":24,"key":"Ornamental Fan"},{"floor":26,"key":"Toxic Egg 2"},{"floor":30,"key":"Pen Nib"},{"floor":40,"key":"Lantern"},{"floor":43,"key":"Bottled Tornado"},{"floor":48,"key":"Ginger"}],"event_choices":[{"event_name":"Shining Light","player_choice":"Entered Light","floor":2,"damage_taken":0},{"event_name":"Golden Wing","player_choice":"Card Removal","floor":4,"damage_taken":0},{"event_name":"Transmorgrifier","player_choice":"Transform","floor":5,"damage_taken":0},{"event_name":"Golden Shrine","player_choice":"Pray","floor":20,"damage_taken":0},{"event_name":"Wheel of Change","player_choice":"Gold","floor":22,"damage_taken":0},{"event_name":"Tomb of Lord Red Mask","player_choice":"Paid","floor":44,"damage_taken":0}],"boss_relics":[{"not_picked":["Astrolabe","Sozu"],"picked":"Runic Pyramid"},{"not_picked":["Snecko Eye","White Beast Statue"],"picked":"Cursed Key"}],"items_purged_floors":[],"potions_floor_spawned":[1,3,8,10,11,25,29,30,31,33,35,37,42,45,46],"seed_played":"6457933040906435132","ascension_level":0,"potions_obtained":[{"floor":1,"key":"PowerPotion"},{"floor":3,"key":"PowerPotion"},{"floor":8,"key":"SteroidPotion"},{"floor":10,"key":"Block Potion"},{"floor":11,"key":"FairyPotion"},{"floor":25,"key":"Energy Potion"},{"floor":29,"key":"SpeedPotion"},{"floor":31,"key":"Poison Potion"},{"floor":33,"key":"FairyPotion"},{"floor":35,"key":"Block Potion"},{"floor":37,"key":"EntropicBrew"},{"floor":42,"key":"Block Potion"}],"is_trial":false}