{"gold_per_floor":[112,112,122,138,163,175,198,210,222,234,246,288,278,290],"floor_reached":14,"playtime":638,"items_purged":[],"score":101,"play_id":"8bfaefba-7a15-4d26-b42f-0fc356a13125","local_time":"20190207091859","is_ascension_mode":true,"campfire_choices":[{"data":"Zap","floor":6,"key":"SMITH"},{"data":"Loop","floor":8,"key":"SMITH"},{"floor":10,"key":"RECALL"}],"neow_cost":"NONE","seed_source_timestamp":506058832230404,"circlet_count":0,"master_deck":["Strike_B","Strike_B","Strike_B","Strike_B","Defend_B","Defend_B","Defend_B","Defend_B","Zap+1","Dualcast","Forethought","Chaos+1","Compile Driver","Rebound","Loop+1","Static Discharge"],"relics":["Cracked Core","MawBank","Juzu Bracelet","Pantograph"],"potions_floor_usage":[14,14],"damage_taken":[{"damage":4,"enemies":"Jaw Worm","floor":1,"turns":3},{"damage":0,"enemies":"Cultist","floor":3,"turns":3},{"damage":7,"enemies":"2 Louse","floor":4,"turns":3},{"damage":11,"enemies":"Blue Slaver","floor":7,"turns":2},{"damage":41,"enemies":"Lagavulin","floor":12,"turns":6},{"damage":25,"enemies":"3 Sentries","floor":14,"turns":2}],"seed_played":"7365557012234349295","potions_obtained":[{"floor":1,"key":"SteroidPotion"},{"floor":4,"key":"AttackPotion"},{"floor":12,"key":"FearPotion"}],"is_trial":false,"path_per_floor":["M","?","M","M","T","R","M","R","T","R","?","E","?","E"],"character_chosen":"DEFECT","items_purchased":[],"campfire_rested":0,"item_purchase_floors":[],"current_hp_per_floor":[71,71,71,64,64,64,53,53,53,53,58,17,17,0],"gold":290,"neow_bonus":"RANDOM_COLORLESS","is_prod":false,"is_daily":false,"chose_seed":false,"campfire_upgraded":2,"win_rate":0,"timestamp":1549527539,"path_taken":["M","?","?","M","?","R","M","R","T","R","?","E","?","E"],"build_version":"2019-01-23","purchased_purges":0,"victory":false,"max_hp_per_floor":[75,75,75,75,75,75,75,75,75,75,80,80,80,80],"card_choices":[{"not_picked":["Static Discharge","Conserve Battery"],"picked":"Chaos","floor":1},{"not_picked":["Rip and Tear","Gash"],"picked":"Compile Driver","floor":3},{"not_picked":["Beam Cell","Turbo"],"picked":"Rebound","floor":4},{"not_picked":["Rip and Tear","Aggregate"],"picked":"Loop","floor":7},{"not_picked":["All For One","Fusion"],"picked":"Static Discharge","floor":12}],"player_experience":578736,"relics_obtained":[{"floor":5,"key":"MawBank"},{"floor":9,"key":"Juzu Bracelet"},{"floor":12,"key":"Pantograph"}],"event_choices":[{"damage_healed":0,"gold_gain":0,"player_choice":"Upgraded","damage_taken":0,"max_hp_gain":0,"max_hp_loss":0,"event_name":"Upgrade Shrine","floor":2,"gold_loss":0,"cards_upgraded":["Chaos"]},{"damage_healed":0,"gold_gain":0,"player_choice":"Donut","damage_taken":0,"max_hp_gain":5,"max_hp_loss":0,"event_name":"Big Fish","floor":11,"gold_loss":0},{"damage_healed":0,"gold_gain":0,"player_choice":"Left Gold","damage_taken":0,"max_hp_gain":0,"max_hp_loss":0,"event_name":"World of Goop","floor":13,"gold_loss":22}],"is_beta":false,"boss_relics":[],"items_purged_floors":[],"is_endless":false,"potions_floor_spawned":[1,4,12],"killed_by":"3 Sentries","ascension_level":3}