{"gold_per_floor":[111,28,38,113,113,113,131,131,131,157,167,167,184,23,23,94,94,109,109,120,134,134,134,144,144,144,194,208,224,241,241,241,241],"floor_reached":33,"playtime":1190,"items_purged":["Strike_R"],"score":523,"play_id":"8b893dd4-27d4-4665-8466-2479f4b9f357","local_time":"20190206160155","is_ascension_mode":true,"campfire_choices":[{"data":"Immolate","floor":6.0,"key":"SMITH"},{"data":"Bash","floor":8.0,"key":"SMITH"},{"data":"Clothesline","floor":12.0,"key":"SMITH"},{"data":"Inflame","floor":15.0,"key":"SMITH"},{"data":"True Grit","floor":23.0,"key":"SMITH"},{"floor":25.0,"key":"REST"},{"floor":32,"key":"REST"}],"neow_cost":"NONE","seed_source_timestamp":597373268891229,"circlet_count":0,"master_deck":["AscendersBane","Defend_R","Defend_R","Defend_R","Defend_R","Bash+1","Immolate+1","Clothesline+1","Inflame+1","Battle Trance","Sword Boomerang+1","Inflame","Offering","Sword Boomerang+1","Bite+1","Bite+1","Bite+1","Bite+1","Bite+1","True Grit+1","Demon Form+1","Necronomicurse","Pommel Strike+1","Power Through","Inflame+1","Searing Blow+1"],"special_seed":0,"relics":["Black Blood","Molten Egg 2","Bottled Flame","Necronomicon","Sundial"],"potions_floor_usage":[33],"damage_taken":[{"damage":1.0,"enemies":"Cultist","floor":1.0,"turns":4.0},{"damage":0.0,"enemies":"Small Slimes","floor":3.0,"turns":2.0},{"damage":4.0,"enemies":"Jaw Worm","floor":7.0,"turns":2.0},{"damage":8.0,"enemies":"Gremlin Nob","floor":10.0,"turns":3.0},{"damage":0.0,"enemies":"Lots of Slimes","floor":11.0,"turns":1.0},{"damage":11.0,"enemies":"Looter","floor":13.0,"turns":2.0},{"damage":39.0,"enemies":"Hexaghost","floor":16.0,"turns":7.0},{"damage":39.0,"enemies":"2 Thieves","floor":18.0,"turns":4.0},{"damage":24.0,"enemies":"3 Byrds","floor":20.0,"turns":4.0},{"damage":17.0,"enemies":"Snecko","floor":21.0,"turns":3.0},{"damage":14.0,"enemies":"Snake Plant","floor":24.0,"turns":2.0},{"damage":18.0,"enemies":"Centurion and Healer","floor":28.0,"turns":3.0},{"damage":9,"enemies":"Chosen and Byrds","floor":29,"turns":3},{"damage":15,"enemies":"Snake Plant","floor":30,"turns":3},{"damage":71,"enemies":"Collector","floor":33,"turns":5}],"seed_played":"-5700225840778412382","potions_obtained":[{"floor":1.0,"key":"Weak Potion"},{"floor":7.0,"key":"Energy Potion"},{"floor":20.0,"key":"LiquidBronze"},{"floor":28.0,"key":"Weak Potion"}],"is_trial":false,"path_per_floor":["M","$","M","?","$","R","M","R","T","E","M","R","M","$","R","B",null,"M","?","M","M","?","R","M","R","T","?","M","M","M","?","R","B"],"character_chosen":"IRONCLAD","items_purchased":["Inflame","Inflame"],"campfire_rested":2,"item_purchase_floors":[2,14],"current_hp_per_floor":[73,73,75,64,64,64,66,66,66,64,70,70,65,65,65,32,64,35,35,39,38,17,17,16,31,31,31,26,33,37,37,52,0],"gold":241,"neow_bonus":"ONE_RANDOM_RARE_CARD","is_prod":false,"is_daily":false,"chose_seed":false,"campfire_upgraded":5,"win_rate":0,"timestamp":1549497715,"path_taken":["M","?","M","?","?","R","M","R","T","E","M","R","?","$","R","BOSS","M","?","M","M","?","R","M","R","T","?","?","M","M","?","R","BOSS"],"build_version":"2019-01-23","purchased_purges":1,"victory":false,"max_hp_per_floor":[75,75,75,75,75,75,75,75,75,75,75,75,75,75,75,75,75,75,52,52,52,52,52,52,52,52,52,52,52,52,52,52,52],"card_choices":[{"not_picked":["Rage","Dropkick"],"picked":"Clothesline","floor":1.0},{"not_picked":["Havoc","Wild Strike"],"picked":"Battle Trance","floor":3.0},{"not_picked":["Fire Breathing","Iron Wave","Heavy Blade"],"picked":"SKIP","floor":7.0},{"not_picked":["Flex","Shockwave","Offering"],"picked":"SKIP","floor":10.0},{"not_picked":["Corruption","Seeing Red"],"picked":"Sword Boomerang+1","floor":11.0},{"not_picked":["Havoc","Rupture","Sever Soul+1"],"picked":"SKIP","floor":13.0},{"not_picked":["Barricade","Brutality"],"picked":"Offering","floor":16.0},{"not_picked":["Perfected Strike+1","Wild Strike+1"],"picked":"Sword Boomerang+1","floor":18.0},{"not_picked":["Clothesline+1","Thunderclap+1"],"picked":"True Grit","floor":20.0},{"not_picked":["Perfected Strike+1","Fire Breathing+1"],"picked":"Demon Form","floor":21.0},{"not_picked":["Armaments","Body Slam+1"],"picked":"Pommel Strike+1","floor":24.0},{"not_picked":["Headbutt+1","Sword Boomerang+1"],"picked":"Power Through","floor":28.0},{"not_picked":["Warcry+1","True Grit"],"picked":"Inflame+1","floor":29},{"not_picked":["Battle Trance","Second Wind"],"picked":"Searing Blow+1","floor":30}],"player_experience":1833073,"relics_obtained":[{"floor":9.0,"key":"Molten Egg 2"},{"floor":10.0,"key":"Bottled Flame"},{"floor":22.0,"key":"Necronomicon"},{"floor":26.0,"key":"Sundial"}],"event_choices":[{"damage_healed":0.0,"max_hp_gain":0.0,"max_hp_loss":0.0,"gold_gain":75.0,"event_name":"World of Goop","player_choice":"Gather Gold","floor":4.0,"gold_loss":0.0,"damage_taken":11.0},{"damage_healed":0.0,"max_hp_gain":0.0,"max_hp_loss":23.0,"gold_gain":0.0,"event_name":"Vampires","player_choice":"Became a vampire","floor":19.0,"gold_loss":0.0,"damage_taken":0.0,"cards_obtained":["Bite","Bite","Bite","Bite","Bite"]},{"damage_healed":0.0,"max_hp_gain":0.0,"max_hp_loss":0.0,"gold_gain":0.0,"event_name":"Cursed Tome","player_choice":"Obtained Book","floor":22.0,"gold_loss":0.0,"damage_taken":21.0},{"damage_healed":0.0,"max_hp_gain":0.0,"max_hp_loss":0.0,"gold_gain":50.0,"event_name":"Golden Shrine","player_choice":"Pray","floor":27.0,"gold_loss":0.0,"damage_taken":0.0},{"damage_healed":0,"gold_gain":0,"player_choice":"Forge","damage_taken":0,"max_hp_gain":0,"max_hp_loss":0,"event_name":"Accursed Blacksmith","floor":31,"gold_loss":0,"cards_upgraded":["Demon Form"]}],"is_beta":false,"boss_relics":[{"not_picked":["Empty Cage","Busted Crown"],"picked":"Black Blood"}],"items_purged_floors":[14],"is_endless":false,"potions_floor_spawned":[1,7,11,16,18,20,28,29],"killed_by":"Collector","ascension_level":20}