{"gold_per_floor":[111,211,63,63,75,75,105,2,2,19,29,29,29,64,64,64],"floor_reached":16,"playtime":716,"items_purged":[],"score":138,"play_id":"adc88049-cff5-49f3-ad1a-d4ac1619acc3","local_time":"20180902204437","is_ascension_mode":true,"campfire_choices":[{"data":"Neutralize","floor":6,"key":"SMITH"},{"floor":13,"key":"REST"},{"data":"Escape Plan","floor":15,"key":"SMITH"}],"neow_cost":"NONE","seed_source_timestamp":55243878336080,"circlet_count":0,"master_deck":["Defend_G","Defend_G","Defend_G","Defend_G","Defend_G","Strike_G","Strike_G","Strike_G","Strike_G","Survivor","Neutralize+1","Escape Plan+1","Quick Slash","Escape Plan","Flash of Steel","Distraction","Escape Plan","Wraith Form v2","Escape Plan","Backflip"],"relics":["Ring of the Snake","Omamori","Juzu Bracelet","NlothsMask","Dream Catcher","Vajra"],"potions_floor_usage":[7,7],"damage_taken":[{"damage":2,"enemies":"Small Slimes","floor":1,"turns":5},{"damage":0,"enemies":"Cultist","floor":5,"turns":4},{"damage":7,"enemies":"3 Sentries","floor":7,"turns":14},{"damage":0,"enemies":"Jaw Worm","floor":10,"turns":4},{"damage":21,"enemies":"Exordium Thugs","floor":11,"turns":6},{"damage":27,"enemies":"Lagavulin","floor":14,"turns":13},{"damage":50,"enemies":"Slime Boss","floor":16,"turns":9}],"seed_played":"-428994046008758277","potions_obtained":[{"floor":1,"key":"SkillPotion"},{"floor":7,"key":"Fruit Juice"}],"is_trial":false,"path_per_floor":["M","?","$","?","M","R","E","$","T","M","M","?","R","E","R"],"character_chosen":"THE_SILENT","items_purchased":["Juzu Bracelet","Flash of Steel"],"campfire_rested":1,"item_purchase_floors":[3,8],"current_hp_per_floor":[68,68,68,68,68,68,66,66,66,66,45,45,67,40,40,0],"gold":64,"neow_bonus":"RANDOM_COMMON_RELIC","is_prod":false,"is_daily":false,"chose_seed":false,"campfire_upgraded":2,"win_rate":0,"timestamp":1535913877,"path_taken":["M","?","?","?","M","R","E","$","T","M","M","?","R","E","R","BOSS"],"build_version":"2018-08-30","purchased_purges":0,"victory":false,"max_hp_per_floor":[70,70,70,70,70,70,75,75,75,75,75,75,75,75,75,75],"card_choices":[{"not_picked":["PiercingWail","Finisher"],"picked":"Escape Plan","floor":1},{"not_picked":["Heel Hook","PiercingWail"],"picked":"Quick Slash","floor":5},{"not_picked":["Crippling Poison","Riddle With Holes"],"picked":"Escape Plan","floor":7},{"not_picked":["Poisoned Stab","Acrobatics"],"picked":"Distraction","floor":10},{"not_picked":["Blade Dance","Night Terror"],"picked":"Escape Plan","floor":11},{"not_picked":["Underhanded Strike","Setup"],"picked":"Escape Plan","floor":13},{"not_picked":["Prepared","Bane"],"picked":"Backflip","floor":14}],"player_experience":98376,"relics_obtained":[{"floor":7,"key":"Dream Catcher"},{"floor":14,"key":"Vajra"}],"event_choices":[{"event_name":"Wheel of Change","player_choice":"Gold","floor":2,"damage_taken":0},{"event_name":"FaceTrader","player_choice":"Trade","floor":4,"damage_taken":0},{"event_name":"Transmorgrifier","player_choice":"Transform","floor":12,"damage_taken":0}],"is_beta":true,"boss_relics":[],"items_purged_floors":[],"is_endless":false,"potions_floor_spawned":[1,7],"killed_by":"Slime Boss","ascension_level":1}