{"path_per_floor":["M","$","M","M","?","E","R","$","T","$","R","E","?","M","R","B",null,"M","$","?","?","M","R","M","R","T","?","?","E","$","M","R","B",null,"M","?","?","T","$","R","M","R","T","E","M","M","M","M","R"],"character_chosen":"DEFECT","items_purchased":["Go for the Eyes","Storm","Hello World","Anchor","Capacitor","Finesse"],"gold_per_floor":[113,16,32,50,50,81,81,11,88,15,15,43,17,34,34,133,133,144,0,0,0,14,14,25,25,25,25,25,50,27,42,42,141,141,158,210,210,236,30,30,50,50,75,110,123,138,155,174,174,174],"floor_reached":50,"campfire_rested":4,"playtime":2675,"current_hp_per_floor":[75,75,75,75,80,64,64,64,74,74,74,39,39,22,49,15,90,84,84,84,84,84,84,81,81,81,81,81,81,81,80,80,9,90,54,36,36,36,36,63,57,84,84,35,35,20,9,1,28,0],"items_purged":["Strike_B","Writhe"],"gold":174,"score":573,"play_id":"4175e98b-1b74-478c-9bac-0819b3de0d69","local_time":"20180513151615","is_prod":false,"is_daily":false,"chose_seed":false,"is_ascension_mode":false,"campfire_upgraded":5,"timestamp":1526217375,"path_taken":["M","?","?","M","?","E","R","$","T","?","R","E","?","M","R","BOSS","M","$","?","?","M","R","M","R","T","?","?","E","?","?","R","BOSS","M","?","?","?","?","R","M","R","T","E","M","?","M","M","R","BOSS"],"build_version":"2018-05-12v2","seed_source_timestamp":23796027044383,"purchased_purges":2,"victory":false,"master_deck":["Defend_B+1","Defend_B+1","Defend_B+1","Zap+1","Dualcast+1","Redo+1","Go for the Eyes","Go for the Eyes","Melter","Storm+1","Hello World+1","Creative AI+1","Biased Cognition","Conserve Battery+1","Sweeping Beam+1","Chill+1","Ball Lightning","Scrape","Gash","Capacitor","Thunder Strike","Finesse","Heatsinks+1","Auto Shields","Reinforced Body+1"],"max_hp_per_floor":[75,75,75,75,80,80,80,80,90,90,90,90,90,90,90,90,90,90,90,90,90,90,90,90,90,90,90,90,90,90,90,90,90,90,90,90,90,90,90,90,90,90,90,90,90,90,90,90,90,90],"relics":["Cracked Core","Potion Belt","Pear","Calipers","Astrolabe","Anchor","Letter Opener","Toolbox","DataDisk","Lizard Tail","Torii","Oddly Smooth Stone","Dream Catcher","Vajra"],"card_choices":[{"not_picked":["Barrage","Sweeping Beam"],"picked":"Redo","floor":1},{"not_picked":["Stack","Barrage","Sweeping Beam"],"picked":"SKIP","floor":3},{"not_picked":["Rip and Tear","Sweeping Beam"],"picked":"Go for the Eyes","floor":4},{"not_picked":["Auto Shields","Heatsinks"],"picked":"Melter","floor":6},{"not_picked":["Lockon","Hologram","Rebound"],"picked":"SKIP","floor":12},{"not_picked":["Glacier","Recycle"],"picked":"Creative AI","floor":14},{"not_picked":["Reboot","Rainbow"],"picked":"Biased Cognition","floor":16},{"not_picked":["Coolheaded","Recycle","Axe Kick"],"picked":"SKIP","floor":18},{"not_picked":["Coolheaded","Chaos"],"picked":"Ball Lightning","floor":22},{"not_picked":["Steam+1","Recycle"],"picked":"Scrape","floor":24},{"not_picked":["Reprogram","Meteor Strike"],"picked":"Gash","floor":29},{"not_picked":["Ball Lightning","Conserve Battery","Cold Snap"],"picked":"SKIP","floor":31},{"not_picked":["Creative AI","Reboot"],"picked":"Thunder Strike","floor":33},{"not_picked":["Lockon+1","Stack","Axe Kick"],"picked":"SKIP","floor":35},{"not_picked":["Reinforced Body+1","Genetic Algorithm+1"],"picked":"Heatsinks+1","floor":41},{"not_picked":["Lockon+1","Hologram+1","Chill"],"picked":"SKIP","floor":44},{"not_picked":["Beam Cell+1","Capacitor"],"picked":"Auto Shields","floor":45},{"not_picked":["Meteor Strike","Axe Kick","Reinforced Body"],"picked":"SKIP","floor":46},{"not_picked":["Go for the Eyes","Steam+1"],"picked":"Reinforced Body+1","floor":47},{"not_picked":["Axe Kick+1","Go for the Eyes","Undo"],"picked":"SKIP","floor":48}],"player_experience":86024,"potions_floor_usage":[6,16,29,29,33,46,48,48,50],"damage_taken":[{"damage":0,"enemies":"Cultist","floor":1,"turns":3},{"damage":0,"enemies":"Small Slimes","floor":3,"turns":3},{"damage":0,"enemies":"2 Louse","floor":4,"turns":2},{"damage":16,"enemies":"Lagavulin","floor":6,"turns":7},{"damage":35,"enemies":"Gremlin Nob","floor":12,"turns":4},{"damage":17,"enemies":"Gremlin Gang","floor":14,"turns":4},{"damage":34,"enemies":"The Guardian","floor":16,"turns":6},{"damage":6,"enemies":"Chosen","floor":18,"turns":5},{"damage":0,"enemies":"Shell Parasite","floor":22,"turns":4},{"damage":3,"enemies":"3 Cultists","floor":24,"turns":5},{"damage":0,"enemies":"Book of Stabbing","floor":29,"turns":4},{"damage":1,"enemies":"Snecko","floor":31,"turns":4},{"damage":71,"enemies":"Automaton","floor":33,"turns":7},{"damage":36,"enemies":"3 Shapes","floor":35,"turns":5},{"damage":18,"enemies":"Mysterious Sphere","floor":36,"turns":5},{"damage":6,"enemies":"Flame Bruiser 1 Orb","floor":41,"turns":4},{"damage":49,"enemies":"Nemesis","floor":44,"turns":5},{"damage":0,"enemies":"Sphere and 2 Shapes","floor":45,"turns":4},{"damage":15,"enemies":"Maw","floor":46,"turns":7},{"damage":11,"enemies":"Flame Bruiser 2 Orb","floor":47,"turns":6},{"damage":8,"enemies":"Sphere and 2 Shapes","floor":48,"turns":5},{"damage":98,"enemies":"Time Eater","floor":50,"turns":16}],"event_choices":[{"event_name":"Big Fish","player_choice":"Donut","floor":5,"damage_taken":0},{"event_name":"World of Goop","player_choice":"Left","floor":13,"damage_taken":0},{"event_name":"Back to Basics","player_choice":"Simplicity","floor":20,"damage_taken":0},{"event_name":"Purifier","player_choice":"One Purge","floor":21,"damage_taken":0},{"event_name":"Ghosts","player_choice":"Ignored","floor":27,"damage_taken":0},{"event_name":"The Mausoleum","player_choice":"Yes","floor":28,"damage_taken":0},{"event_name":"Mysterious Sphere","player_choice":"Fight","floor":36,"damage_taken":0},{"event_name":"Match and Keep!","player_choice":"0 cards matched","floor":37,"damage_taken":0}],"boss_relics":[{"not_picked":["Sozu","Runic Pyramid"],"picked":"Astrolabe"},{"not_picked":["Black Star","White Beast Statue"],"picked":"Lizard Tail"}],"potions_floor_spawned":[3,14,16,18,24,35,41,47,48],"seed_played":"3837031480391533002","killed_by":"Time Eater","ascension_level":0,"is_trial":false}