{"gold_per_floor":[219,219,45,10,10,10,37,37,37,56,56,68,68,85,85,85],"floor_reached":16,"playtime":453,"items_purged":[],"score":148,"play_id":"8c116975-4a92-49a2-bb88-c46717d3bdf4","local_time":"20190205235214","is_ascension_mode":true,"campfire_choices":[{"data":"True Grit","floor":6,"key":"SMITH"},{"data":"Bash","floor":11,"key":"SMITH"},{"floor":15,"key":"REST"}],"neow_cost":"NONE","seed_source_timestamp":4241771779189,"circlet_count":0,"master_deck":["Strike_R","Strike_R+1","Strike_R","Strike_R","Strike_R","Defend_R","Defend_R","Defend_R","Defend_R","Bash+1","Battle Trance","True Grit+1","Disarm+1","Disarm","Pommel Strike"],"relics":["Burning Blood","Strawberry","Bronze Scales","Mango","NlothsMask"],"potions_floor_usage":[14],"damage_taken":[{"damage":4,"enemies":"2 Louse","floor":1,"turns":4},{"damage":82,"enemies":"Lagavulin","floor":7,"turns":10},{"damage":2,"enemies":"Small Slimes","floor":10,"turns":4},{"damage":0,"enemies":"Cultist","floor":12,"turns":3},{"damage":6,"enemies":"Large Slime","floor":14,"turns":8},{"damage":47,"enemies":"Slime Boss","floor":16,"turns":8}],"seed_played":"2152457176965520461","potions_obtained":[{"floor":12,"key":"Block Potion"}],"is_trial":false,"path_per_floor":["M","?","$","?","$","R","E","?","T","M","R","M","?","M","R","B"],"character_chosen":"IRONCLAD","items_purchased":["Bronze Scales","True Grit"],"campfire_rested":1,"item_purchase_floors":[3,3],"current_hp_per_floor":[80,75,75,87,87,87,25,25,25,29,29,35,15,15,45,0],"gold":85,"neow_bonus":"HUNDRED_GOLD","is_prod":false,"is_daily":false,"chose_seed":false,"campfire_upgraded":2,"win_rate":0,"timestamp":1549378334,"path_taken":["M","?","$","?","$","R","E","?","T","M","R","?","?","M","R","BOSS"],"build_version":"2019-01-23","purchased_purges":0,"victory":false,"max_hp_per_floor":[80,87,87,87,87,87,101,101,101,101,101,101,101,101,101,101],"card_choices":[{"not_picked":["Iron Wave","Thunderclap"],"picked":"Battle Trance","floor":1},{"not_picked":["Feel No Pain","Flex"],"picked":"Disarm","floor":7},{"not_picked":["Inflame","Warcry"],"picked":"Disarm","floor":10},{"not_picked":["Perfected Strike","True Grit","Infernal Blade"],"picked":"SKIP","floor":12},{"not_picked":["Wild Strike","Sword Boomerang"],"picked":"Pommel Strike","floor":14}],"player_experience":812614,"relics_obtained":[{"floor":7,"key":"Mango"}],"event_choices":[{"damage_healed":0,"gold_gain":0,"player_choice":"Success","damage_taken":12,"relics_obtained":["Strawberry"],"max_hp_gain":0,"max_hp_loss":0,"event_name":"Scrap Ooze","floor":2,"gold_loss":0},{"damage_healed":21,"gold_gain":0,"player_choice":"Healed","damage_taken":0,"max_hp_gain":0,"max_hp_loss":0,"event_name":"The Cleric","floor":4,"gold_loss":35},{"damage_healed":0,"gold_gain":0,"player_choice":"Trade","damage_taken":0,"relics_obtained":["NlothsMask"],"max_hp_gain":0,"max_hp_loss":0,"event_name":"FaceTrader","floor":8,"gold_loss":0},{"damage_healed":0,"gold_gain":0,"player_choice":"Entered Light","damage_taken":20,"max_hp_gain":0,"max_hp_loss":0,"event_name":"Shining Light","floor":13,"gold_loss":0,"cards_upgraded":["Disarm","Strike_R"]}],"is_beta":false,"boss_relics":[],"items_purged_floors":[],"is_endless":false,"potions_floor_spawned":[12],"killed_by":"Slime Boss","ascension_level":5}