{"gold_per_floor":[115,115,128,148,161,161,186,186,213,248,7,87,107,332,332,332],"floor_reached":16,"playtime":610,"items_purged":[],"score":140,"play_id":"9f0dbe74-f5e9-4de3-8bca-c64167589982","local_time":"20180916180629","is_ascension_mode":true,"campfire_choices":[{"data":"Cloak And Dagger","floor":6,"key":"SMITH"},{"floor":15,"key":"REST"}],"neow_cost":"NONE","seed_source_timestamp":77601744865634,"circlet_count":0,"master_deck":["Defend_G","Defend_G","Defend_G","Defend_G","Defend_G","Strike_G","Strike_G","Strike_G","Strike_G","Strike_G","Survivor","Neutralize","Finisher","Flying Knee","Cloak And Dagger+1","Venomology+1","Terror+1","Escape Plan","Blade Dance","Doubt","Prepared"],"relics":["Ring of the Snake","Bronze Scales","Dream Catcher","SsserpentHead","Centennial Puzzle","War Paint","Strange Spoon","Odd Mushroom"],"potions_floor_usage":[7,7,10,10,16,16,16,16,16,16,16],"damage_taken":[{"damage":4,"enemies":"2 Louse","floor":1,"turns":4},{"damage":0,"enemies":"Jaw Worm","floor":3,"turns":2},{"damage":0,"enemies":"Cultist","floor":4,"turns":3},{"damage":1,"enemies":"Exordium Wildlife","floor":5,"turns":3},{"damage":9,"enemies":"3 Sentries","floor":7,"turns":7},{"damage":0,"enemies":"Gremlin Nob","floor":10,"turns":4},{"damage":26,"enemies":"The Mushroom Lair","floor":12,"turns":3},{"damage":39,"enemies":"The Guardian","floor":16,"turns":11}],"seed_played":"-2447965210084949023","potions_obtained":[{"floor":3,"key":"SpeedPotion"},{"floor":4,"key":"Energy Potion"},{"floor":7,"key":"Block Potion"},{"floor":13,"key":"EntropicBrew"},{"floor":13,"key":"AttackPotion"}],"is_trial":false,"path_per_floor":["M","?","M","M","M","R","E","?","T","E","$","?","?","?","R"],"character_chosen":"THE_SILENT","items_purchased":["Strange Spoon","Blade Dance"],"campfire_rested":1,"item_purchase_floors":[11,11],"current_hp_per_floor":[66,54,54,54,53,53,44,44,44,44,44,18,18,18,39,0],"gold":332,"neow_bonus":"THREE_CARDS","is_prod":false,"is_daily":false,"chose_seed":false,"campfire_upgraded":1,"win_rate":0,"timestamp":1537113989,"path_taken":["M","?","M","M","?","R","E","?","T","E","$","?","?","?","R","BOSS"],"build_version":"2018-09-12","purchased_purges":0,"victory":false,"max_hp_per_floor":[70,70,70,70,70,70,70,70,70,70,70,70,70,70,70,70],"card_choices":[{"not_picked":["Underhanded Strike","Eviscerate"],"picked":"Finisher","floor":0},{"not_picked":["Dagger Throw","Quick Slash"],"picked":"Flying Knee","floor":1},{"not_picked":["Bane","Underhanded Strike","Caltrops"],"picked":"SKIP","floor":3},{"not_picked":["Prepared","Sucker Punch"],"picked":"Cloak And Dagger","floor":4},{"not_picked":["Acrobatics","Tactician"],"picked":"Venomology","floor":5},{"not_picked":["Dodge and Roll","Bane"],"picked":"Terror","floor":7},{"not_picked":["Glass Knife","Flying Knee"],"picked":"Escape Plan","floor":10},{"not_picked":["Concentrate","Poisoned Stab"],"picked":"Prepared","floor":15}],"player_experience":132998,"relics_obtained":[{"floor":7,"key":"Dream Catcher"},{"floor":9,"key":"Centennial Puzzle"},{"floor":10,"key":"War Paint"},{"floor":12,"key":"Odd Mushroom"}],"event_choices":[{"event_name":"Scrap Ooze","player_choice":"success","floor":2,"damage_taken":12},{"event_name":"FaceTrader","player_choice":"Trade","floor":8,"damage_taken":0},{"event_name":"Mushrooms","player_choice":"Fought Mushrooms","floor":12,"damage_taken":0},{"event_name":"The Woman in Blue","player_choice":"Bought 2 Potions","floor":13,"damage_taken":0},{"event_name":"Liars Game","player_choice":"agreed","floor":14,"damage_taken":0}],"is_beta":true,"boss_relics":[],"items_purged_floors":[],"is_endless":false,"potions_floor_spawned":[3,4,7],"killed_by":"The Guardian","ascension_level":1}