{"gold_per_floor":[118,43,57,135,210,210,237,253,253,253,253,271,271,271,271,366,366,386,386,405,504,504],"floor_reached":22,"playtime":645,"items_purged":["Strike_G"],"score":264,"play_id":"d55a4b1a-d3f9-4c62-b182-77c6d1b3b7ff","local_time":"20181229203151","is_ascension_mode":true,"campfire_choices":[{"floor":6,"key":"REST"},{"floor":11,"key":"REST"},{"data":"Poisoned Stab","floor":13,"key":"SMITH"},{"data":"Crippling Poison","floor":15,"key":"SMITH"}],"neow_cost":"PERCENT_DAMAGE","seed_source_timestamp":742089529338850,"circlet_count":0,"master_deck":["Defend_G","Defend_G","Defend_G","Defend_G","Strike_G","Strike_G","Strike_G","Survivor","Neutralize","Crippling Poison+1","Bane","Bane","Poisoned Stab+1","Bane","Glass Knife","Catalyst+1","After Image+1","Flying Knee","PiercingWail+1"],"relics":["Ring of the Snake","Frozen Egg 2","Toxic Egg 2","WristBlade"],"potions_floor_usage":[7,16,20],"damage_taken":[{"damage":1,"enemies":"Jaw Worm","floor":1,"turns":3},{"damage":10,"enemies":"Small Slimes","floor":3,"turns":3},{"damage":30,"enemies":"Lagavulin","floor":7,"turns":5},{"damage":0,"enemies":"Cultist","floor":8,"turns":2},{"damage":5,"enemies":"Blue Slaver","floor":12,"turns":3},{"damage":21,"enemies":"The Guardian","floor":16,"turns":7},{"damage":36,"enemies":"2 Thieves","floor":18,"turns":4},{"damage":9,"enemies":"Spheric Guardian","floor":20,"turns":5},{"damage":17,"enemies":"Snake Plant","floor":22,"turns":1}],"seed_played":"-6226410726041508662","potions_obtained":[{"floor":3,"key":"SkillPotion"},{"floor":8,"key":"SkillPotion"},{"floor":18,"key":"Weak Potion"}],"is_trial":false,"path_per_floor":["M","$","M","?","?","R","E","M","T","?","R","M","R","?","R","B",null,"M","?","M","?","M"],"character_chosen":"THE_SILENT","items_purchased":[],"campfire_rested":2,"item_purchase_floors":[],"current_hp_per_floor":[44,44,34,34,23,44,14,14,14,14,35,30,30,30,30,9,55,19,19,10,10,0],"gold":504,"neow_bonus":"TRANSFORM_TWO_CARDS","is_prod":false,"is_daily":false,"chose_seed":false,"campfire_upgraded":2,"win_rate":0,"timestamp":1546137111,"path_taken":["M","$","M","?","?","R","E","M","T","?","R","?","R","?","R","BOSS","M","?","?","?","M"],"build_version":"2018-12-20","purchased_purges":1,"victory":false,"max_hp_per_floor":[70,70,70,70,70,70,70,70,70,70,70,70,70,70,70,70,70,70,70,70,70,70],"card_choices":[{"not_picked":["Cloak And Dagger","Endless Agony"],"picked":"Bane","floor":1},{"not_picked":["PiercingWail","Deadly Poison"],"picked":"Bane","floor":3},{"not_picked":["Sucker Punch","Doppelganger"],"picked":"Poisoned Stab","floor":7},{"not_picked":["Accuracy+1","Slice"],"picked":"Bane","floor":8},{"not_picked":["Terror+1","Calculated Gamble+1"],"picked":"Catalyst+1","floor":12},{"not_picked":["Doppelganger+1","Tools of the Trade+1"],"picked":"After Image+1","floor":16},{"not_picked":["Sucker Punch","Dagger Spray"],"picked":"Flying Knee","floor":18},{"not_picked":["Underhanded Strike","Acrobatics+1"],"picked":"PiercingWail+1","floor":20}],"player_experience":343932,"relics_obtained":[{"floor":7,"key":"Frozen Egg 2"},{"floor":9,"key":"Toxic Egg 2"}],"event_choices":[{"damage_healed":0,"gold_gain":78,"player_choice":"Gained Gold","damage_taken":0,"max_hp_gain":0,"max_hp_loss":0,"event_name":"Golden Wing","floor":4,"gold_loss":0},{"damage_healed":0,"gold_gain":75,"player_choice":"Gather Gold","damage_taken":11,"max_hp_gain":0,"max_hp_loss":0,"event_name":"World of Goop","floor":5,"gold_loss":0},{"damage_healed":0,"gold_gain":0,"player_choice":"2 cards matched","damage_taken":0,"max_hp_gain":0,"max_hp_loss":0,"event_name":"Match and Keep!","floor":10,"gold_loss":0,"cards_obtained":["Pain","Glass Knife"]},{"cards_removed":["Pain"],"damage_healed":0,"gold_gain":0,"player_choice":"Forget","damage_taken":0,"max_hp_gain":0,"max_hp_loss":0,"event_name":"Living Wall","floor":14,"gold_loss":0},{"cards_removed":["Predator"],"damage_healed":0,"gold_gain":0,"player_choice":"Purged","damage_taken":0,"max_hp_gain":0,"max_hp_loss":0,"event_name":"Purifier","floor":19,"gold_loss":0},{"damage_healed":0,"gold_gain":99,"player_choice":"Stole From Cult","damage_taken":0,"max_hp_gain":0,"max_hp_loss":0,"event_name":"Nest","floor":21,"gold_loss":0}],"is_beta":false,"boss_relics":[{"not_picked":["Tiny House","Coffee Dripper"],"picked":"WristBlade"}],"items_purged_floors":[2],"is_endless":false,"potions_floor_spawned":[3,8,18],"killed_by":"Snake Plant","ascension_level":9}