{"gold_per_floor":[360,378,120,131,150,150,162,162,215,249,249,174,195,95,95,171,171,130,180,180,198,89,89],"floor_reached":23,"playtime":801,"items_purged":["Defend_R","Strike_R"],"score":369,"play_id":"d17c1681-b527-4b54-87e0-d99e6d6e056b","local_time":"20181009001056","is_ascension_mode":true,"campfire_choices":[{"data":"Bash","floor":6,"key":"SMITH"},{"data":"Juggernaut","floor":8,"key":"SMITH"},{"floor":11,"key":"REST"},{"data":"Disarm","floor":15,"key":"SMITH"}],"neow_cost":"PERCENT_DAMAGE","seed_source_timestamp":232228239602074,"circlet_count":0,"master_deck":["Strike_R","Strike_R","Strike_R","Defend_R","Defend_R","Defend_R","Bash+1","AscendersBane","Shrug It Off","Pommel Strike","Disarm+1","Metallicize","Pommel Strike","Carnage","Juggernaut+1","Shrug It Off+1","Shrug It Off+1","Power Through+1","True Grit+1","Armaments+1","Impervious+1","Deep Breath+1"],"relics":["Burning Blood","Ancient Tea Set","Toxic Egg 2","Odd Mushroom","Orrery"],"potions_floor_usage":[7,16,23,23],"damage_taken":[{"damage":24,"enemies":"Small Slimes","floor":1,"turns":5},{"damage":5,"enemies":"2 Louse","floor":2,"turns":3},{"damage":4,"enemies":"Jaw Worm","floor":4,"turns":4},{"damage":16,"enemies":"3 Louse","floor":5,"turns":4},{"damage":1,"enemies":"Gremlin Gang","floor":7,"turns":4},{"damage":24,"enemies":"3 Sentries","floor":10,"turns":6},{"damage":4,"enemies":"The Mushroom Lair","floor":13,"turns":4},{"damage":23,"enemies":"The Guardian","floor":16,"turns":11},{"damage":32,"enemies":"2 Thieves","floor":18,"turns":5},{"damage":1,"enemies":"Chosen","floor":21,"turns":5},{"damage":50,"enemies":"Slavers","floor":23,"turns":6}],"seed_played":"-8310572076223981277","potions_obtained":[{"floor":2,"key":"Dexterity Potion"},{"floor":5,"key":"Explosive Potion"},{"floor":10,"key":"EssenceOfSteel"},{"floor":13,"key":"Strength Potion"},{"floor":21,"key":"Weak Potion"}],"is_trial":false,"path_per_floor":["M","M","$","M","M","R","M","R","T","E","R","?","?","$","R","B",null,"M","?","?","M","$"],"character_chosen":"IRONCLAD","items_purchased":["Disarm","Metallicize","Deep Breath+1"],"campfire_rested":1,"item_purchase_floors":[3,3,22],"current_hp_per_floor":[32,33,33,35,25,25,30,30,30,12,34,34,36,36,36,19,61,35,35,35,40,40,0],"gold":89,"neow_bonus":"TWO_FIFTY_GOLD","is_prod":false,"is_daily":false,"chose_seed":false,"campfire_upgraded":3,"win_rate":0,"timestamp":1539069056,"path_taken":["M","M","$","M","M","R","M","R","T","E","R","?","?","$","R","BOSS","M","?","?","M","?","E"],"build_version":"2018-10-04","purchased_purges":2,"victory":false,"max_hp_per_floor":[75,75,75,75,75,75,75,75,75,75,75,75,75,75,75,75,75,75,75,75,75,75,75],"card_choices":[{"not_picked":["Body Slam","Sever Soul"],"picked":"Shrug It Off","floor":1},{"not_picked":["Thunderclap","Armaments"],"picked":"Pommel Strike","floor":2},{"not_picked":["Rage","Armaments"],"picked":"Pommel Strike","floor":4},{"not_picked":["Sword Boomerang","True Grit"],"picked":"Carnage","floor":5},{"not_picked":["Cleave","Rupture"],"picked":"Juggernaut","floor":7},{"not_picked":["Rupture","Sever Soul"],"picked":"Shrug It Off","floor":10},{"not_picked":["Blood for Blood","Infernal Blade+1"],"picked":"Shrug It Off+1","floor":13},{"not_picked":["Pommel Strike","Iron Wave"],"picked":"Power Through+1","floor":17},{"not_picked":["Headbutt","Body Slam"],"picked":"True Grit+1","floor":17},{"not_picked":["Inflame","Second Wind+1"],"picked":"Armaments+1","floor":18},{"not_picked":["Twin Strike","True Grit+1"],"picked":"Impervious+1","floor":21}],"player_experience":867566,"relics_obtained":[{"floor":9,"key":"Ancient Tea Set"},{"floor":10,"key":"Toxic Egg 2"},{"floor":13,"key":"Odd Mushroom"}],"event_choices":[{"event_name":"The Cleric","player_choice":"Card Removal","floor":12,"damage_taken":0},{"event_name":"Mushrooms","player_choice":"Fought Mushrooms","floor":13,"damage_taken":0},{"event_name":"Golden Shrine","player_choice":"Pray","floor":19,"damage_taken":0},{"event_name":"Ghosts","player_choice":"Ignored","floor":20,"damage_taken":0}],"is_beta":true,"boss_relics":[{"not_picked":["Runic Pyramid","Empty Cage"],"picked":"Orrery"}],"items_purged_floors":[3,14],"is_endless":false,"potions_floor_spawned":[2,5,10,13,21],"killed_by":"Slavers","ascension_level":19}