{"gold_per_floor":[216,233,233,177,177,177,189,220,243,159,187,187,220,239,239,239],"floor_reached":16,"playtime":789,"items_purged":[],"score":218,"play_id":"86602573-fac9-4b02-9634-3d17ceea7cd8","local_time":"20181115150101","is_ascension_mode":true,"campfire_choices":[{"data":"Bash","floor":6.0,"key":"SMITH"},{"floor":12.0,"key":"REST"},{"floor":15.0,"key":"REST"}],"neow_cost":"NONE","seed_source_timestamp":1471533327237395,"circlet_count":0,"master_deck":["AscendersBane","Strike_R","Strike_R","Strike_R","Strike_R","Strike_R","Defend_R","Defend_R","Defend_R","Defend_R","Bash+1","Feel No Pain","True Grit","Iron Wave","Pummel","Perfected Strike","Whirlwind","Perfected Strike","Pummel","Ghostly Armor","Rampage"],"special_seed":0,"relics":["Burning Blood","Dodecahedron","Bottled Lightning","Potion Belt","Dream Catcher","Pen Nib"],"potions_floor_usage":[],"damage_taken":[{"damage":8.0,"enemies":"2 Louse","floor":1.0,"turns":4.0},{"damage":6.0,"enemies":"Cultist","floor":2.0,"turns":3.0},{"damage":6.0,"enemies":"Jaw Worm","floor":7.0,"turns":4.0},{"damage":49.0,"enemies":"Lagavulin","floor":8.0,"turns":8.0},{"damage":24.0,"enemies":"Gremlin Nob","floor":11.0,"turns":5.0},{"damage":12.0,"enemies":"3 Sentries","floor":13.0,"turns":9.0},{"damage":16.0,"enemies":"Red Slaver","floor":14.0,"turns":4.0},{"damage":55,"enemies":"Slime Boss","floor":16,"turns":5}],"seed_played":"5884954436917163530","potions_obtained":[{"floor":7.0,"key":"Regen Potion"}],"is_trial":false,"path_per_floor":["M","M","?","$","T","R","M","E","T","$","E","R","E","M","R","B"],"character_chosen":"IRONCLAD","items_purchased":["Iron Wave","Whirlwind"],"campfire_rested":2,"item_purchase_floors":[4,10],"current_hp_per_floor":[66,66,62,62,62,62,62,34,34,34,16,38,32,22,44,0],"gold":239,"neow_bonus":"HUNDRED_GOLD","is_prod":false,"is_daily":false,"chose_seed":false,"campfire_upgraded":1,"win_rate":0,"timestamp":1542322861,"path_taken":["M","M","?","$","?","R","M","E","T","?","E","R","E","M","R","BOSS"],"build_version":"2018-11-08","purchased_purges":0,"victory":false,"max_hp_per_floor":[75,75,75,75,75,75,75,75,75,75,75,75,75,75,75,75],"card_choices":[{"not_picked":["Thunderclap","Armaments"],"picked":"Feel No Pain","floor":1.0},{"not_picked":["Blood for Blood","Body Slam"],"picked":"True Grit","floor":2.0},{"not_picked":["Armaments","Ghostly Armor"],"picked":"Pummel","floor":7.0},{"not_picked":["Perfected Strike","Twin Strike","Iron Wave"],"picked":"SKIP","floor":8.0},{"not_picked":["Twin Strike","Iron Wave"],"picked":"Perfected Strike","floor":8.0},{"not_picked":["Warcry","Armaments"],"picked":"Perfected Strike","floor":11.0},{"not_picked":["Armaments","Second Wind"],"picked":"Pummel","floor":12.0},{"not_picked":["Flex","Sword Boomerang"],"picked":"Ghostly Armor","floor":13.0},{"not_picked":["Offering","Armaments"],"picked":"Rampage","floor":14.0}],"player_experience":1302175,"relics_obtained":[{"floor":5.0,"key":"Dodecahedron"},{"floor":8.0,"key":"Bottled Lightning"},{"floor":9.0,"key":"Potion Belt"},{"floor":11.0,"key":"Dream Catcher"},{"floor":13.0,"key":"Pen Nib"}],"event_choices":[{"damage_healed":0.0,"max_hp_gain":0.0,"max_hp_loss":0.0,"gold_gain":0.0,"event_name":"The Woman in Blue","player_choice":"Bought 0 Potions","floor":3.0,"gold_loss":0.0,"damage_taken":0.0}],"is_beta":false,"boss_relics":[],"items_purged_floors":[],"is_endless":false,"potions_floor_spawned":[7],"killed_by":"Slime Boss","ascension_level":17}