{"gold_per_floor":[118,43,60,60,2,31,43,54,54,1,1,26,59,83,83,83],"floor_reached":16,"playtime":491,"items_purged":[],"score":260,"play_id":"42371839-99d7-4e6b-84d3-ba73a10134e1","local_time":"20181020095822","is_ascension_mode":true,"campfire_choices":[{"data":"Injury","floor":15,"key":"PURGE"}],"neow_cost":"NONE","seed_source_timestamp":440566859038514,"circlet_count":0,"master_deck":["Strike_B","Strike_B","Strike_B","Defend_B","Defend_B","Defend_B","Defend_B","Zap","Dualcast","AscendersBane","Conserve Battery","Cold Snap","Ball Lightning","Glacier","Chill","Compile Driver","Conserve Battery","Core Surge"],"relics":["Cracked Core","NeowsBlessing","Potion Belt","Blue Candle","Peace Pipe","Golden Idol","Darkstone Periapt"],"potions_floor_usage":[13,16],"damage_taken":[{"damage":0,"enemies":"Small Slimes","floor":1,"turns":1},{"damage":0,"enemies":"Cultist","floor":3,"turns":1},{"damage":0,"enemies":"Gremlin Nob","floor":6,"turns":1},{"damage":7,"enemies":"Jaw Worm","floor":7,"turns":3},{"damage":1,"enemies":"Large Slime","floor":8,"turns":8},{"damage":0,"enemies":"Looter","floor":12,"turns":3},{"damage":6,"enemies":"3 Sentries","floor":13,"turns":9},{"damage":1,"enemies":"Red Slaver","floor":14,"turns":5},{"damage":53,"enemies":"Slime Boss","floor":16,"turns":10}],"seed_played":"-164698094703227002","potions_obtained":[{"floor":3,"key":"Explosive Potion"},{"floor":12,"key":"SteroidPotion"},{"floor":13,"key":"FearPotion"}],"is_trial":false,"path_per_floor":["M","?","M","?","$","E","M","M","T","?","?","M","E","M","R"],"character_chosen":"DEFECT","items_purchased":["Ball Lightning"],"campfire_rested":0,"item_purchase_floors":[5],"current_hp_per_floor":[64,64,64,64,64,64,57,56,56,56,56,56,50,49,49,0],"gold":83,"neow_bonus":"THREE_ENEMY_KILL","is_prod":false,"is_daily":false,"chose_seed":false,"campfire_upgraded":0,"win_rate":0,"timestamp":1540054702,"path_taken":["M","?","M","?","$","E","?","M","T","?","?","M","E","M","R","BOSS"],"build_version":"2018-10-19","purchased_purges":0,"victory":false,"max_hp_per_floor":[71,71,71,71,71,71,71,71,71,71,71,71,71,71,71,71],"card_choices":[{"not_picked":["Streamline","Compile Driver"],"picked":"Conserve Battery","floor":1},{"not_picked":["Sweeping Beam","Conserve Battery"],"picked":"Cold Snap","floor":3},{"not_picked":["Scrape","Ball Lightning"],"picked":"Glacier","floor":6},{"not_picked":["Genetic Algorithm","Barrage"],"picked":"Chill","floor":7},{"not_picked":["Coolheaded","Rebound"],"picked":"Compile Driver","floor":8},{"not_picked":["Turbo","Hologram","Double Energy"],"picked":"SKIP","floor":12},{"not_picked":["Sweeping Beam","Cold Snap"],"picked":"Conserve Battery","floor":13},{"not_picked":["Fusion","Cold Snap"],"picked":"Core Surge","floor":14}],"player_experience":889679,"relics_obtained":[{"floor":6,"key":"Potion Belt"},{"floor":9,"key":"Blue Candle"},{"floor":13,"key":"Darkstone Periapt"}],"event_choices":[{"cards_removed":["Strike_B"],"damage_healed":0,"gold_gain":0,"player_choice":"Card Removal","damage_taken":0,"max_hp_gain":0,"max_hp_loss":0,"event_name":"The Cleric","floor":2,"gold_loss":75},{"damage_healed":0,"gold_gain":0,"player_choice":"Ignored","damage_taken":0,"max_hp_gain":0,"max_hp_loss":0,"event_name":"Liars Game","floor":4,"gold_loss":0},{"damage_healed":0,"gold_gain":0,"player_choice":"Paid Gold","damage_taken":0,"relics_obtained":["Peace Pipe"],"max_hp_gain":0,"max_hp_loss":0,"event_name":"WeMeetAgain","floor":10,"gold_loss":53},{"damage_healed":0,"gold_gain":0,"player_choice":"Take Wound","damage_taken":0,"relics_obtained":["Golden Idol"],"max_hp_gain":0,"max_hp_loss":0,"event_name":"Golden Idol","floor":11,"gold_loss":0,"cards_obtained":["Injury"]}],"is_beta":true,"boss_relics":[],"items_purged_floors":[],"is_endless":false,"potions_floor_spawned":[3,12,13],"killed_by":"Slime Boss","ascension_level":18}