{"gold_per_floor":[110,110,124,49,126,155,205,249,276,276,295,333,333,347,347,443,443,466,516,566,585,550,550,99,99,122,203,230,281,343,405,417,520,532,568,103,486,33,45,73,0,0,27,27,41,41,91,107,107,107],"floor_reached":50,"playtime":3443,"items_purged":["Strike_B","Writhe"],"score":1050,"play_id":"21168d48-cdbd-433c-b21c-2f4d9b819c65","local_time":"20181120225935","is_ascension_mode":true,"campfire_choices":[{"floor":10,"key":"REST"},{"floor":13,"key":"REST"},{"data":"Zap","floor":15,"key":"SMITH"},{"data":"Dualcast","floor":23,"key":"SMITH"},{"floor":25,"key":"REST"},{"floor":32,"key":"REST"},{"floor":42,"key":"REST"},{"floor":44,"key":"REST"},{"floor":46,"key":"REST"},{"floor":49,"key":"REST"}],"neow_cost":"NONE","seed_source_timestamp":53301616127895,"circlet_count":0,"master_deck":["AscendersBane","Defend_B","Defend_B","Defend_B","Defend_B","Zap+1","Dualcast+1","FTL+1","Ball Lightning+1","Chill","Ball Lightning","Go for the Eyes","All For One","Redo+1","Metamorphosis","Go for the Eyes+1","Scrape+1","Scrape+1","FTL+1","Secret Weapon","Scrape+1","Beam Cell+1","Go for the Eyes+1","Madness","Madness","Steam Power"],"relics":["Cracked Core","NeowsBlessing","SsserpentHead","Potion Belt","Torii","Anchor","PreservedInsect","Bronze Scales","Empty Cage","Oddly Smooth Stone","Molten Egg 2","Whetstone","MawBank","Peace Pipe","Nuclear Battery","Letter Opener","Shuriken","Vajra","Centennial Puzzle","Red Mask","Bag of Preparation"],"potions_floor_usage":[12,14,16,16,27,33,40,50,50],"damage_taken":[{"damage":0,"enemies":"Cultist","floor":1,"turns":1},{"damage":0,"enemies":"Small Slimes","floor":3,"turns":1},{"damage":0,"enemies":"3 Sentries","floor":6,"turns":1},{"damage":26,"enemies":"Gremlin Nob","floor":8,"turns":4},{"damage":0,"enemies":"2 Louse","floor":11,"turns":2},{"damage":8,"enemies":"Lagavulin","floor":12,"turns":4},{"damage":0,"enemies":"2 Fungi Beasts","floor":14,"turns":2},{"damage":40,"enemies":"The Guardian","floor":16,"turns":9},{"damage":0,"enemies":"3 Byrds","floor":18,"turns":3},{"damage":8,"enemies":"Shell Parasite","floor":21,"turns":4},{"damage":13,"enemies":"Centurion and Healer","floor":27,"turns":4},{"damage":8,"enemies":"Snake Plant","floor":28,"turns":2},{"damage":1,"enemies":"Slavers","floor":29,"turns":5},{"damage":27,"enemies":"Automaton","floor":33,"turns":6},{"damage":5,"enemies":"3 Shapes","floor":35,"turns":5},{"damage":0,"enemies":"Orb Walker","floor":39,"turns":2},{"damage":47,"enemies":"Nemesis","floor":40,"turns":3},{"damage":0,"enemies":"4 Shapes","floor":45,"turns":2},{"damage":0,"enemies":"Sphere and 2 Shapes","floor":48,"turns":1},{"damage":80,"enemies":"Time Eater","floor":50,"turns":7}],"seed_played":"1669823361164122810","potions_obtained":[{"floor":1,"key":"LiquidBronze"},{"floor":3,"key":"Energy Potion"},{"floor":8,"key":"Weak Potion"},{"floor":11,"key":"FocusPotion"},{"floor":21,"key":"EssenceOfSteel"},{"floor":28,"key":"Ancient Potion"},{"floor":33,"key":"AttackPotion"},{"floor":35,"key":"Fire Potion"},{"floor":45,"key":"SteroidPotion"}],"is_trial":false,"path_per_floor":["M","?","M","$","T","E","?","E","T","R","M","E","R","M","R","B",null,"M","?","?","M","?","R","$","R","T","M","M","E","?","?","R","B",null,"M","$","?","$","M","E","?","R","T","R","M","R","?","M","R","B"],"character_chosen":"DEFECT","items_purchased":["Metamorphosis","Whetstone","Letter Opener","Secret Weapon","Shuriken","Vajra"],"campfire_rested":8,"item_purchase_floors":[24,24,36,36,38,38],"current_hp_per_floor":[64,64,64,64,64,64,40,14,14,35,35,27,48,48,48,8,55,55,55,55,47,47,47,47,68,68,55,47,46,46,46,67,40,63,58,58,58,58,58,11,11,32,32,53,53,71,58,58,71,0],"gold":107,"neow_bonus":"THREE_ENEMY_KILL","is_prod":false,"is_daily":false,"chose_seed":false,"campfire_upgraded":2,"win_rate":0,"timestamp":1542715175,"path_taken":["M","?","M","$","?","E","?","E","T","R","M","E","R","M","R","BOSS","M","?","?","M","?","R","$","R","T","?","M","E","?","?","R","BOSS","M","$","?","$","M","E","?","R","T","R","M","R","?","M","R","BOSS"],"build_version":"2018-11-15","purchased_purges":2,"victory":false,"max_hp_per_floor":[71,71,71,71,71,71,71,71,71,71,71,71,71,71,71,71,71,71,71,71,71,71,71,71,71,71,71,71,71,71,71,71,71,71,71,71,71,71,71,71,71,71,71,71,71,71,71,71,71,71],"card_choices":[{"not_picked":["Darkness","Steam Power"],"picked":"FTL","floor":1},{"not_picked":["Gash","Lockon"],"picked":"Ball Lightning","floor":3},{"not_picked":["Skim","Gash"],"picked":"Chill","floor":6},{"not_picked":["Beam Cell","Sweeping Beam","Rip and Tear"],"picked":"SKIP","floor":8},{"not_picked":["Darkness","Sweeping Beam","Steam"],"picked":"SKIP","floor":11},{"not_picked":["Scrape","Multi-Cast"],"picked":"Ball Lightning","floor":12},{"not_picked":["Rebound","Auto Shields"],"picked":"Go for the Eyes","floor":14},{"not_picked":["Amplify","Rainbow"],"picked":"All For One","floor":16},{"not_picked":["Steam","Ball Lightning","Sweeping Beam+1"],"picked":"SKIP","floor":18},{"not_picked":["Hologram","Scrape"],"picked":"Redo+1","floor":21},{"not_picked":["Stack","Static Discharge"],"picked":"Go for the Eyes+1","floor":27},{"not_picked":["Redo","Steam","Rebound+1"],"picked":"SKIP","floor":28},{"not_picked":["Reinforced Body","Undo"],"picked":"Scrape+1","floor":29},{"not_picked":["Reprogram+1","Compile Driver+1"],"picked":"FTL+1","floor":35},{"not_picked":["Leap","Blizzard+1"],"picked":"Scrape+1","floor":39},{"not_picked":["Stack","Aggregate"],"picked":"Beam Cell+1","floor":40},{"not_picked":["Blizzard+1","Turbo+1"],"picked":"Go for the Eyes+1","floor":45},{"not_picked":["Consume+1","Streamline+1"],"picked":"Steam Power","floor":48}],"player_experience":915133,"relics_obtained":[{"floor":5,"key":"Potion Belt"},{"floor":6,"key":"Torii"},{"floor":8,"key":"Anchor"},{"floor":9,"key":"PreservedInsect"},{"floor":12,"key":"Bronze Scales"},{"floor":26,"key":"MawBank"},{"floor":29,"key":"Peace Pipe"},{"floor":40,"key":"Centennial Puzzle"},{"floor":43,"key":"Bag of Preparation"}],"event_choices":[{"damage_healed":0,"gold_gain":0,"player_choice":"Trade","damage_taken":0,"relics_obtained":["SsserpentHead"],"max_hp_gain":0,"max_hp_loss":0,"event_name":"FaceTrader","floor":2,"gold_loss":0},{"damage_healed":0,"gold_gain":0,"player_choice":"Take Damage","damage_taken":24,"relics_obtained":["Golden Idol"],"max_hp_gain":0,"max_hp_loss":0,"event_name":"Golden Idol","floor":7,"gold_loss":0},{"damage_healed":0,"gold_gain":0,"player_choice":"Opened","damage_taken":0,"relics_obtained":["Oddly Smooth Stone"],"max_hp_gain":0,"max_hp_loss":0,"event_name":"The Mausoleum","floor":19,"gold_loss":0,"cards_obtained":["Writhe"]},{"cards_removed":["Strike_B"],"damage_healed":0,"gold_gain":0,"player_choice":"Elegance","damage_taken":0,"max_hp_gain":0,"max_hp_loss":0,"event_name":"Back to Basics","floor":20,"gold_loss":0},{"damage_healed":0,"gold_gain":0,"player_choice":"Obtained Relic","damage_taken":0,"relics_obtained":["Molten Egg 2"],"max_hp_gain":0,"max_hp_loss":0,"event_name":"Addict","floor":22,"gold_loss":85},{"damage_healed":0,"gold_gain":0,"player_choice":"Read","damage_taken":0,"max_hp_gain":0,"max_hp_loss":0,"event_name":"The Library","floor":30,"gold_loss":0,"cards_obtained":["Scrape"]},{"damage_healed":0,"gold_gain":0,"player_choice":"Ignored","damage_taken":0,"max_hp_gain":0,"max_hp_loss":0,"event_name":"Vampires","floor":31,"gold_loss":0},{"damage_healed":0,"gold_gain":333,"player_choice":"Gave Idol","damage_taken":0,"max_hp_gain":0,"max_hp_loss":0,"event_name":"The Moai Head","floor":37,"relics_lost":["Golden Idol"],"gold_loss":0},{"damage_healed":0,"gold_gain":0,"player_choice":"Paid","damage_taken":0,"relics_obtained":["Red Mask"],"max_hp_gain":0,"max_hp_loss":0,"event_name":"Tomb of Lord Red Mask","floor":41,"gold_loss":123},{"damage_healed":0,"gold_gain":0,"player_choice":"Embrace Madness","damage_taken":13,"max_hp_gain":0,"max_hp_loss":0,"event_name":"Winding Halls","floor":47,"gold_loss":0,"cards_obtained":["Madness","Madness"]}],"is_beta":true,"boss_relics":[{"not_picked":["Inserter","Cursed Key"],"picked":"Empty Cage"},{"not_picked":["Lizard Tail","Eternal Feather"],"picked":"Nuclear Battery"}],"items_purged_floors":[4,24],"is_endless":false,"potions_floor_spawned":[1,3,8,11,21,28,33,35,45],"killed_by":"Time Eater","ascension_level":17}