{"gold_per_floor":[116,128,3,21,38,38,67,67,67,92,92,110,141,151,151,225,225,225],"floor_reached":18,"playtime":1435,"items_purged":[],"score":327,"play_id":"800598c7-ee7a-49b3-bd93-46b217c397f5","local_time":"20181207075720","is_ascension_mode":true,"campfire_choices":[{"data":"Uppercut","floor":6,"key":"SMITH"},{"data":"Armaments","floor":8,"key":"SMITH"},{"floor":11,"key":"REST"},{"data":"Inflame","floor":15,"key":"SMITH"}],"neow_cost":"NONE","seed_source_timestamp":1864597766023360,"circlet_count":0,"master_deck":["AscendersBane","Strike_R","Strike_R","Strike_R","Strike_R","Strike_R","Defend_R","Defend_R","Defend_R","Defend_R","Bash","Double Tap","Thunderclap","Armaments+1","Uppercut+1","Whirlwind","True Grit","Impervious","Spot Weakness","Metallicize","Feel No Pain","Inflame+1","Limit Break"],"relics":["Burning Blood","Pen Nib","Sundial","Odd Mushroom","Du-Vu Doll","Black Star"],"potions_floor_usage":[4,7,13,16],"damage_taken":[{"damage":9,"enemies":"Jaw Worm","floor":1,"turns":5},{"damage":6,"enemies":"Small Slimes","floor":2,"turns":3},{"damage":1,"enemies":"Cultist","floor":4,"turns":3},{"damage":8,"enemies":"2 Fungi Beasts","floor":5,"turns":4},{"damage":48,"enemies":"3 Sentries","floor":7,"turns":8},{"damage":24,"enemies":"The Mushroom Lair","floor":10,"turns":4},{"damage":7,"enemies":"Lots of Slimes","floor":12,"turns":3},{"damage":17,"enemies":"Lagavulin","floor":13,"turns":5},{"damage":9,"enemies":"Large Slime","floor":14,"turns":4},{"damage":30,"enemies":"Hexaghost","floor":16,"turns":8},{"damage":26,"enemies":"3 Byrds","floor":18,"turns":4}],"seed_played":"4850022995821111140","potions_obtained":[{"floor":1,"key":"Poison Potion"},{"floor":2,"key":"Explosive Potion"},{"floor":5,"key":"Regen Potion"},{"floor":13,"key":"Regen Potion"}],"is_trial":false,"path_per_floor":["M","M","$","M","M","R","E","R","T","?","R","M","E","M","R","B",null,"M"],"character_chosen":"IRONCLAD","items_purchased":["Uppercut","Whirlwind"],"campfire_rested":1,"item_purchase_floors":[3,3],"current_hp_per_floor":[65,65,65,70,68,68,41,41,41,23,45,44,33,30,30,21,62,36],"gold":225,"neow_bonus":"ONE_RANDOM_RARE_CARD","is_prod":false,"is_daily":false,"chose_seed":false,"campfire_upgraded":3,"win_rate":0,"timestamp":1544198240,"path_taken":["M","M","$","M","M","R","E","R","T","?","R","M","E","M","R","BOSS","M"],"build_version":"2018-11-15","purchased_purges":0,"victory":false,"max_hp_per_floor":[75,75,75,75,75,75,75,75,75,75,75,75,75,75,75,75,75,75],"card_choices":[{"not_picked":["Reckless Charge","Flex"],"picked":"Thunderclap","floor":1},{"not_picked":["Perfected Strike","Warcry"],"picked":"Armaments","floor":2},{"not_picked":["Warcry","Flex","Perfected Strike"],"picked":"SKIP","floor":4},{"not_picked":["Havoc","Combust"],"picked":"True Grit","floor":5},{"not_picked":["Twin Strike","Anger"],"picked":"Impervious","floor":7},{"not_picked":["Perfected Strike","Cleave"],"picked":"Spot Weakness","floor":10},{"not_picked":["Anger","Wild Strike"],"picked":"Metallicize","floor":12},{"not_picked":["Anger","Headbutt"],"picked":"Feel No Pain","floor":13},{"not_picked":["Twin Strike","Carnage"],"picked":"Inflame","floor":14},{"not_picked":["Juggernaut","Bludgeon"],"picked":"Limit Break","floor":16}],"player_experience":1545237,"relics_obtained":[{"floor":7,"key":"Pen Nib"},{"floor":9,"key":"Sundial"},{"floor":10,"key":"Odd Mushroom"},{"floor":13,"key":"Du-Vu Doll"}],"event_choices":[{"damage_healed":0,"gold_gain":0,"player_choice":"Fought Mushrooms","damage_taken":0,"max_hp_gain":0,"max_hp_loss":0,"event_name":"Mushrooms","floor":10,"gold_loss":0}],"is_beta":false,"boss_relics":[{"not_picked":["Empty Cage","Philosopher\u0027s Stone"],"picked":"Black Star"}],"items_purged_floors":[],"is_endless":false,"potions_floor_spawned":[1,2,5,13],"killed_by":"3 Byrds","ascension_level":18}