{"gold_per_floor":[119,136,136,149,162,162,188,188,188,188,217,217,217,70,70,70],"floor_reached":16,"playtime":391,"items_purged":[],"score":124,"play_id":"f2bad4ab-2dbd-4b70-b454-e19ea96550de","local_time":"20190202160108","is_ascension_mode":true,"campfire_choices":[{"data":"Dualcast","floor":6,"key":"SMITH"},{"data":"Sunder","floor":10,"key":"SMITH"},{"floor":15,"key":"REST"}],"neow_cost":"NONE","seed_source_timestamp":397679139304472,"circlet_count":0,"master_deck":["Strike_B","Strike_B","Strike_B+1","Defend_B","Defend_B","Defend_B","Defend_B","Zap+1","Dualcast+1","Meteor Strike+1","Sunder+1","Conserve Battery","Static Discharge","Injury"],"relics":["Cracked Core","Sundial","Bird Faced Urn","Singing Bowl","Du-Vu Doll","Golden Idol","Whetstone"],"potions_floor_usage":[11,13],"damage_taken":[{"damage":1,"enemies":"Cultist","floor":1,"turns":3},{"damage":7,"enemies":"2 Louse","floor":2,"turns":3},{"damage":8,"enemies":"Small Slimes","floor":4,"turns":3},{"damage":4,"enemies":"2 Fungi Beasts","floor":5,"turns":3},{"damage":16,"enemies":"Gremlin Nob","floor":7,"turns":3},{"damage":21,"enemies":"Lagavulin","floor":11,"turns":5},{"damage":16,"enemies":"Gremlin Nob","floor":13,"turns":3},{"damage":28,"enemies":"The Guardian","floor":16,"turns":5}],"seed_played":"8464659862867296941","potions_obtained":[{"floor":2,"key":"SmokeBomb"},{"floor":7,"key":"Strength Potion"}],"is_trial":false,"path_per_floor":["M","M","?","M","M","R","E","T","T","R","E","?","E","$","R","B"],"character_chosen":"DEFECT","items_purchased":["Whetstone"],"campfire_rested":1,"item_purchase_floors":[14],"current_hp_per_floor":[74,67,67,59,55,55,39,39,39,39,18,18,4,4,26,0],"gold":70,"neow_bonus":"UPGRADE_CARD","is_prod":false,"is_daily":false,"chose_seed":false,"campfire_upgraded":2,"win_rate":0,"timestamp":1549083668,"path_taken":["M","?","?","M","?","R","E","?","T","R","E","?","E","$","R","BOSS"],"build_version":"2019-01-23","purchased_purges":0,"victory":false,"max_hp_per_floor":[75,75,75,75,75,75,75,75,75,75,75,75,75,75,75,75],"card_choices":[{"not_picked":["Beam Cell","Rebound","Streamline"],"picked":"SKIP","floor":1},{"not_picked":["White Noise","Compile Driver"],"picked":"Meteor Strike","floor":2},{"not_picked":["Go for the Eyes","Stack"],"picked":"Sunder","floor":4},{"not_picked":["Barrage","Rebound","Redo"],"picked":"SKIP","floor":5},{"not_picked":["Seek","Aggregate"],"picked":"Conserve Battery","floor":7},{"not_picked":["Core Surge","Lockon"],"picked":"Static Discharge","floor":11}],"player_experience":1206962,"relics_obtained":[{"floor":7,"key":"Sundial"},{"floor":8,"key":"Bird Faced Urn"},{"floor":9,"key":"Singing Bowl"},{"floor":11,"key":"Du-Vu Doll"}],"event_choices":[{"cards_removed":["Strike_B"],"damage_healed":0,"gold_gain":0,"player_choice":"Offered Basic","damage_taken":0,"max_hp_gain":0,"max_hp_loss":0,"event_name":"Bonfire Elementals","floor":3,"gold_loss":0},{"damage_healed":0,"gold_gain":0,"player_choice":"Take Wound","damage_taken":0,"relics_obtained":["Golden Idol"],"max_hp_gain":0,"max_hp_loss":0,"event_name":"Golden Idol","floor":12,"gold_loss":0,"cards_obtained":["Injury"]}],"is_beta":true,"boss_relics":[],"items_purged_floors":[],"is_endless":false,"potions_floor_spawned":[2,7,13],"killed_by":"The Guardian","ascension_level":1}