{"gold_per_floor":[110,125,145,155,166,166,194,48,48,63,63,28,61,74,74,175,175,115,115,115,115,115,115,115,115,115,115,115,115,115,115,115,115,115,115,115,115,115,115,115,115,115,115,115,115,115,115,115,115,115],"floor_reached":51,"playtime":4032,"items_purged":[],"score":729,"play_id":"f11c72e3-c52e-45c2-989d-a01c93278725","local_time":"20181125034058","is_ascension_mode":false,"campfire_choices":[{"floor":6,"key":"REST"},{"floor":11,"key":"REST"},{"floor":15,"key":"REST"},{"data":"Noxious Fumes","floor":23,"key":"SMITH"},{"floor":25,"key":"REST"},{"floor":32,"key":"REST"},{"data":"Catalyst","floor":40,"key":"SMITH"},{"floor":42,"key":"REST"},{"floor":44,"key":"REST"},{"floor":49,"key":"REST"}],"neow_cost":"PERCENT_DAMAGE","seed_source_timestamp":66840831890284,"circlet_count":0,"master_deck":["Defend_G","Defend_G","Defend_G","Defend_G","Defend_G","Strike_G","Strike_G","Strike_G","Strike_G","Strike_G","Survivor","Neutralize","Crippling Poison","Cloak And Dagger","Dash","Deflect","Flying Knee","Caltrops","Dagger Spray+1","Cloak And Dagger","Dagger Spray+1","After Image","Poisoned Stab+1","Sucker Punch+1","Noxious Fumes+1","Backflip+1","Dagger Spray+1","Catalyst+1","Deadly Poison","RitualDagger+1","Flying Knee+1","Endless Agony+1","Unload+1","Parasite","Clumsy","Unload+1","Catalyst+1","Glass Knife+1","Eviscerate+1","Slice+1","Footwork+1","Endless Agony+1","Backflip+1"],"relics":["Ring of the Snake","Unceasing Top","Mango","Regal Pillow","Molten Egg 2","Art of War","Ectoplasm","The Specimen","MawBank","Calling Bell","Bag of Marbles","Gremlin Horn","Gambling Chip","Paper Crane","Thread and Needle","Pear"],"potions_floor_usage":[7,16,16,28,33,33,46,46,50,50],"damage_taken":[{"damage":0,"enemies":"Cultist","floor":1,"turns":5},{"damage":0,"enemies":"Small Slimes","floor":2,"turns":3},{"damage":2,"enemies":"Jaw Worm","floor":3,"turns":4},{"damage":1,"enemies":"Looter","floor":4,"turns":4},{"damage":22,"enemies":"Exordium Wildlife","floor":5,"turns":8},{"damage":42,"enemies":"Gremlin Nob","floor":7,"turns":7},{"damage":8,"enemies":"2 Fungi Beasts","floor":10,"turns":4},{"damage":23,"enemies":"3 Sentries","floor":13,"turns":8},{"damage":3,"enemies":"Red Slaver","floor":14,"turns":4},{"damage":33,"enemies":"Hexaghost","floor":16,"turns":10},{"damage":9,"enemies":"2 Thieves","floor":18,"turns":4},{"damage":0,"enemies":"Shell Parasite","floor":20,"turns":6},{"damage":9,"enemies":"Centurion and Healer","floor":21,"turns":8},{"damage":16,"enemies":"Cultist and Chosen","floor":22,"turns":7},{"damage":14,"enemies":"Snake Plant","floor":24,"turns":5},{"damage":9,"enemies":"Snecko","floor":27,"turns":6},{"damage":12,"enemies":"Chosen and Byrds","floor":28,"turns":7},{"damage":13,"enemies":"Centurion and Healer","floor":30,"turns":6},{"damage":25,"enemies":"Snake Plant","floor":31,"turns":5},{"damage":75,"enemies":"Champ","floor":33,"turns":13},{"damage":13,"enemies":"Orb Walker","floor":35,"turns":3},{"damage":30,"enemies":"3 Darklings","floor":36,"turns":4},{"damage":16,"enemies":"4 Shapes","floor":37,"turns":3},{"damage":53,"enemies":"Nemesis","floor":41,"turns":7},{"damage":24,"enemies":"Spire Growth","floor":45,"turns":4},{"damage":0,"enemies":"Transient","floor":46,"turns":5},{"damage":3,"enemies":"Giant Head","floor":47,"turns":6},{"damage":16,"enemies":"Jaw Worm Horde","floor":48,"turns":4},{"damage":73,"enemies":"Awakened One","floor":50,"turns":15}],"seed_played":"-7904542873178086381","potions_obtained":[{"floor":2,"key":"PowerPotion"},{"floor":5,"key":"Regen Potion"},{"floor":10,"key":"EssenceOfSteel"},{"floor":14,"key":"FearPotion"},{"floor":18,"key":"SkillPotion"},{"floor":28,"key":"FairyPotion"},{"floor":31,"key":"SpeedPotion"},{"floor":37,"key":"Regen Potion"},{"floor":45,"key":"Dexterity Potion"},{"floor":46,"key":"SpeedPotion"},{"floor":47,"key":"Ancient Potion"}],"is_trial":false,"path_per_floor":["M","M","M","M","M","R","E","$","T","M","R","?","E","M","R","B",null,"M","?","M","M","M","R","M","R","T","M","M","?","M","M","R","B",null,"M","M","M","?","?","R","E","R","T","R","M","M","E","M","R","B",null],"character_chosen":"THE_SILENT","items_purchased":["Regal Pillow"],"campfire_rested":8,"item_purchase_floors":[8],"current_hp_per_floor":[49,49,47,46,24,45,29,29,29,21,61,82,59,56,84,51,84,75,75,75,66,50,50,36,76,76,67,55,49,36,11,51,8,84,71,41,25,73,73,73,20,56,56,73,49,64,71,55,83,10],"gold":115,"neow_bonus":"ONE_RARE_RELIC","is_prod":false,"is_daily":false,"chose_seed":false,"campfire_upgraded":2,"win_rate":0.0,"timestamp":1543135258,"path_taken":["M","?","M","M","M","R","E","?","T","M","R","?","E","M","R","BOSS","M","?","M","M","M","R","M","R","T","M","M","?","?","M","R","BOSS","M","M","M","?","?","R","E","R","T","R","?","M","E","M","R","BOSS"],"build_version":"2018-11-15","purchased_purges":0,"victory":true,"max_hp_per_floor":[70,70,70,70,70,70,84,84,84,84,84,84,84,84,84,84,84,84,84,84,84,84,84,84,84,84,84,84,84,84,84,84,84,84,84,84,84,73,73,73,73,73,73,73,73,73,83,83,83,83],"card_choices":[{"not_picked":["Dagger Spray","Backflip"],"picked":"Crippling Poison","floor":1},{"not_picked":["Sucker Punch","Flying Knee"],"picked":"Cloak And Dagger","floor":2},{"not_picked":["Prepared","Quick Slash"],"picked":"Dash","floor":3},{"not_picked":["Acrobatics","PiercingWail"],"picked":"Deflect","floor":4},{"not_picked":["Prepared","Underhanded Strike"],"picked":"Flying Knee","floor":5},{"not_picked":["Tactician","PiercingWail"],"picked":"Caltrops","floor":7},{"not_picked":["Accuracy","Catalyst"],"picked":"Dagger Spray+1","floor":10},{"not_picked":["Acrobatics","Wraith Form v2"],"picked":"Cloak And Dagger","floor":13},{"not_picked":["Backflip","Acrobatics"],"picked":"Dagger Spray+1","floor":14},{"not_picked":["Storm of Steel","Malaise"],"picked":"After Image","floor":16},{"not_picked":["Heel Hook+1","Setup"],"picked":"Poisoned Stab+1","floor":18},{"not_picked":["Backflip","Flying Knee+1"],"picked":"Sucker Punch+1","floor":20},{"not_picked":["Riddle With Holes+1","PiercingWail"],"picked":"Noxious Fumes","floor":21},{"not_picked":["PiercingWail","Burst"],"picked":"Backflip+1","floor":22},{"not_picked":["Accuracy","Deflect"],"picked":"Dagger Spray+1","floor":24},{"not_picked":["Tactician","Deadly Poison+1"],"picked":"Catalyst","floor":27},{"not_picked":["Dagger Throw+1","Well Laid Plans"],"picked":"Deadly Poison","floor":28},{"not_picked":["PiercingWail","Setup"],"picked":"Flying Knee+1","floor":30},{"not_picked":["All Out Attack+1","Storm of Steel"],"picked":"Endless Agony+1","floor":31},{"not_picked":["Burst","Grand Finale+1"],"picked":"Unload+1","floor":33},{"not_picked":["Predator+1","Cloak And Dagger+1"],"picked":"Unload+1","floor":35},{"not_picked":["Deadly Poison+1","Dodge and Roll"],"picked":"Catalyst+1","floor":36},{"not_picked":["Escape Plan+1","Deflect"],"picked":"Glass Knife+1","floor":37},{"not_picked":["Malaise","PiercingWail+1"],"picked":"Eviscerate+1","floor":41},{"not_picked":["Eviscerate+1","Flying Knee+1"],"picked":"Slice+1","floor":45},{"not_picked":["Skewer+1","Quick Slash+1"],"picked":"Footwork+1","floor":46},{"not_picked":["Slice+1","Flying Knee+1"],"picked":"Endless Agony+1","floor":47},{"not_picked":["Bane+1","Outmaneuver+1"],"picked":"Backflip+1","floor":48}],"player_experience":107270,"relics_obtained":[{"floor":7,"key":"Mango"},{"floor":9,"key":"Molten Egg 2"},{"floor":13,"key":"Art of War"},{"floor":26,"key":"MawBank"},{"floor":34,"key":"Bag of Marbles"},{"floor":34,"key":"Gremlin Horn"},{"floor":34,"key":"Gambling Chip"},{"floor":41,"key":"Paper Crane"},{"floor":43,"key":"Thread and Needle"},{"floor":47,"key":"Pear"}],"event_choices":[{"damage_healed":21,"gold_gain":0,"player_choice":"Healed","damage_taken":0,"max_hp_gain":0,"max_hp_loss":0,"event_name":"The Cleric","floor":12,"gold_loss":35},{"damage_healed":0,"gold_gain":0,"player_choice":"Opened","damage_taken":0,"relics_obtained":["The Specimen"],"max_hp_gain":0,"max_hp_loss":0,"event_name":"The Mausoleum","floor":19,"gold_loss":0},{"damage_healed":0,"gold_gain":0,"player_choice":"Joined the Cult","damage_taken":6,"max_hp_gain":0,"max_hp_loss":0,"event_name":"Nest","floor":29,"gold_loss":0,"cards_obtained":["RitualDagger"]},{"damage_healed":73,"gold_gain":0,"player_choice":"Heal","damage_taken":0,"max_hp_gain":0,"max_hp_loss":11,"event_name":"The Moai Head","floor":38,"gold_loss":0},{"cards_removed":["Shame"],"damage_healed":0,"gold_gain":0,"player_choice":"Purged","damage_taken":0,"max_hp_gain":0,"max_hp_loss":0,"event_name":"Purifier","floor":39,"gold_loss":0}],"is_beta":false,"boss_relics":[{"not_picked":["Orrery","Fusion Hammer"],"picked":"Ectoplasm"},{"not_picked":["Runic Pyramid","Snecko Eye"],"picked":"Calling Bell"}],"items_purged_floors":[],"is_endless":false,"potions_floor_spawned":[2,5,10,14,18,28,31,37,45,46,47],"ascension_level":0}