{"gold_per_floor":[117,167,182,202,76,92,109,129,179,179,179,198,198,214,214,292,292,311,142,142,142,161,161,178,178],"floor_reached":25,"playtime":2532,"items_purged":["Parasite"],"score":384,"play_id":"31b40f36-35cc-425b-9882-f242f67818c6","local_time":"20190124095630","is_ascension_mode":true,"campfire_choices":[{"data":"Noxious Fumes","floor":10,"key":"SMITH"},{"data":"Bouncing Flask","floor":13,"key":"SMITH"},{"data":"Malaise","floor":15,"key":"SMITH"},{"floor":23,"key":"REST"}],"neow_cost":"CURSE","seed_source_timestamp":666560138267390,"circlet_count":0,"master_deck":["AscendersBane","Defend_G","Defend_G","Defend_G","Defend_G","Defend_G","Strike_G","Strike_G","Strike_G","Strike_G","Strike_G","Survivor","Neutralize","Adrenaline","Poisoned Stab","Dagger Throw","Backstab","Dagger Spray","Bouncing Flask+1","Noxious Fumes+1","Slice","Bouncing Flask","Malaise+1","Malaise","Writhe","Blur","All Out Attack"],"relics":["Ring of the Snake","Dream Catcher","Sozu","Snake Skull","Bag of Marbles"],"potions_floor_usage":[12,16,25],"damage_taken":[{"damage":4,"enemies":"Small Slimes","floor":1,"turns":5},{"damage":0,"enemies":"Cultist","floor":3,"turns":3},{"damage":9,"enemies":"Jaw Worm","floor":4,"turns":5},{"damage":12,"enemies":"Large Slime","floor":6,"turns":5},{"damage":0,"enemies":"Exordium Wildlife","floor":7,"turns":3},{"damage":3,"enemies":"Looter","floor":8,"turns":3},{"damage":0,"enemies":"3 Louse","floor":12,"turns":2},{"damage":1,"enemies":"Red Slaver","floor":14,"turns":2},{"damage":8,"enemies":"Hexaghost","floor":16,"turns":7},{"damage":12,"enemies":"Shell Parasite","floor":18,"turns":5},{"damage":14,"enemies":"2 Thieves","floor":22,"turns":4},{"damage":10,"enemies":"Centurion and Healer","floor":24,"turns":6},{"damage":36,"enemies":"Gremlin Leader","floor":25,"turns":6}],"seed_played":"662384692642842062","potions_obtained":[{"floor":7,"key":"SkillPotion"},{"floor":8,"key":"Weak Potion"},{"floor":12,"key":"SkillPotion"}],"is_trial":false,"path_per_floor":["M","?","M","M","$","M","M","M","T","R","$","M","R","M","R","B",null,"M","$","?","?","M","R","M","E"],"character_chosen":"THE_SILENT","items_purchased":["Dagger Spray","Snake Skull"],"campfire_rested":1,"item_purchase_floors":[5,19],"current_hp_per_floor":[55,55,55,46,46,34,34,31,31,31,31,31,31,30,30,22,53,41,41,41,41,27,45,35,0],"gold":178,"neow_bonus":"THREE_RARE_CARDS","is_prod":false,"is_daily":false,"chose_seed":false,"campfire_upgraded":3,"win_rate":0,"timestamp":1548352590,"path_taken":["M","?","M","M","$","M","M","M","T","R","$","M","R","M","R","BOSS","M","?","?","?","?","R","M","E"],"build_version":"2019-01-23","purchased_purges":1,"victory":false,"max_hp_per_floor":[66,66,66,66,63,63,63,63,63,63,63,63,63,63,63,63,63,63,63,63,63,63,63,63,63],"card_choices":[{"not_picked":["Unload","Phantasmal Killer"],"picked":"Adrenaline","floor":0},{"not_picked":["Bane","Leg Sweep"],"picked":"Poisoned Stab","floor":1},{"not_picked":["Backflip","PiercingWail"],"picked":"Dagger Throw","floor":3},{"not_picked":["Prepared","Backflip"],"picked":"Backstab","floor":4},{"not_picked":["Leg Sweep","Concentrate"],"picked":"Bouncing Flask","floor":6},{"not_picked":["Slice","Backstab"],"picked":"Noxious Fumes","floor":7},{"not_picked":["Outmaneuver","Blade Dance"],"picked":"Slice","floor":8},{"not_picked":["Dagger Throw","Deflect"],"picked":"Bouncing Flask","floor":12},{"not_picked":["Backflip","Dodge and Roll"],"picked":"Malaise","floor":14},{"not_picked":["Unload","Wraith Form v2"],"picked":"Malaise","floor":16},{"not_picked":["Blade Dance","Riddle With Holes","Outmaneuver"],"picked":"SKIP","floor":18},{"not_picked":["Outmaneuver","PiercingWail"],"picked":"Blur","floor":22},{"not_picked":["Dagger Spray","Escape Plan"],"picked":"All Out Attack","floor":23},{"not_picked":["Prepared","Flechettes","Deadly Poison"],"picked":"SKIP","floor":24}],"player_experience":1743616,"relics_obtained":[{"floor":9,"key":"Dream Catcher"}],"event_choices":[{"damage_healed":0,"gold_gain":50,"player_choice":"Pray","damage_taken":0,"max_hp_gain":0,"max_hp_loss":0,"event_name":"Golden Shrine","floor":2,"gold_loss":0},{"damage_healed":0,"gold_gain":0,"player_choice":"Opened","damage_taken":0,"relics_obtained":["Bag of Marbles"],"max_hp_gain":0,"max_hp_loss":0,"event_name":"The Mausoleum","floor":20,"gold_loss":0,"cards_obtained":["Writhe"]},{"damage_healed":0,"gold_gain":0,"player_choice":"Ignored","damage_taken":0,"max_hp_gain":0,"max_hp_loss":0,"event_name":"Vampires","floor":21,"gold_loss":0}],"is_beta":false,"boss_relics":[{"not_picked":["Astrolabe","Busted Crown"],"picked":"Sozu"}],"items_purged_floors":[5],"is_endless":false,"potions_floor_spawned":[7,8,12,24],"killed_by":"Gremlin Leader","ascension_level":19}