{"path_per_floor":["M","?","M","?","?","E","M","M","T","M","R","M","M","?","R"],"character_chosen":"IRONCLAD","items_purchased":[],"gold_per_floor":[112,112,128,128,303,338,362,381,408,428,428,448,462,462,462],"floor_reached":16,"campfire_rested":1,"playtime":577,"current_hp_per_floor":[80,60,65,70,70,54,55,43,43,34,59,55,44,44,44],"items_purged":[],"gold":462,"score":109,"play_id":"7b6e725d-11ef-40f6-8f66-0740ae897b4a","local_time":"20180318025427","is_prod":false,"is_daily":false,"is_ascension_mode":true,"campfire_upgraded":1,"timestamp":1521305667,"path_taken":["M","?","?","?","?","E","M","?","T","?","R","M","M","?","R","BOSS"],"build_version":"2018-03-15v2","purchased_purges":0,"victory":false,"master_deck":["Strike_R","Strike_R","Strike_R","Strike_R","Strike_R","Defend_R","Defend_R","Defend_R","Defend_R","Bash+1","Flex","Rage","Doubt","Cleave","Whirlwind+1","Body Slam+1","Rage","Metallicize","Flex"],"max_hp_per_floor":[80,80,80,85,85,85,85,85,85,85,85,85,85,85,85],"relics":["Burning Blood","Golden Idol","Blood Vial","Oddly Smooth Stone"],"card_choices":[{"not_picked":["Iron Wave","Perfected Strike"],"picked":"Flex"},{"not_picked":["Clothesline","Second Wind"],"picked":"Rage"},{"not_picked":["Reckless Charge","Clash"],"picked":"Cleave"},{"not_picked":["Shockwave","Iron Wave"],"picked":"Whirlwind"},{"not_picked":["Cleave","True Grit"],"picked":"Body Slam"},{"not_picked":["Clothesline","Armaments"],"picked":"Rage"},{"not_picked":["Iron Wave","Havoc"],"picked":"Metallicize"},{"not_picked":["Heavy Blade","Anger"],"picked":"Flex"}],"player_experience":262458,"potions_floor_usage":[13,16],"damage_taken":[{"damage":5.0,"enemies":"Small Slimes","floor":1.0,"turns":4.0},{"damage":1.0,"enemies":"Cultist","floor":3.0,"turns":3.0},{"damage":22.0,"enemies":"Gremlin Nob","floor":6.0,"turns":4.0},{"damage":7.0,"enemies":"2 Louse","floor":7.0,"turns":3.0},{"damage":20.0,"enemies":"Exordium Wildlife","floor":8.0,"turns":4.0},{"damage":17.0,"enemies":"Exordium Thugs","floor":10.0,"turns":4.0},{"damage":12.0,"enemies":"2 Fungi Beasts","floor":12.0,"turns":3.0},{"damage":19,"enemies":"Large Slime","floor":13,"turns":6},{"damage":48,"enemies":"Hexaghost","floor":16,"turns":11}],"event_choices":[{"event_name":"Golden Idol","player_choice":"Take Damage","floor":2.0,"damage_taken":0.0},{"event_name":"Big Fish","player_choice":"Donut","floor":4.0,"damage_taken":0.0},{"event_name":"Liars Game","player_choice":"agreed","floor":5.0,"damage_taken":0.0},{"event_name":"Living Wall","player_choice":"Grow","floor":14,"damage_taken":0}],"boss_relics":[],"potions_floor_spawned":[3,6,7,12],"seed_played":"-1243548368169261233","killed_by":"Hexaghost","ascension_level":1,"is_trial":false}