{"gold_per_floor":[115,290,290,303,149,149,176,176,176,206,223,55,55,66,66,162,162,174,174,96,96,111,139,139,158,158,186,186,186,186],"floor_reached":30,"playtime":1622,"items_purged":["Strike_B","Strike_B"],"score":288,"play_id":"ee3c9213-0f50-4863-9bc3-ff591e7c7ca0","local_time":"20180703211209","is_ascension_mode":true,"campfire_choices":[{"data":"Chaos","floor":6,"key":"SMITH"},{"data":"Zap","floor":8,"key":"SMITH"},{"data":"Rainbow","floor":13,"key":"SMITH"},{"data":"White Noise","floor":15,"key":"SMITH"},{"floor":24,"key":"REST"},{"floor":29,"key":"REST"}],"neow_cost":"NONE","seed_source_timestamp":568802591877021,"circlet_count":0,"master_deck":["Strike_B+1","Strike_B+1","Defend_B","Defend_B","Defend_B","Zap+1","Dualcast","Cold Snap","Consume","Chaos+1","Doom and Gloom","Rainbow+1","Defragment","White Noise+1","Electrodynamics","Defragment","Consume","Glacier"],"relics":["Cracked Core","Whetstone","Omamori","Question Card","Ginger","Inserter","Ornamental Fan","Meat on the Bone","Cables","Incense Burner"],"potions_floor_usage":[14,14,16,23],"damage_taken":[{"damage":1,"enemies":"Cultist","floor":1,"turns":3},{"damage":4,"enemies":"Jaw Worm","floor":4,"turns":2},{"damage":13,"enemies":"Gremlin Nob","floor":7,"turns":3},{"damage":19,"enemies":"Lagavulin","floor":10,"turns":5},{"damage":1,"enemies":"Small Slimes","floor":11,"turns":3},{"damage":14,"enemies":"Exordium Thugs","floor":14,"turns":3},{"damage":23,"enemies":"Hexaghost","floor":16,"turns":9},{"damage":25,"enemies":"2 Thieves","floor":18,"turns":3},{"damage":19,"enemies":"Shell Parasite","floor":22,"turns":5},{"damage":24,"enemies":"Slavers","floor":23,"turns":4},{"damage":25,"enemies":"Snake Plant","floor":25,"turns":3},{"damage":3,"enemies":"Book of Stabbing","floor":27,"turns":5},{"damage":42,"enemies":"Slavers","floor":30,"turns":3}],"seed_played":"-3949720300330242363","potions_obtained":[{"floor":10,"key":"AttackPotion"},{"floor":11,"key":"Energy Potion"},{"floor":14,"key":"Regen Potion"},{"floor":18,"key":"Ancient Potion"},{"floor":22,"key":"Block Potion"}],"is_trial":false,"path_per_floor":["M","?","?","M","$","R","E","R","T","E","M","$","R","M","R","B",null,"M","?","$","T","M","E","R","M","T","E","?","R"],"character_chosen":"DEFECT","items_purchased":["Chaos","Defragment","Defragment"],"campfire_rested":2,"item_purchase_floors":[5,12,20],"current_hp_per_floor":[74,74,74,70,70,70,57,57,57,38,37,37,37,23,23,22,75,50,50,50,50,31,7,29,16,16,25,25,47,5],"gold":186,"neow_bonus":"RANDOM_COMMON_RELIC","is_prod":false,"is_daily":false,"chose_seed":false,"campfire_upgraded":4,"win_rate":0,"timestamp":1530616329,"path_taken":["M","?","?","M","$","R","E","R","T","E","M","$","R","M","R","BOSS","M","?","$","?","M","E","R","M","T","E","?","R","E"],"build_version":"2018-06-28","purchased_purges":2,"victory":false,"max_hp_per_floor":[75,75,75,75,75,75,75,75,75,75,75,75,75,75,75,75,75,75,75,75,75,75,75,75,75,75,75,75,75,75],"card_choices":[{"not_picked":["Go for the Eyes","Hologram"],"picked":"Cold Snap","floor":1},{"not_picked":["Streamline","Beam Cell"],"picked":"Consume","floor":4},{"not_picked":["Ball Lightning","Redo"],"picked":"Doom and Gloom","floor":7},{"not_picked":["Turbo","Streamline","Conserve Battery"],"picked":"Rainbow","floor":10},{"not_picked":["Stack","Conserve Battery","Sweeping Beam","Barrage"],"picked":"SKIP","floor":11},{"not_picked":["Turbo","Rebound","Leap"],"picked":"White Noise","floor":14},{"not_picked":["Multi-Cast","Buffer","Seek"],"picked":"Electrodynamics","floor":16},{"not_picked":["Genetic Algorithm+1","Hologram","Undo","Redo"],"picked":"SKIP","floor":18},{"not_picked":["Rebound+1","Hello World","Barrage","Turbo"],"picked":"SKIP","floor":22},{"not_picked":["Beam Cell","Rebound","Barrage"],"picked":"Consume","floor":23},{"not_picked":["Turbo","Rebound","Force Field"],"picked":"Glacier","floor":25},{"not_picked":["Genetic Algorithm","Leap","Hello World","Self Repair+1"],"picked":"SKIP","floor":27}],"player_experience":471476,"relics_obtained":[{"floor":7,"key":"Omamori"},{"floor":9,"key":"Question Card"},{"floor":10,"key":"Ginger"},{"floor":21,"key":"Ornamental Fan"},{"floor":23,"key":"Meat on the Bone"},{"floor":26,"key":"Cables"},{"floor":27,"key":"Incense Burner"}],"event_choices":[{"event_name":"Liars Game","player_choice":"agreed","floor":2,"damage_taken":0},{"event_name":"Wheel of Change","player_choice":"Card Removal","floor":3,"damage_taken":0},{"event_name":"Back to Basics","player_choice":"Elegance","floor":19,"damage_taken":0},{"event_name":"Drug Dealer","player_choice":"Ignored","floor":28,"damage_taken":0}],"boss_relics":[{"not_picked":["Runic Dome","Lizard Tail"],"picked":"Inserter"}],"items_purged_floors":[5,12],"is_endless":false,"potions_floor_spawned":[10,11,14,18,22],"killed_by":"Slavers","ascension_level":1}