{"gold_per_floor":[118,137,156,11,11,11,43,43,43,57,90,100,119,135,135,239,239,251,270,24,43,43,77,77,91,91,91,111,125,125,137,137,241,241,258,133,150,6,24,24,24],"floor_reached":41,"playtime":2779,"items_purged":["Strike_G","Defend_G","Defend_G"],"score":540,"play_id":"411c4ea5-235f-4b72-9ea7-3a00c510b39b","local_time":"20190203030805","is_ascension_mode":true,"campfire_choices":[{"data":"Noxious Fumes","floor":6,"key":"SMITH"},{"data":"Noxious Fumes","floor":15,"key":"SMITH"},{"data":"Bane","floor":24,"key":"SMITH"},{"data":"Bane","floor":27,"key":"SMITH"},{"floor":30,"key":"REST"},{"floor":32,"key":"REST"},{"floor":40,"key":"REST"}],"neow_cost":"NONE","seed_source_timestamp":1943313541092595,"circlet_count":0,"master_deck":["Defend_G","Defend_G","Defend_G","Strike_G+1","Strike_G+1","Strike_G+1","Survivor","Neutralize","All Out Attack+1","Flying Knee","Poisoned Stab","Noxious Fumes+1","Bane+1","Venomology","Leg Sweep","Noxious Fumes+1","Tools of the Trade","Backstab+1","PiercingWail","Caltrops+1","Pain","Bane+1","Deadly Poison","Dagger Spray+1","Noxious Fumes","Malaise","Deflect+1","Footwork"],"relics":["Ring of the Snake","Whetstone","Darkstone Periapt","Pear","Philosopher\u0027s Stone","Oddly Smooth Stone","WarpedTongs","Snake Skull","Gambling Chip","Fusion Hammer","Art of War"],"potions_floor_usage":[16,18,19,21,23,23,28,31,33,33,35,37,39,39,39,39,41],"damage_taken":[{"damage":0,"enemies":"Small Slimes","floor":1,"turns":5},{"damage":0,"enemies":"2 Louse","floor":2,"turns":3},{"damage":1,"enemies":"Cultist","floor":3,"turns":3},{"damage":15,"enemies":"Lagavulin","floor":7,"turns":6},{"damage":0,"enemies":"2 Fungi Beasts","floor":10,"turns":2},{"damage":2,"enemies":"Gremlin Nob","floor":11,"turns":3},{"damage":2,"enemies":"Red Slaver","floor":12,"turns":3},{"damage":18,"enemies":"Gremlin Gang","floor":13,"turns":4},{"damage":4,"enemies":"3 Louse","floor":14,"turns":2},{"damage":20,"enemies":"Hexaghost","floor":16,"turns":7},{"damage":15,"enemies":"Shell Parasite","floor":18,"turns":6},{"damage":15,"enemies":"Spheric Guardian","floor":19,"turns":5},{"damage":21,"enemies":"Centurion and Healer","floor":21,"turns":5},{"damage":17,"enemies":"Book of Stabbing","floor":23,"turns":5},{"damage":22,"enemies":"Snake Plant","floor":25,"turns":3},{"damage":5,"enemies":"Snecko","floor":28,"turns":4},{"damage":14,"enemies":"Centurion and Healer","floor":29,"turns":6},{"damage":14,"enemies":"Cultist and Chosen","floor":31,"turns":4},{"damage":31,"enemies":"Collector","floor":33,"turns":6},{"damage":2,"enemies":"3 Shapes","floor":35,"turns":4},{"damage":15,"enemies":"3 Darklings","floor":37,"turns":3},{"damage":44,"enemies":"Transient","floor":39,"turns":5},{"damage":53,"enemies":"Reptomancer","floor":41,"turns":5}],"seed_played":"8515869724222207077","potions_obtained":[{"floor":1,"key":"Swift Potion"},{"floor":7,"key":"Ancient Potion"},{"floor":13,"key":"LiquidBronze"},{"floor":21,"key":"PowerPotion"},{"floor":23,"key":"Strength Potion"},{"floor":29,"key":"Fire Potion"},{"floor":31,"key":"Dexterity Potion"},{"floor":33,"key":"Explosive Potion"}],"is_trial":false,"path_per_floor":["M","M","M","$","?","R","E","?","T","M","E","M","M","M","R","B",null,"M","M","$","M","?","E","R","M","T","R","M","M","R","M","R","B",null,"M","$","M","$","M","R","E"],"character_chosen":"THE_SILENT","items_purchased":["Noxious Fumes","Oddly Smooth Stone","Art of War"],"campfire_rested":3,"item_purchase_floors":[4,20,38],"current_hp_per_floor":[70,70,69,69,55,55,40,70,70,70,78,76,58,54,54,34,80,65,62,62,56,62,60,60,38,38,38,33,19,44,30,55,24,86,84,84,69,69,25,50,0],"gold":24,"neow_bonus":"REMOVE_CARD","is_prod":false,"is_daily":false,"chose_seed":false,"campfire_upgraded":4,"win_rate":0,"timestamp":1549123685,"path_taken":["M","M","M","$","?","R","E","?","T","M","E","M","?","M","R","BOSS","M","M","$","M","?","E","R","?","T","R","?","M","R","M","R","BOSS","M","$","M","?","M","R","E"],"build_version":"2019-01-23","purchased_purges":3,"victory":false,"max_hp_per_floor":[70,70,70,70,70,70,70,70,70,70,80,80,80,80,80,80,80,80,80,80,80,86,86,86,86,86,86,86,86,86,86,86,86,86,86,86,86,86,86,86,86],"card_choices":[{"not_picked":["Blur","Sucker Punch"],"picked":"All Out Attack","floor":1},{"not_picked":["Cloak And Dagger","Acrobatics"],"picked":"Flying Knee","floor":2},{"not_picked":["Dagger Throw","Cloak And Dagger"],"picked":"Poisoned Stab","floor":3},{"not_picked":["Acrobatics","Quick Slash"],"picked":"Dash","floor":7},{"not_picked":["Endless Agony","Prepared"],"picked":"Bane","floor":10},{"not_picked":["Sucker Punch","Quick Slash","Dagger Throw"],"picked":"SKIP","floor":11},{"not_picked":["Well Laid Plans","Prepared"],"picked":"Venomology","floor":12},{"not_picked":["Skewer","Well Laid Plans"],"picked":"Leg Sweep","floor":13},{"not_picked":["Outmaneuver","Flying Knee"],"picked":"Noxious Fumes","floor":14},{"not_picked":["Corpse Explosion","Wraith Form v2"],"picked":"Tools of the Trade","floor":16},{"not_picked":["Skewer","Deflect+1"],"picked":"Backstab+1","floor":18},{"not_picked":["Heel Hook","Underhanded Strike"],"picked":"PiercingWail","floor":19},{"not_picked":["Eviscerate+1","Choke"],"picked":"Caltrops+1","floor":21},{"not_picked":["Well Laid Plans","Choke"],"picked":"Bane","floor":23},{"not_picked":["Cloak And Dagger+1","Deflect"],"picked":"Deadly Poison","floor":25},{"not_picked":["Wraith Form v2","Masterful Stab"],"picked":"Dagger Spray+1","floor":28},{"not_picked":["Acrobatics","Terror"],"picked":"Noxious Fumes","floor":29},{"not_picked":["Poisoned Stab+1","Bane","Distraction"],"picked":"SKIP","floor":31},{"not_picked":["A Thousand Cuts","Phantasmal Killer"],"picked":"Malaise","floor":33},{"not_picked":["Dagger Throw","Dodge and Roll+1"],"picked":"Deflect+1","floor":35},{"not_picked":["Flying Knee+1","Bane","Underhanded Strike"],"picked":"SKIP","floor":37},{"not_picked":["Blade Dance","Tactician"],"picked":"Footwork","floor":39}],"player_experience":239840,"relics_obtained":[{"floor":7,"key":"Whetstone"},{"floor":9,"key":"Darkstone Periapt"},{"floor":11,"key":"Pear"},{"floor":23,"key":"Snake Skull"},{"floor":26,"key":"Gambling Chip"}],"event_choices":[{"damage_healed":0,"gold_gain":0,"player_choice":"Entered Light","damage_taken":14,"max_hp_gain":0,"max_hp_loss":0,"event_name":"Shining Light","floor":5,"gold_loss":0,"cards_upgraded":["Strike_G","Strike_G"]},{"cards_removed":["Dash"],"damage_healed":30,"gold_gain":0,"player_choice":"Offered Uncommon","damage_taken":0,"max_hp_gain":0,"max_hp_loss":0,"event_name":"Bonfire Elementals","floor":8,"gold_loss":0},{"damage_healed":0,"gold_gain":0,"player_choice":"Rummage","damage_taken":0,"relics_obtained":["WarpedTongs"],"max_hp_gain":0,"max_hp_loss":0,"event_name":"Accursed Blacksmith","floor":22,"gold_loss":0,"cards_obtained":["Pain"]}],"is_beta":false,"boss_relics":[{"not_picked":["Ectoplasm","Velvet Choker"],"picked":"Philosopher\u0027s Stone"},{"not_picked":["Ring of the Serpent","Sozu"],"picked":"Fusion Hammer"}],"items_purged_floors":[4,20,36],"is_endless":false,"potions_floor_spawned":[1,7,13,14,16,21,23,29,31,33],"killed_by":"Reptomancer","ascension_level":4}