{"gold_per_floor":[111,122,122,197,210,240,240,250,250,270,270,270,42,55,55,156,156,146,156,16,29,29,29,29],"floor_reached":24,"playtime":2131,"items_purged":["Strike_B","Strike_B"],"score":307,"play_id":"19a58e03-d3ba-4582-b066-1c4f4e44d6a8","local_time":"20181108195533","is_ascension_mode":true,"campfire_choices":[{"floor":7,"key":"REST"},{"floor":11,"key":"REST"},{"data":"Hologram","floor":15,"key":"SMITH"},{"floor":23,"key":"REST"}],"neow_cost":"NONE","seed_source_timestamp":31904138904407,"circlet_count":0,"master_deck":["AscendersBane","Strike_B+1","Defend_B","Defend_B","Defend_B","Defend_B","Zap","Dualcast","Hologram+1","Gash","Defragment","Gash","Fission+1","FTL+1","Conserve Battery+1","Conserve Battery+1","Buffer+1","Rebound","Chill+1","Defragment+1","Hologram+1"],"relics":["Cracked Core","NeowsBlessing","Toxic Egg 2","Dead Branch","Frozen Egg 2","Whetstone","Black Star"],"potions_floor_usage":[6,21,21],"damage_taken":[{"damage":0,"enemies":"Cultist","floor":1,"turns":1},{"damage":0,"enemies":"Jaw Worm","floor":2,"turns":1},{"damage":0,"enemies":"Small Slimes","floor":5,"turns":1},{"damage":47,"enemies":"3 Sentries","floor":6,"turns":8},{"damage":3,"enemies":"Blue Slaver","floor":8,"turns":4},{"damage":15,"enemies":"Large Slime","floor":10,"turns":5},{"damage":0,"enemies":"2 Fungi Beasts","floor":14,"turns":2},{"damage":31,"enemies":"Hexaghost","floor":16,"turns":10},{"damage":7,"enemies":"2 Thieves","floor":18,"turns":4},{"damage":9,"enemies":"3 Byrds","floor":19,"turns":6},{"damage":36,"enemies":"Centurion and Healer","floor":21,"turns":9},{"damage":9,"enemies":"Colosseum Slavers","floor":22,"turns":7},{"damage":23,"enemies":"Gremlin Leader","floor":24,"turns":5}],"seed_played":"-6182077793413474256","potions_obtained":[{"floor":2,"key":"AttackPotion"},{"floor":14,"key":"SteroidPotion"},{"floor":19,"key":"Regen Potion"}],"is_trial":false,"path_per_floor":["M","M","?","?","M","E","R","M","T","M","R","T","$","M","R","B",null,"M","M","$","M","?","R","E"],"character_chosen":"DEFECT","items_purchased":["Whetstone","Defragment+1"],"campfire_rested":3,"item_purchase_floors":[13,20],"current_hp_per_floor":[68,68,68,57,57,10,32,29,29,14,36,36,36,36,36,5,58,51,42,42,20,11,33,10],"gold":29,"neow_bonus":"THREE_ENEMY_KILL","is_prod":false,"is_daily":false,"chose_seed":false,"campfire_upgraded":1,"win_rate":0,"timestamp":1541667333,"path_taken":["M","M","?","?","M","E","R","M","T","M","R","?","$","?","R","BOSS","M","?","$","M","?","R","E"],"build_version":"2018-11-06","purchased_purges":2,"victory":false,"max_hp_per_floor":[75,75,75,75,75,75,75,75,75,75,75,75,75,75,75,75,75,75,75,75,75,75,75,75],"card_choices":[{"not_picked":["Gash","Compile Driver"],"picked":"Hologram","floor":1},{"not_picked":["Stack","Aggregate"],"picked":"Gash","floor":2},{"not_picked":["Turbo","Chaos"],"picked":"Gash","floor":5},{"not_picked":["Rainbow","Leap"],"picked":"Fission","floor":6},{"not_picked":["Go for the Eyes","Sweeping Beam"],"picked":"FTL","floor":8},{"not_picked":["Rip and Tear","Sweeping Beam"],"picked":"Conserve Battery+1","floor":10},{"not_picked":["Steam+1","Barrage"],"picked":"Conserve Battery+1","floor":14},{"not_picked":["Seek+1","Meteor Strike"],"picked":"Buffer+1","floor":16},{"not_picked":["Reinforced Body+1","Barrage"],"picked":"Rebound","floor":18},{"not_picked":["Conserve Battery+1","Go for the Eyes"],"picked":"Chill+1","floor":19},{"not_picked":["Stack+1","Beam Cell"],"picked":"Hologram+1","floor":21}],"player_experience":738342,"relics_obtained":[{"floor":6,"key":"Toxic Egg 2"},{"floor":9,"key":"Dead Branch"},{"floor":12,"key":"Frozen Egg 2"}],"event_choices":[{"damage_healed":0,"gold_gain":0,"cards_transformed":["Strike_B"],"player_choice":"Change","damage_taken":0,"max_hp_gain":0,"max_hp_loss":0,"event_name":"Living Wall","floor":3,"gold_loss":0,"cards_obtained":["Defragment"]},{"damage_healed":0,"gold_gain":75,"player_choice":"Gather Gold","damage_taken":11,"max_hp_gain":0,"max_hp_loss":0,"event_name":"World of Goop","floor":4,"gold_loss":0},{"damage_healed":0,"gold_gain":0,"player_choice":"Fight","damage_taken":0,"max_hp_gain":0,"max_hp_loss":0,"event_name":"Colosseum","floor":22,"gold_loss":0},{"damage_healed":0,"gold_gain":0,"player_choice":"Fled From Nobs","damage_taken":0,"max_hp_gain":0,"max_hp_loss":0,"event_name":"Colosseum","floor":22,"gold_loss":0}],"is_beta":true,"boss_relics":[{"not_picked":["Runic Dome","Runic Pyramid"],"picked":"Black Star"}],"items_purged_floors":[13,20],"is_endless":false,"potions_floor_spawned":[2,14,19,22],"killed_by":"Gremlin Leader","ascension_level":11}