{"gold_per_floor":[112,212,225,237,247,279,279,279,305,324,69,87,87],"floor_reached":13,"playtime":826,"items_purged":[],"score":117,"play_id":"d931ce28-6e74-4f3d-9ffb-5cbe84ec04b8","local_time":"20190106143219","is_ascension_mode":true,"campfire_choices":[{"floor":7,"key":"REST"}],"neow_cost":"NONE","seed_source_timestamp":1621921500231360,"circlet_count":0,"master_deck":["Strike_R","Strike_R","Strike_R","Strike_R","Strike_R","Defend_R","Defend_R","Defend_R","Defend_R","Bash","Thunderclap","Shockwave","Demon Form","Flame Barrier","Inflame","Dropkick","Pommel Strike","Metallicize"],"relics":["Burning Blood","NeowsBlessing","Dream Catcher","GremlinMask","Smiling Mask","Shuriken"],"potions_floor_usage":[6,10],"damage_taken":[{"damage":0,"enemies":"Small Slimes","floor":1,"turns":1},{"damage":0,"enemies":"Cultist","floor":3,"turns":1},{"damage":0,"enemies":"2 Louse","floor":4,"turns":1},{"damage":48,"enemies":"Exordium Thugs","floor":5,"turns":9},{"damage":38,"enemies":"3 Sentries","floor":6,"turns":11},{"damage":15,"enemies":"2 Fungi Beasts","floor":10,"turns":4},{"damage":11,"enemies":"Blue Slaver","floor":12,"turns":4},{"damage":24,"enemies":"Lagavulin","floor":13,"turns":5}],"seed_played":"7173943127166251718","potions_obtained":[{"floor":1,"key":"FairyPotion"},{"floor":5,"key":"Block Potion"},{"floor":6,"key":"SpeedPotion"},{"floor":10,"key":"Energy Potion"}],"is_trial":false,"path_per_floor":["M","?","M","M","M","E","R","?","T","M","$","M","E"],"character_chosen":"IRONCLAD","items_purchased":["Shuriken"],"campfire_rested":1,"item_purchase_floors":[11],"current_hp_per_floor":[78,78,80,80,38,14,38,38,38,29,29,24,0],"gold":87,"neow_bonus":"THREE_ENEMY_KILL","is_prod":false,"is_daily":false,"chose_seed":false,"campfire_upgraded":0,"win_rate":0,"timestamp":1546803139,"path_taken":["M","?","?","M","M","E","R","?","T","M","$","M","E"],"build_version":"2019-01-03v4","purchased_purges":0,"victory":false,"max_hp_per_floor":[80,80,80,80,80,80,80,80,80,80,80,80,80],"card_choices":[{"not_picked":["Seeing Red","Clash"],"picked":"Thunderclap","floor":1},{"not_picked":["Pommel Strike","Evolve"],"picked":"Shockwave","floor":3},{"not_picked":["Clash","Havoc"],"picked":"Demon Form","floor":4},{"not_picked":["Perfected Strike","Feel No Pain"],"picked":"Flame Barrier","floor":5},{"not_picked":["Clash","Spot Weakness"],"picked":"Inflame","floor":6},{"not_picked":["Spot Weakness","Iron Wave"],"picked":"Dropkick","floor":7},{"not_picked":["Blood for Blood","Perfected Strike"],"picked":"Pommel Strike","floor":10},{"not_picked":["Feel No Pain","Clothesline"],"picked":"Metallicize","floor":12}],"player_experience":399974,"relics_obtained":[{"floor":6,"key":"Dream Catcher"},{"floor":9,"key":"Smiling Mask"}],"event_choices":[{"damage_healed":0,"gold_gain":100,"player_choice":"Pray","damage_taken":0,"max_hp_gain":0,"max_hp_loss":0,"event_name":"Golden Shrine","floor":2,"gold_loss":0},{"damage_healed":0,"gold_gain":0,"player_choice":"Trade","damage_taken":0,"relics_obtained":["GremlinMask"],"max_hp_gain":0,"max_hp_loss":0,"event_name":"FaceTrader","floor":8,"gold_loss":0}],"is_beta":false,"boss_relics":[],"items_purged_floors":[],"is_endless":false,"potions_floor_spawned":[1,5,6,10],"killed_by":"Lagavulin","ascension_level":7}