{"gold_per_floor":[215,234,234,245,8,8,35,54,54,54,54,65,85,115,115,189,189,207,257,257,106,106,138,118,136,136,136,147,165,182,4,4,78,78,89,89,109,122,139,139,151,165,188,188],"floor_reached":44,"playtime":2616,"items_purged":["Strike_G"],"score":962,"play_id":"31da655f-277f-4c64-b1cb-c4101ad557d0","local_time":"20181008215326","is_ascension_mode":true,"campfire_choices":[{"data":"Apotheosis","floor":6,"key":"SMITH"},{"data":"Caltrops","floor":11,"key":"SMITH"},{"floor":15,"key":"REST"},{"floor":27,"key":"REST"},{"floor":32,"key":"REST"},{"floor":40,"key":"REST"}],"neow_cost":"NONE","seed_source_timestamp":222161416116165,"circlet_count":0,"master_deck":["Defend_G","Defend_G","Defend_G","Defend_G","Defend_G","Strike_G","Strike_G","Strike_G","Strike_G","Survivor","Neutralize+1","AscendersBane","Caltrops+1","Dash","Cloak And Dagger","Apotheosis+1","Backflip","Backflip","PiercingWail","Dagger Throw","Malaise","Prepared","Backflip","Crippling Poison","Crippling Poison","Tactician+1","Burst","Cloak And Dagger","Cloak And Dagger","Noxious Fumes","Dagger Throw","Backflip+1","Thinking Ahead+1","Bullet Time+1","Catalyst+1","Bullet Time+1","Backflip+1"],"relics":["Ring of the Serpent","Tough Bandages","Incense Burner","Pocketwatch","Ice Cream","Orrery","Orichalcum","Toxic Egg 2","Anchor"],"potions_floor_usage":[14,23,25,37,41,41],"damage_taken":[{"damage":8,"enemies":"Jaw Worm","floor":1,"turns":7},{"damage":7,"enemies":"Small Slimes","floor":2,"turns":6},{"damage":0,"enemies":"2 Louse","floor":4,"turns":3},{"damage":8,"enemies":"Lagavulin","floor":7,"turns":9},{"damage":1,"enemies":"Exordium Thugs","floor":8,"turns":5},{"damage":5,"enemies":"3 Louse","floor":12,"turns":4},{"damage":8,"enemies":"Exordium Wildlife","floor":13,"turns":8},{"damage":2,"enemies":"3 Sentries","floor":14,"turns":7},{"damage":0,"enemies":"Hexaghost","floor":16,"turns":10},{"damage":0,"enemies":"3 Byrds","floor":18,"turns":6},{"damage":19,"enemies":"Book of Stabbing","floor":23,"turns":5},{"damage":3,"enemies":"2 Thieves","floor":24,"turns":5},{"damage":0,"enemies":"Cultist and Chosen","floor":25,"turns":5},{"damage":11,"enemies":"Centurion and Healer","floor":28,"turns":7},{"damage":0,"enemies":"Sentry and Sphere","floor":29,"turns":6},{"damage":0,"enemies":"Snake Plant","floor":30,"turns":5},{"damage":40,"enemies":"Automaton","floor":33,"turns":15},{"damage":0,"enemies":"Orb Walker","floor":35,"turns":3},{"damage":0,"enemies":"3 Darklings","floor":37,"turns":8},{"damage":0,"enemies":"Maw","floor":38,"turns":6},{"damage":16,"enemies":"Sphere and 2 Shapes","floor":39,"turns":7},{"damage":4,"enemies":"Jaw Worm Horde","floor":41,"turns":4},{"damage":28,"enemies":"3 Darklings","floor":42,"turns":6},{"damage":29,"enemies":"Reptomancer","floor":44,"turns":2}],"seed_played":"8282142907263245391","potions_obtained":[{"floor":2,"key":"Weak Potion"},{"floor":4,"key":"Ancient Potion"},{"floor":16,"key":"SteroidPotion"},{"floor":24,"key":"Fire Potion"},{"floor":33,"key":"Swift Potion"},{"floor":38,"key":"Fire Potion"}],"is_trial":false,"path_per_floor":["M","M","?","M","$","R","E","M","T","?","R","M","M","E","R","B",null,"M","?","?","$","?","E","M","M","T","R","M","M","M","$","R","B",null,"M","?","M","M","M","R","M","M","T"],"character_chosen":"THE_SILENT","items_purchased":["Apotheosis","Backflip","Burst","Thinking Ahead+1"],"campfire_rested":4,"item_purchase_floors":[5,5,21,31],"current_hp_per_floor":[51,44,44,44,44,44,36,35,35,30,30,25,17,15,34,34,58,58,58,37,37,50,31,28,28,28,47,36,36,36,36,55,15,53,53,53,53,53,37,56,52,24,24,0],"gold":188,"neow_bonus":"HUNDRED_GOLD","is_prod":false,"is_daily":false,"chose_seed":false,"campfire_upgraded":2,"win_rate":0,"timestamp":1539060806,"path_taken":["M","M","?","M","$","R","E","M","T","?","R","M","?","E","R","BOSS","M","?","?","$","?","E","?","M","T","R","?","M","M","?","R","BOSS","M","?","M","M","M","R","M","M","T","M"],"build_version":"2018-10-04","purchased_purges":1,"victory":false,"max_hp_per_floor":[66,66,66,66,66,66,66,66,66,66,66,66,66,66,66,66,66,66,66,66,66,66,66,66,66,66,66,66,66,66,66,66,66,66,66,66,66,66,66,66,66,66,66,66],"card_choices":[{"not_picked":["Prepared","Bane"],"picked":"Caltrops","floor":1},{"not_picked":["Infinite Blades","Escape Plan"],"picked":"Dash","floor":2},{"not_picked":["Dodge and Roll","Outmaneuver"],"picked":"Cloak And Dagger","floor":4},{"not_picked":["Slice","PiercingWail","Deadly Poison"],"picked":"SKIP","floor":7},{"not_picked":["Catalyst","Envenom"],"picked":"Backflip","floor":8},{"not_picked":["Slice","Deadly Poison"],"picked":"PiercingWail","floor":12},{"not_picked":["Deflect","Bouncing Flask","Eviscerate"],"picked":"SKIP","floor":13},{"not_picked":["Sucker Punch","After Image"],"picked":"Dagger Throw","floor":14},{"not_picked":["Bullet Time","Die Die Die"],"picked":"Malaise","floor":16},{"not_picked":["Infinite Blades","Riddle With Holes"],"picked":"Prepared","floor":17},{"not_picked":["Deadly Poison","Quick Slash"],"picked":"Backflip","floor":17},{"not_picked":["Flying Knee","Underhanded Strike"],"picked":"Crippling Poison","floor":17},{"not_picked":["Bouncing Flask","Deflect"],"picked":"Crippling Poison","floor":17},{"not_picked":["Slice","Bouncing Flask"],"picked":"Tactician+1","floor":18},{"not_picked":["Deflect","Doppelganger"],"picked":"Cloak And Dagger","floor":23},{"not_picked":["Flechettes","Slice+1"],"picked":"Cloak And Dagger","floor":24},{"not_picked":["Crippling Poison","Setup"],"picked":"Noxious Fumes","floor":25},{"not_picked":["Poisoned Stab","Masterful Stab+1","Terror+1"],"picked":"SKIP","floor":28},{"not_picked":["Blade Dance+1","Eviscerate"],"picked":"Dagger Throw","floor":29},{"not_picked":["Endless Agony","Blade Dance+1"],"picked":"Backflip+1","floor":30},{"not_picked":["Corpse Explosion+1","Doppelganger+1"],"picked":"Bullet Time+1","floor":33},{"not_picked":["Distraction+1","Eviscerate"],"picked":"Catalyst+1","floor":35},{"not_picked":["Underhanded Strike","Blade Dance+1","Accuracy+1"],"picked":"SKIP","floor":37},{"not_picked":["Dodge and Roll+1","Flying Knee","Cloak And Dagger+1"],"picked":"SKIP","floor":38},{"not_picked":["Sucker Punch","Deflect+1","Backflip+1"],"picked":"SKIP","floor":39},{"not_picked":["Quick Slash","Deadly Poison+1"],"picked":"Backflip+1","floor":41},{"not_picked":["Skewer+1","Crippling Poison+1","Blade Dance+1"],"picked":"SKIP","floor":42}],"player_experience":859576,"relics_obtained":[{"floor":7,"key":"Tough Bandages"},{"floor":9,"key":"Incense Burner"},{"floor":14,"key":"Ice Cream"},{"floor":23,"key":"Orichalcum"},{"floor":26,"key":"Toxic Egg 2"},{"floor":43,"key":"Anchor"}],"event_choices":[{"event_name":"Living Wall","player_choice":"Grow","floor":3,"damage_taken":0},{"event_name":"Scrap Ooze","player_choice":"success","floor":10,"damage_taken":5},{"event_name":"Nest","player_choice":"Stole From Cult","floor":19,"damage_taken":0},{"event_name":"Cursed Tome","player_choice":"Obtained Book","floor":20,"damage_taken":0},{"event_name":"The Library","player_choice":"Heal","floor":22,"damage_taken":0},{"event_name":"Duplicator","player_choice":"One dupe","floor":36,"damage_taken":0}],"is_beta":true,"boss_relics":[{"not_picked":["Coffee Dripper","Black Star"],"picked":"Orrery"},{"not_picked":["HoveringKite","Velvet Choker"],"picked":"Ring of the Serpent"}],"items_purged_floors":[21],"is_endless":false,"potions_floor_spawned":[2,4,13,16,18,24,33,38],"killed_by":"Reptomancer","ascension_level":15}