{"gold_per_floor":[109,109,55,55,55,55,86,99,170,202,214,214,264,279,279,279],"floor_reached":16,"playtime":3181,"items_purged":[],"score":189,"play_id":"445d4866-5d0f-46d5-880c-3f3c86481fc3","local_time":"20181107082910","is_ascension_mode":true,"campfire_choices":[{"floor":6,"key":"REST"},{"data":"Zap","floor":12,"key":"SMITH"},{"data":"Beam Cell","floor":15,"key":"SMITH"}],"neow_cost":"NONE","seed_source_timestamp":754530880649591,"circlet_count":0,"master_deck":["AscendersBane","Strike_B","Strike_B","Defend_B","Defend_B+1","Defend_B+1","Defend_B","Zap+1","Dualcast","Biased Cognition","Coolheaded","Self Repair","Ball Lightning","Beam Cell+1"],"relics":["Cracked Core","Dream Catcher","Meat on the Bone","Cables"],"potions_floor_usage":[16,16],"damage_taken":[{"damage":7,"enemies":"Small Slimes","floor":1,"turns":3},{"damage":14,"enemies":"3 Sentries","floor":7,"turns":17},{"damage":6,"enemies":"2 Louse","floor":8,"turns":3},{"damage":45,"enemies":"Gremlin Nob","floor":10,"turns":5},{"damage":0,"enemies":"Cultist","floor":11,"turns":3},{"damage":0,"enemies":"3 Louse","floor":14,"turns":3},{"damage":53,"enemies":"Slime Boss","floor":16,"turns":7}],"seed_played":"8580822800417761814","potions_obtained":[{"floor":1,"key":"Block Potion"},{"floor":7,"key":"GamblersBrew"}],"is_trial":false,"path_per_floor":["M","?","$","?","?","R","E","M","T","E","M","R","?","M","R","B"],"character_chosen":"DEFECT","items_purchased":["Coolheaded"],"campfire_rested":1,"item_purchase_floors":[3],"current_hp_per_floor":[57,62,62,39,39,61,47,48,48,22,41,41,34,53,53,0],"gold":279,"neow_bonus":"TRANSFORM_CARD","is_prod":false,"is_daily":false,"chose_seed":false,"campfire_upgraded":2,"win_rate":0,"timestamp":1541608150,"path_taken":["M","?","$","?","?","R","E","M","T","E","?","R","?","M","R","BOSS"],"build_version":"2018-11-01","purchased_purges":0,"victory":false,"max_hp_per_floor":[71,76,76,76,76,76,76,76,76,76,76,76,76,76,76,76],"card_choices":[{"not_picked":["Steam Power","Redo","Lockon"],"picked":"SKIP","floor":1},{"not_picked":["Redo","Thunder Strike"],"picked":"Self Repair","floor":7},{"not_picked":["Double Energy","Static Discharge","Melter"],"picked":"SKIP","floor":8},{"not_picked":["Amplify","Glacier"],"picked":"Ball Lightning","floor":10},{"not_picked":["Barrage","Recycle","Steam Power"],"picked":"SKIP","floor":11},{"not_picked":["Self Repair","Rip and Tear"],"picked":"Beam Cell","floor":14}],"player_experience":1245418,"relics_obtained":[{"floor":7,"key":"Dream Catcher"},{"floor":9,"key":"Meat on the Bone"},{"floor":10,"key":"Cables"}],"event_choices":[{"damage_healed":0,"gold_gain":0,"player_choice":"Donut","damage_taken":0,"max_hp_gain":5,"max_hp_loss":0,"event_name":"Big Fish","floor":2,"gold_loss":0},{"damage_healed":0,"gold_gain":0,"player_choice":"Entered Light","damage_taken":23,"max_hp_gain":0,"max_hp_loss":0,"event_name":"Shining Light","floor":4,"gold_loss":0,"cards_upgraded":["Defend_B","Defend_B"]},{"cards_removed":["Strike_B"],"damage_healed":0,"gold_gain":0,"player_choice":"Purged","damage_taken":0,"max_hp_gain":0,"max_hp_loss":0,"event_name":"Purifier","floor":5,"gold_loss":0},{"damage_healed":0,"gold_gain":50,"player_choice":"Touch","damage_taken":7,"max_hp_gain":0,"max_hp_loss":0,"event_name":"FaceTrader","floor":13,"gold_loss":0}],"is_beta":false,"boss_relics":[],"items_purged_floors":[],"is_endless":false,"potions_floor_spawned":[1,7,8,10],"killed_by":"Slime Boss","ascension_level":15}