{"gold_per_floor":[360,370,382,382,382,382,414,432,509,523,54,2,29,47,47,47],"floor_reached":16,"playtime":572,"items_purged":[],"score":249,"play_id":"32083d54-c4c6-4a75-aeb8-d784d1cfab19","local_time":"20190203015036","is_ascension_mode":true,"campfire_choices":[{"data":"True Grit","floor":6.0,"key":"SMITH"},{"floor":15,"key":"REST"}],"neow_cost":"CURSE","seed_source_timestamp":317263335004324,"circlet_count":0,"master_deck":["AscendersBane","Strike_R","Strike_R","Strike_R","Strike_R","Strike_R","Defend_R","Defend_R","Defend_R","Defend_R","Bash","True Grit+1","Pommel Strike","Shrug It Off","Bash","Intimidate","Flame Barrier","Warcry","Burning Pact"],"special_seed":0,"relics":["Burning Blood","Mango","Singing Bowl","Membership Card","Juzu Bracelet","Sundial","Boot","Pear"],"potions_floor_usage":[13,13],"damage_taken":[{"damage":6.0,"enemies":"Cultist","floor":1.0,"turns":4.0},{"damage":0.0,"enemies":"2 Louse","floor":2.0,"turns":2.0},{"damage":3.0,"enemies":"Small Slimes","floor":3.0,"turns":3.0},{"damage":52.0,"enemies":"3 Sentries","floor":7.0,"turns":14.0},{"damage":5.0,"enemies":"2 Fungi Beasts","floor":8.0,"turns":5.0},{"damage":0,"enemies":"Exordium Wildlife","floor":10,"turns":3},{"damage":27,"enemies":"Gremlin Nob","floor":13,"turns":4},{"damage":10,"enemies":"3 Louse","floor":14,"turns":4},{"damage":48,"enemies":"Hexaghost","floor":16,"turns":9}],"seed_played":"-955724775383723952","potions_obtained":[{"floor":1.0,"key":"Fire Potion"},{"floor":7.0,"key":"Regen Potion"},{"floor":10,"key":"Poison Potion"}],"is_trial":false,"path_per_floor":["M","M","M","?","?","R","E","M","T","M","$","?","E","M","R","B"],"character_chosen":"IRONCLAD","items_purchased":["Membership Card","Juzu Bracelet","Warcry","Sundial"],"campfire_rested":1,"item_purchase_floors":[11,11,11,11],"current_hp_per_floor":[68,74,75,68,68,68,36,37,37,45,45,45,50,46,76,28],"gold":47,"neow_bonus":"TWO_FIFTY_GOLD","is_prod":false,"is_daily":false,"chose_seed":false,"campfire_upgraded":1,"win_rate":0,"timestamp":1549183836,"path_taken":["M","?","M","?","?","R","E","M","T","?","$","?","E","M","R","BOSS"],"build_version":"2019-01-23","purchased_purges":0,"victory":false,"max_hp_per_floor":[75,75,75,72,72,72,86,86,86,88,88,88,100,100,100,100],"card_choices":[{"not_picked":["Havoc","Clash"],"picked":"True Grit","floor":1.0},{"not_picked":["Iron Wave","Thunderclap"],"picked":"Pommel Strike","floor":2.0},{"not_picked":["Clothesline","Anger"],"picked":"Shrug It Off","floor":3.0},{"not_picked":["Cleave","Twin Strike"],"picked":"Flame Barrier","floor":7.0},{"not_picked":["Sever Soul","Dual Wield","Evolve"],"picked":"SKIP","floor":8.0},{"not_picked":["Whirlwind","Pommel Strike","Cleave"],"picked":"Singing Bowl","floor":10},{"not_picked":["Whirlwind","Warcry","Battle Trance"],"picked":"Singing Bowl","floor":13},{"not_picked":["Rage","Intimidate"],"picked":"Burning Pact","floor":14}],"player_experience":755101,"relics_obtained":[{"floor":7.0,"key":"Mango"},{"floor":9.0,"key":"Singing Bowl"},{"floor":13,"key":"Pear"}],"event_choices":[{"cards_removed":["Parasite"],"damage_healed":0.0,"max_hp_gain":0.0,"max_hp_loss":0.0,"gold_gain":0.0,"event_name":"Golden Wing","player_choice":"Card Removal","floor":4.0,"gold_loss":0.0,"damage_taken":7.0},{"damage_healed":0.0,"max_hp_gain":0.0,"max_hp_loss":0.0,"gold_gain":0.0,"event_name":"Match and Keep!","player_choice":"2 cards matched","floor":5.0,"gold_loss":0.0,"damage_taken":0.0,"cards_obtained":["Bash","Intimidate"]},{"damage_healed":0,"gold_gain":0,"player_choice":"Paid Gold","damage_taken":0,"relics_obtained":["Boot"],"max_hp_gain":0,"max_hp_loss":0,"event_name":"WeMeetAgain","floor":12,"gold_loss":52}],"is_beta":false,"boss_relics":[],"items_purged_floors":[],"is_endless":false,"potions_floor_spawned":[1,7,10],"killed_by":"Hexaghost","ascension_level":20}