{"gold_per_floor":[12,12,87,87,106,106,146,159,184,198,198,274,274,289,289,289],"floor_reached":16,"playtime":338,"items_purged":[],"score":105,"play_id":"9d20746d-253a-4627-b48e-b29190306b9a","local_time":"20180708002840","is_ascension_mode":true,"campfire_choices":[{"floor":6,"key":"REST"},{"floor":11,"key":"REST"},{"floor":15,"key":"REST"}],"neow_cost":"NO_GOLD","seed_source_timestamp":11014854829425,"circlet_count":0,"master_deck":["Strike_B","Strike_B","Strike_B+1","Strike_B","Defend_B+1","Defend_B","Defend_B+1","Defend_B","Zap","Dualcast+1","All For One","Melter","Redo","Conserve Battery","Echo Form","Normality","Gash"],"relics":["Cracked Core","Golden Idol","War Paint","Dream Catcher","Emotion Chip"],"potions_floor_usage":[16],"damage_taken":[{"damage":0,"enemies":"Small Slimes","floor":1,"turns":2},{"damage":7,"enemies":"2 Louse","floor":5,"turns":2},{"damage":23,"enemies":"Lagavulin","floor":7,"turns":6},{"damage":0,"enemies":"Cultist","floor":8,"turns":3},{"damage":2,"enemies":"Exordium Thugs","floor":10,"turns":4},{"damage":18,"enemies":"2 Fungi Beasts","floor":14,"turns":3},{"damage":52,"enemies":"Slime Boss","floor":16,"turns":10}],"seed_played":"1731782445701655434","potions_obtained":[{"floor":10,"key":"AttackPotion"},{"floor":14,"key":"SpeedPotion"}],"is_trial":false,"path_per_floor":["M","?","?","?","M","R","E","M","T","M","R","?","?","M","R"],"character_chosen":"DEFECT","items_purchased":[],"campfire_rested":3,"item_purchase_floors":[],"current_hp_per_floor":[75,57,46,31,24,46,23,23,23,21,43,43,43,25,47,0],"gold":289,"neow_bonus":"THREE_RARE_CARDS","is_prod":false,"is_daily":false,"chose_seed":false,"campfire_upgraded":0,"win_rate":0.0,"timestamp":1530973720,"path_taken":["M","?","?","?","M","R","E","?","T","M","R","?","?","M","R","BOSS"],"build_version":"2018-07-05","purchased_purges":0,"victory":false,"max_hp_per_floor":[75,75,75,75,75,75,75,75,75,75,75,75,75,75,75,75],"card_choices":[{"not_picked":["Machine Learning","Thunder Strike"],"picked":"All For One","floor":0},{"not_picked":["Hologram","Leap"],"picked":"Melter","floor":1},{"not_picked":["Doom and Gloom","Hologram"],"picked":"Redo","floor":5},{"not_picked":["Aggregate","Cold Snap"],"picked":"Conserve Battery","floor":7},{"not_picked":["Streamline","Redo","Compile Driver"],"picked":"SKIP","floor":8},{"not_picked":["Static Discharge","Coolheaded"],"picked":"Echo Form","floor":10},{"not_picked":["Blizzard","Sweeping Beam"],"picked":"Gash","floor":14}],"player_experience":362461,"relics_obtained":[{"floor":7,"key":"War Paint"},{"floor":9,"key":"Dream Catcher"}],"event_choices":[{"event_name":"Golden Idol","player_choice":"Take Damage","floor":2,"damage_taken":0},{"event_name":"World of Goop","player_choice":"Gather Gold","floor":3,"damage_taken":0},{"event_name":"Shining Light","player_choice":"Entered Light","floor":4,"damage_taken":0},{"event_name":"Golden Wing","player_choice":"Gained Gold","floor":12,"damage_taken":0},{"event_name":"Accursed Blacksmith","player_choice":"Rummage","floor":13,"damage_taken":0}],"boss_relics":[],"items_purged_floors":[],"is_endless":false,"potions_floor_spawned":[10,14],"killed_by":"Slime Boss","ascension_level":1}