{"gold_per_floor":[117,117,292,292,311,351,371,412,436,480,480,208,241,256,256,387,387,408,442,455,455,455,455,469,500,527,230,230,253,253,269,269,388,388,402,402,420,445,511,511],"floor_reached":40,"playtime":2226,"items_purged":["Doubt"],"score":703,"play_id":"415d19fd-095c-478f-bdee-02e32953d1a5","local_time":"20181216203207","is_ascension_mode":true,"campfire_choices":[{"data":"Perfected Strike","floor":11,"key":"SMITH"},{"data":"Perfected Strike","floor":15,"key":"SMITH"},{"data":"Evolve","floor":23,"key":"SMITH"},{"data":"Armaments","floor":28,"key":"SMITH"},{"data":"Fiend Fire","floor":32,"key":"SMITH"}],"neow_cost":"NONE","seed_source_timestamp":2580013130232303,"circlet_count":0,"master_deck":["Strike_R","Strike_R","Strike_R","Strike_R","Strike_R","Defend_R","Defend_R","Defend_R","Defend_R","Bash","Wild Strike","Evolve+1","Dropkick","Pommel Strike","Power Through","Perfected Strike+1","Fiend Fire+1","Power Through","Perfected Strike+1","Immolate","Pommel Strike","Twin Strike","Sentinel+1","Armaments+1","Brutality","Twin Strike","Wild Strike","Dropkick","Parasite","Decay","Injury","Armaments+1","Twin Strike","True Grit+1","Pommel Strike"],"relics":["Burning Blood","NeowsBlessing","Golden Idol","Blood Vial","Red Skull","Bag of Marbles","Smiling Mask","Pen Nib","Orichalcum","Eternal Feather","Red Mask","Enchiridion","Bag of Preparation","Oddly Smooth Stone","Bottled Lightning","Calling Bell","PreservedInsect","Gremlin Horn","Pocketwatch","Gambling Chip"],"potions_floor_usage":[8,16,20,25,33,33,35,38,38,39,40],"damage_taken":[{"damage":0,"enemies":"Small Slimes","floor":1,"turns":1},{"damage":0,"enemies":"2 Louse","floor":5,"turns":1},{"damage":0,"enemies":"Gremlin Nob","floor":6,"turns":1},{"damage":14,"enemies":"Jaw Worm","floor":7,"turns":3},{"damage":40,"enemies":"Lagavulin","floor":8,"turns":6},{"damage":8,"enemies":"Gremlin Nob","floor":10,"turns":4},{"damage":20,"enemies":"Lagavulin","floor":13,"turns":3},{"damage":0,"enemies":"Blue Slaver","floor":14,"turns":1},{"damage":11,"enemies":"The Guardian","floor":16,"turns":6},{"damage":0,"enemies":"Spheric Guardian","floor":18,"turns":2},{"damage":29,"enemies":"Masked Bandits","floor":19,"turns":6},{"damage":14,"enemies":"3 Byrds","floor":20,"turns":6},{"damage":0,"enemies":"Cultist and Chosen","floor":24,"turns":4},{"damage":19,"enemies":"Book of Stabbing","floor":25,"turns":3},{"damage":16,"enemies":"Sentry and Sphere","floor":29,"turns":5},{"damage":8,"enemies":"Centurion and Healer","floor":31,"turns":4},{"damage":57,"enemies":"Champ","floor":33,"turns":9},{"damage":20,"enemies":"3 Darklings","floor":35,"turns":5},{"damage":6,"enemies":"3 Shapes","floor":37,"turns":1},{"damage":28,"enemies":"Maw","floor":38,"turns":5},{"damage":64,"enemies":"2 Orb Walkers","floor":39,"turns":5},{"damage":23,"enemies":"Reptomancer","floor":40,"turns":2}],"seed_played":"532383856495528487","potions_obtained":[{"floor":1,"key":"Energy Potion"},{"floor":5,"key":"Dexterity Potion"},{"floor":14,"key":"Poison Potion"},{"floor":19,"key":"PowerPotion"},{"floor":20,"key":"GamblersBrew"},{"floor":24,"key":"SteroidPotion"},{"floor":31,"key":"EssenceOfSteel"},{"floor":33,"key":"FearPotion"},{"floor":35,"key":"EssenceOfSteel"},{"floor":37,"key":"Poison Potion"},{"floor":39,"key":"Ancient Potion"}],"is_trial":false,"path_per_floor":["M","?","?","?","M","E","M","E","T","E","R","$","E","M","R","B",null,"M","?","M","?","?","R","M","E","T","$","R","M","$","M","R","B",null,"M","?","M","M","?","E"],"character_chosen":"IRONCLAD","items_purchased":["Pen Nib","Fiend Fire","Bottled Lightning","Twin Strike"],"campfire_rested":0,"item_purchase_floors":[12,12,27,27],"current_hp_per_floor":[78,58,58,63,69,75,69,37,37,37,37,37,25,33,33,30,71,79,58,52,36,36,48,56,45,45,45,60,52,52,52,67,18,68,56,95,95,73,17,0],"gold":511,"neow_bonus":"THREE_ENEMY_KILL","is_prod":false,"is_daily":false,"chose_seed":false,"campfire_upgraded":5,"win_rate":0,"timestamp":1545013927,"path_taken":["M","?","?","?","M","E","?","E","T","E","R","$","E","M","R","BOSS","M","?","M","?","?","R","M","E","T","$","R","?","?","M","R","BOSS","M","?","?","M","?","E"],"build_version":"2018-12-13","purchased_purges":1,"victory":false,"max_hp_per_floor":[80,80,80,85,85,85,85,85,85,85,85,85,85,85,85,85,85,85,85,85,85,85,85,85,85,85,85,85,85,85,85,85,85,85,85,95,95,95,95,95],"card_choices":[{"not_picked":["Searing Blow","Shockwave"],"picked":"Wild Strike","floor":1},{"not_picked":["Dual Wield","Wild Strike"],"picked":"Evolve","floor":5},{"not_picked":["True Grit","Hemokinesis"],"picked":"Dropkick","floor":6},{"not_picked":["Body Slam","True Grit"],"picked":"Pommel Strike","floor":7},{"not_picked":["Shrug It Off","Evolve"],"picked":"Power Through","floor":8},{"not_picked":["Clash","Anger"],"picked":"Perfected Strike","floor":10},{"not_picked":["Havoc","Brutality"],"picked":"Power Through","floor":13},{"not_picked":["Flame Barrier","Clothesline"],"picked":"Perfected Strike","floor":14},{"not_picked":["Barricade","Limit Break"],"picked":"Immolate","floor":16},{"not_picked":["Ghostly Armor","Twin Strike"],"picked":"Pommel Strike","floor":18},{"not_picked":["Clothesline","Fire Breathing"],"picked":"Twin Strike","floor":19},{"not_picked":["Flex+1","Cleave"],"picked":"Sentinel+1","floor":20},{"not_picked":["Bloodletting","Clothesline+1"],"picked":"Armaments","floor":24},{"not_picked":["Anger","Headbutt"],"picked":"Brutality","floor":25},{"not_picked":["Armaments","Cleave+1"],"picked":"Wild Strike","floor":29},{"not_picked":["Warcry","Feel No Pain"],"picked":"Dropkick","floor":31},{"not_picked":["Offering","Limit Break"],"picked":"Immolate","floor":33},{"not_picked":["Twin Strike+1","Sever Soul+1"],"picked":"Armaments+1","floor":35},{"not_picked":["Ghostly Armor","Combust+1"],"picked":"Twin Strike","floor":37},{"not_picked":["Corruption+1","Clash"],"picked":"True Grit+1","floor":38},{"not_picked":["Iron Wave","True Grit"],"picked":"Pommel Strike","floor":39}],"player_experience":312683,"relics_obtained":[{"floor":6,"key":"Blood Vial"},{"floor":8,"key":"Red Skull"},{"floor":9,"key":"Bag of Marbles"},{"floor":10,"key":"Smiling Mask"},{"floor":13,"key":"Orichalcum"},{"floor":19,"key":"Red Mask"},{"floor":21,"key":"Enchiridion"},{"floor":25,"key":"Bag of Preparation"},{"floor":26,"key":"Oddly Smooth Stone"},{"floor":34,"key":"PreservedInsect"},{"floor":34,"key":"Gremlin Horn"},{"floor":34,"key":"Pocketwatch"},{"floor":39,"key":"Gambling Chip"}],"event_choices":[{"damage_healed":0,"gold_gain":0,"player_choice":"Take Damage","damage_taken":20,"relics_obtained":["Golden Idol"],"max_hp_gain":0,"max_hp_loss":0,"event_name":"Golden Idol","floor":2,"gold_loss":0},{"damage_healed":0,"gold_gain":175,"player_choice":"AGREE","damage_taken":0,"max_hp_gain":0,"max_hp_loss":0,"event_name":"Liars Game","floor":3,"gold_loss":0,"cards_obtained":["Doubt"]},{"damage_healed":0,"gold_gain":0,"player_choice":"Donut","damage_taken":0,"max_hp_gain":5,"max_hp_loss":0,"event_name":"Big Fish","floor":4,"gold_loss":0},{"damage_healed":0,"gold_gain":0,"player_choice":"Fought Bandits","damage_taken":0,"max_hp_gain":0,"max_hp_loss":0,"event_name":"Masked Bandits","floor":19,"gold_loss":0},{"damage_healed":0,"gold_gain":0,"player_choice":"Obtained Book","damage_taken":16,"max_hp_gain":0,"max_hp_loss":0,"event_name":"Cursed Tome","floor":21,"gold_loss":0},{"damage_healed":0,"gold_gain":0,"player_choice":"Ignored","damage_taken":0,"max_hp_gain":0,"max_hp_loss":0,"event_name":"Vampires","floor":22,"gold_loss":0},{"cards_removed":["Immolate"],"damage_healed":29,"gold_gain":0,"player_choice":"Offered Rare","damage_taken":0,"max_hp_gain":10,"max_hp_loss":0,"event_name":"Bonfire Elementals","floor":36,"gold_loss":0},{"damage_healed":0,"gold_gain":0,"player_choice":"Fight","damage_taken":0,"max_hp_gain":0,"max_hp_loss":0,"event_name":"Mysterious Sphere","floor":39,"gold_loss":0}],"is_beta":false,"boss_relics":[{"not_picked":["White Beast Statue","Snecko Eye"],"picked":"Eternal Feather"},{"not_picked":["Sozu","Empty Cage"],"picked":"Calling Bell"}],"items_purged_floors":[12],"is_endless":false,"potions_floor_spawned":[1,5,14,19,20,24,31,33,35,37,39],"killed_by":"Reptomancer","ascension_level":7}