{"gold_per_floor":[114,114,114,129,144,174,254,254,254,269,269,299,49,79,79,179,179,194,194,284,299,299,329,344,359,359,374,404,34,49,49,49,149,149,164,0,15,30,45,45,45,60,85,100,50,65,65,38,38,38],"floor_reached":51,"playtime":3200,"items_purged":["Strike_R","Mind Blast"],"score":784,"play_id":"7b3626a6-76e9-427f-b904-aa3e016c9ef0","local_time":"20180816090926","daily_mods":["Heirloom","Night Terrors","Terminal"],"is_ascension_mode":false,"campfire_choices":[{"data":"Feed","floor":8.0,"key":"SMITH"},{"data":"Inflame","floor":11.0,"key":"SMITH"},{"data":"Bash","floor":15.0,"key":"SMITH"},{"data":"Deep Breath","floor":32.0,"key":"SMITH"},{"data":"Forethought","floor":40.0,"key":"SMITH"},{"data":"Fiend Fire","floor":47,"key":"SMITH"},{"data":"Thunderclap","floor":49,"key":"SMITH"}],"neow_cost":"","seed_source_timestamp":0,"circlet_count":0,"master_deck":["Strike_R","Strike_R","Strike_R","Strike_R","Defend_R","Defend_R","Defend_R","Defend_R","Bash+1","Clash","Clash","Clash","Feed+1","Inflame+1","Fiend Fire+1","Havoc+1","RitualDagger","Forethought+1","Dark Shackles","Inflame+1","Pummel","Deep Breath+1","Warcry+1","Feel No Pain+1","Pommel Strike+1","Master of Strategy","Thunderclap+1"],"special_seed":17759,"relics":["Black Blood","Dead Branch","Orichalcum","Smiling Mask","Bottled Tornado","Singing Bowl","Unceasing Top","Meat on the Bone","Bottled Lightning","Oddly Smooth Stone","Happy Flower","Coffee Dripper","Red Mask","Art of War"],"potions_floor_usage":[50,50],"damage_taken":[{"damage":0.0,"enemies":"Jaw Worm","floor":1.0,"turns":4.0},{"damage":0.0,"enemies":"Cultist","floor":4.0,"turns":2.0},{"damage":0.0,"enemies":"2 Louse","floor":5.0,"turns":1.0},{"damage":6.0,"enemies":"3 Sentries","floor":6.0,"turns":8.0},{"damage":0.0,"enemies":"Exordium Wildlife","floor":10.0,"turns":4.0},{"damage":0.0,"enemies":"Gremlin Nob","floor":12.0,"turns":3.0},{"damage":7.0,"enemies":"Lagavulin","floor":14.0,"turns":3.0},{"damage":0.0,"enemies":"Slime Boss","floor":16.0,"turns":4.0},{"damage":0.0,"enemies":"Spheric Guardian","floor":18.0,"turns":3.0},{"damage":8.0,"enemies":"Shell Parasite","floor":21.0,"turns":3.0},{"damage":37.0,"enemies":"Gremlin Leader","floor":23.0,"turns":6.0},{"damage":10.0,"enemies":"Snake Plant","floor":24.0,"turns":3.0},{"damage":12.0,"enemies":"Centurion and Healer","floor":25.0,"turns":5.0},{"damage":0.0,"enemies":"Cultist and Chosen","floor":27.0,"turns":3.0},{"damage":20.0,"enemies":"Book of Stabbing","floor":28.0,"turns":4.0},{"damage":0.0,"enemies":"Snecko","floor":30.0,"turns":3.0},{"damage":32.0,"enemies":"Collector","floor":33.0,"turns":11.0},{"damage":44.0,"enemies":"3 Shapes","floor":35.0,"turns":4.0},{"damage":0.0,"enemies":"Orb Walker","floor":37.0,"turns":2.0},{"damage":20.0,"enemies":"Sphere and 2 Shapes","floor":38.0,"turns":4.0},{"damage":0.0,"enemies":"Transient","floor":39.0,"turns":5.0},{"damage":10,"enemies":"4 Shapes","floor":42,"turns":3},{"damage":0,"enemies":"Maw","floor":44,"turns":4},{"damage":0,"enemies":"Jaw Worm Horde","floor":46,"turns":3},{"damage":26,"enemies":"Donu and Deca","floor":50,"turns":6}],"seed_played":"-170879409254016175","potions_obtained":[{"floor":2.0,"key":"Poison Potion"},{"floor":2.0,"key":"Ancient Potion"},{"floor":2.0,"key":"GamblersBrew"},{"floor":4.0,"key":"Block Potion"},{"floor":6.0,"key":"AttackPotion"},{"floor":14.0,"key":"Explosive Potion"},{"floor":18.0,"key":"SteroidPotion"},{"floor":25.0,"key":"Dexterity Potion"},{"floor":27.0,"key":"Swift Potion"},{"floor":30.0,"key":"SmokeBomb"},{"floor":39.0,"key":"Poison Potion"},{"floor":42,"key":"Dexterity Potion"},{"floor":44,"key":"Weak Potion"}],"is_trial":false,"path_per_floor":["M","?","?","M","M","E","?","R","T","M","R","E","$","E","R","B",null,"M","?","?","M","?","E","M","M","T","M","E","$","M","$","R","B",null,"M","?","M","M","M","R","?","M","T","M","$","M","R","$","R","B"],"character_chosen":"IRONCLAD","items_purchased":["Singing Bowl","Deep Breath","Happy Flower","BloodPotion","Thunderclap"],"campfire_rested":0,"item_purchase_floors":[13,29,29,29,48],"current_hp_per_floor":[78,77,81,80,79,78,77,76,75,78,77,76,75,76,75,78,77,76,70,42,46,46,21,35,47,47,57,54,54,71,71,70,50,70,54,54,64,58,70,70,62,64,64,76,76,78,77,76,75,63],"gold":38,"neow_bonus":"","is_prod":false,"is_daily":true,"chose_seed":false,"campfire_upgraded":7,"win_rate":0.0,"timestamp":1534403366,"path_taken":["M","?","?","?","M","E","?","R","T","M","R","E","?","E","R","BOSS","M","?","?","M","?","E","M","M","T","M","E","?","?","$","R","BOSS","M","?","M","M","M","R","?","M","T","?","$","M","R","$","R","BOSS"],"build_version":"2018-08-15","purchased_purges":2,"victory":true,"max_hp_per_floor":[78,77,81,80,79,78,77,76,75,78,77,76,75,76,75,78,77,76,75,74,75,74,75,76,77,76,75,74,73,72,71,70,71,70,75,74,73,76,77,76,77,78,77,78,77,78,77,76,75,78],"card_choices":[{"not_picked":["Shrug It Off","Seeing Red"],"picked":"Clash","floor":1.0},{"not_picked":["Feel No Pain","Iron Wave"],"picked":"Clash","floor":4.0},{"not_picked":["Perfected Strike","Warcry"],"picked":"Clash","floor":5.0},{"not_picked":["Perfected Strike","Wild Strike"],"picked":"Feed","floor":6.0},{"not_picked":["Blood for Blood","Dual Wield"],"picked":"Inflame","floor":10.0},{"not_picked":["Entrench","Whirlwind","Body Slam"],"picked":"SKIP","floor":12.0},{"not_picked":["Cleave","Dual Wield","Perfected Strike"],"picked":"Singing Bowl","floor":14.0},{"not_picked":["Demon Form","Berserk"],"picked":"Fiend Fire","floor":16.0},{"not_picked":["Inflame","Headbutt"],"picked":"Havoc+1","floor":18.0},{"not_picked":["Body Slam","Anger+1","Shockwave"],"picked":"Singing Bowl","floor":21.0},{"not_picked":["Body Slam","Power Through+1","Twin Strike+1"],"picked":"Singing Bowl","floor":23.0},{"not_picked":["Shrug It Off","Sword Boomerang","Spot Weakness"],"picked":"Singing Bowl","floor":24.0},{"not_picked":["Body Slam","Flex","Searing Blow"],"picked":"Singing Bowl","floor":25.0},{"not_picked":["Impervious","Sword Boomerang"],"picked":"Inflame+1","floor":27.0},{"not_picked":["Havoc","True Grit"],"picked":"Pummel","floor":28.0},{"not_picked":["Clothesline+1","Headbutt+1"],"picked":"Warcry+1","floor":30.0},{"not_picked":["Juggernaut","Berserk","Double Tap"],"picked":"Singing Bowl","floor":33.0},{"not_picked":["Cleave","Corruption","Flex+1"],"picked":"Singing Bowl","floor":35.0},{"not_picked":["Flex","Thunderclap+1"],"picked":"Feel No Pain+1","floor":37.0},{"not_picked":["Heavy Blade+1","Spot Weakness+1"],"picked":"Pommel Strike+1","floor":38.0},{"not_picked":["Juggernaut","Power Through+1","Twin Strike+1"],"picked":"Singing Bowl","floor":39.0},{"not_picked":["Dark Shackles","Magnetism","Metamorphosis"],"picked":"Singing Bowl","floor":41},{"not_picked":["Transmutation","Secret Weapon"],"picked":"Mind Blast","floor":41},{"not_picked":["Apotheosis","Discovery"],"picked":"Master of Strategy","floor":41},{"not_picked":["Shrug It Off+1","Twin Strike+1","Havoc+1"],"picked":"Singing Bowl","floor":42},{"not_picked":["Flame Barrier+1","Perfected Strike","Entrench+1"],"picked":"Singing Bowl","floor":44},{"not_picked":["Sword Boomerang+1","True Grit","Headbutt+1"],"picked":"Singing Bowl","floor":46}],"player_experience":2040,"relics_obtained":[{"floor":6.0,"key":"Orichalcum"},{"floor":9.0,"key":"Smiling Mask"},{"floor":12.0,"key":"Bottled Tornado"},{"floor":14.0,"key":"Unceasing Top"},{"floor":23.0,"key":"Meat on the Bone"},{"floor":26.0,"key":"Bottled Lightning"},{"floor":28.0,"key":"Oddly Smooth Stone"},{"floor":43,"key":"Art of War"}],"event_choices":[{"event_name":"The Lab","player_choice":"Got Potions","floor":2.0,"damage_taken":0.0},{"event_name":"Big Fish","player_choice":"Donut","floor":3.0,"damage_taken":0.0},{"event_name":"Golden Wing","player_choice":"Gained Gold","floor":7.0,"damage_taken":0.0},{"event_name":"Nest","player_choice":"Joined the Cult","floor":19.0,"damage_taken":0.0},{"event_name":"Knowing Skull","player_choice":"CARD CARD GOLD ","floor":20.0,"damage_taken":0.0},{"event_name":"Vampires","player_choice":"Ignored","floor":22.0,"damage_taken":0.0},{"event_name":"Tomb of Lord Red Mask","player_choice":"Paid","floor":36.0,"damage_taken":0.0},{"event_name":"SensoryStone","player_choice":"Memory 3","floor":41,"damage_taken":0}],"is_beta":true,"boss_relics":[{"not_picked":["Mark of Pain","Orrery"],"picked":"Black Blood"},{"not_picked":["White Beast Statue","Velvet Choker"],"picked":"Coffee Dripper"}],"items_purged_floors":[29,45],"is_endless":false,"potions_floor_spawned":[4,6,14,18,25,27,30,39,42,44,46],"ascension_level":0}