{"gold_per_floor":[113,113,113,113,127,162,162,193,277,307,343,376,388,400,412,554,566,594,620,653,665,697,709,721],"floor_reached":24,"playtime":900,"items_purged":[],"score":382,"play_id":"c2dcef26-c232-4332-ad1a-8dcf4b51a05a","local_time":"20181216195023","is_ascension_mode":true,"campfire_choices":[{"data":"Armaments","floor":7,"key":"SMITH"},{"data":"Body Slam","floor":15,"key":"SMITH"},{"floor":23,"key":"REST"}],"neow_cost":"NONE","seed_source_timestamp":2578847842047431,"circlet_count":0,"master_deck":["Strike_R","Strike_R","Strike_R","Strike_R","Strike_R","Defend_R+1","Defend_R+1","Defend_R","Defend_R","Bash","Body Slam+1","True Grit","Armaments+1","Whirlwind","Twin Strike","Pommel Strike","Clash","Bludgeon","Body Slam+1","Flex+1","Dual Wield+1","Headbutt+1"],"relics":["Burning Blood","NeowsBlessing","Golden Idol","Anchor","War Paint","Matryoshka","MawBank","Bag of Preparation","The Courier","Mark of Pain","MutagenicStrength"],"potions_floor_usage":[8,11,16,16,16,19,22],"damage_taken":[{"damage":0,"enemies":"2 Louse","floor":1,"turns":2},{"damage":0,"enemies":"Jaw Worm","floor":5,"turns":1},{"damage":0,"enemies":"Gremlin Nob","floor":6,"turns":1},{"damage":11,"enemies":"3 Sentries","floor":8,"turns":10},{"damage":6,"enemies":"Cultist","floor":10,"turns":3},{"damage":0,"enemies":"Large Slime","floor":11,"turns":2},{"damage":0,"enemies":"3 Louse","floor":12,"turns":2},{"damage":0,"enemies":"Slime Boss","floor":16,"turns":3},{"damage":1,"enemies":"3 Byrds","floor":18,"turns":5},{"damage":11,"enemies":"2 Thieves","floor":19,"turns":3},{"damage":30,"enemies":"Centurion and Healer","floor":20,"turns":6},{"damage":39,"enemies":"Snake Plant","floor":22,"turns":4},{"damage":39,"enemies":"Gremlin Leader","floor":24,"turns":4}],"seed_played":"2733217993633088314","potions_obtained":[{"floor":6,"key":"PowerPotion"},{"floor":8,"key":"SteroidPotion"},{"floor":10,"key":"AttackPotion"},{"floor":12,"key":"EntropicBrew"},{"floor":19,"key":"SkillPotion"},{"floor":22,"key":"GamblersBrew"}],"is_trial":false,"path_per_floor":["M","?","?","?","M","E","R","E","T","M","M","M","?","?","R","B",null,"M","M","M","?","M","R","E"],"character_chosen":"IRONCLAD","items_purchased":[],"campfire_rested":1,"item_purchase_floors":[],"current_hp_per_floor":[78,58,51,51,57,63,63,58,58,58,64,70,80,77,77,77,77,77,72,48,48,15,38,0],"gold":721,"neow_bonus":"THREE_ENEMY_KILL","is_prod":false,"is_daily":false,"chose_seed":false,"campfire_upgraded":2,"win_rate":0,"timestamp":1545011423,"path_taken":["M","?","?","?","M","E","R","E","T","M","?","M","?","?","R","BOSS","M","M","M","?","M","R","E"],"build_version":"2018-12-13","purchased_purges":0,"victory":false,"max_hp_per_floor":[80,80,80,80,80,80,80,80,80,80,80,80,80,77,77,77,77,77,77,77,77,77,77,77],"card_choices":[{"not_picked":["Thunderclap","Warcry"],"picked":"Body Slam","floor":1},{"not_picked":["Combust","Clothesline"],"picked":"True Grit","floor":5},{"not_picked":["Heavy Blade","Burning Pact"],"picked":"Armaments","floor":6},{"not_picked":["Rage","Sever Soul"],"picked":"Whirlwind","floor":8},{"not_picked":["Blood for Blood","Immolate"],"picked":"Twin Strike","floor":10},{"not_picked":["Feel No Pain","Shrug It Off"],"picked":"Pommel Strike","floor":11},{"not_picked":["Heavy Blade","Shockwave"],"picked":"Clash","floor":12},{"not_picked":["Offering","Dark Embrace"],"picked":"Bludgeon","floor":16},{"not_picked":["Headbutt","Havoc"],"picked":"Body Slam+1","floor":18},{"not_picked":["Thunderclap","Anger"],"picked":"Flex+1","floor":19},{"not_picked":["Pummel","Reckless Charge"],"picked":"Dual Wield+1","floor":20},{"not_picked":["Hemokinesis+1","Havoc"],"picked":"Headbutt+1","floor":22}],"player_experience":311558,"relics_obtained":[{"floor":4,"key":"War Paint"},{"floor":6,"key":"Matryoshka"},{"floor":8,"key":"MawBank"},{"floor":9,"key":"Bag of Preparation"},{"floor":9,"key":"The Courier"}],"event_choices":[{"damage_healed":0,"gold_gain":0,"player_choice":"Take Damage","damage_taken":20,"relics_obtained":["Golden Idol"],"max_hp_gain":0,"max_hp_loss":0,"event_name":"Golden Idol","floor":2,"gold_loss":0},{"damage_healed":0,"gold_gain":0,"player_choice":"Success","damage_taken":7,"relics_obtained":["Anchor"],"max_hp_gain":0,"max_hp_loss":0,"event_name":"Scrap Ooze","floor":3,"gold_loss":0},{"damage_healed":0,"gold_gain":0,"player_choice":"Relic","damage_taken":0,"max_hp_gain":0,"max_hp_loss":0,"event_name":"Wheel of Change","floor":4,"gold_loss":0},{"damage_healed":20,"gold_gain":0,"player_choice":"Healed and dodged fight","damage_taken":0,"max_hp_gain":0,"max_hp_loss":0,"event_name":"Mushrooms","floor":13,"gold_loss":0,"cards_obtained":["Parasite"]},{"cards_removed":["Parasite"],"damage_healed":0,"gold_gain":0,"player_choice":"Forget","damage_taken":0,"max_hp_gain":0,"max_hp_loss":0,"event_name":"Living Wall","floor":14,"gold_loss":0},{"damage_healed":0,"gold_gain":0,"player_choice":"Inject Mutagens","damage_taken":0,"relics_obtained":["MutagenicStrength"],"max_hp_gain":0,"max_hp_loss":0,"event_name":"Drug Dealer","floor":21,"gold_loss":0}],"is_beta":false,"boss_relics":[{"not_picked":["Runic Pyramid","Philosopher\u0027s Stone"],"picked":"Mark of Pain"}],"items_purged_floors":[],"is_endless":false,"potions_floor_spawned":[6,8,10,12,19,22],"killed_by":"Gremlin Leader","ascension_level":7}