{"path_per_floor":["M","?","?","$","M","E","?","E","T","M","?","E","M","E","R","B",null,"M","$","M","?","M","R","E","R","T","E","M","R","M","?","R"],"character_chosen":"IRONCLAD","items_purchased":["Vajra","Spot Weakness"],"gold_per_floor":[109,109,69,69,89,119,119,151,200,217,217,285,306,347,347,476,476,494,202,227,227,246,246,286,286,286,324,345,345,363,278,278,278],"floor_reached":33,"campfire_rested":2,"playtime":1420,"current_hp_per_floor":[80,73,73,73,72,63,63,59,59,61,41,37,39,29,53,41,80,79,79,74,74,64,64,40,68,68,65,58,58,61,61,61,0],"items_purged":["Defend_R"],"gold":278,"score":369,"play_id":"de6ce463-5b17-4913-98d7-f73e9954dbdd","local_time":"20180401203643","is_prod":false,"is_daily":false,"is_ascension_mode":true,"campfire_upgraded":1,"timestamp":1522633003,"path_taken":["M","?","?","?","M","E","?","E","T","M","?","E","M","E","R","BOSS","M","$","M","?","M","R","E","R","T","E","M","R","M","?","R","BOSS"],"build_version":"2018-03-29v2","purchased_purges":1,"victory":false,"master_deck":["Strike_R","Strike_R","Strike_R","Defend_R","Defend_R","Defend_R","Bash","Inflame","Heavy Blade","Rampage","Offering","Whirlwind","Shrug It Off","Bloodletting","Rage","Feed","Heavy Blade+1","Spot Weakness","Disarm","Metallicize+1","Disarm","Double Tap","Disarm+1","Intimidate"],"max_hp_per_floor":[80,80,80,80,80,80,80,80,80,80,80,80,80,80,80,80,80,83,83,86,86,86,86,96,96,96,96,99,99,102,102,102,102],"relics":["Burning Blood","Art of War","Orichalcum","Darkstone Periapt","Anchor","Golden Idol","Tiny Chest","Centennial Puzzle","Black Star","Vajra","Strawberry","Bag of Preparation","Girya","Regal Pillow","Omamori","Lantern"],"card_choices":[{"not_picked":["Cleave","Bloodletting"],"picked":"Inflame","floor":1},{"not_picked":["Fire Breathing","Flame Barrier"],"picked":"Heavy Blade","floor":5},{"not_picked":["Warcry","Bloodletting"],"picked":"Rampage","floor":6},{"not_picked":["Anger","Armaments"],"picked":"Offering","floor":8},{"not_picked":["Armaments","Headbutt"],"picked":"Whirlwind","floor":10},{"not_picked":["Sever Soul","Perfected Strike"],"picked":"Shrug It Off","floor":12},{"not_picked":["Havoc","Clash"],"picked":"Bloodletting","floor":13},{"not_picked":["Exhume","Clothesline"],"picked":"Rage","floor":14},{"not_picked":["Impervious","Exhume"],"picked":"Feed","floor":16},{"not_picked":["Disarm","Entrench"],"picked":"Heavy Blade","floor":18},{"not_picked":["Uppercut","Rampage"],"picked":"Disarm","floor":20},{"not_picked":["Wild Strike","Heavy Blade"],"picked":"Disarm","floor":24},{"not_picked":["Shrug It Off","Reckless Charge"],"picked":"Double Tap","floor":27},{"not_picked":["Heavy Blade","Perfected Strike"],"picked":"Disarm","floor":28},{"not_picked":["Corruption","Spot Weakness"],"picked":"Intimidate","floor":30}],"player_experience":112897,"potions_floor_usage":[5,6,8,8,12,13,27],"damage_taken":[{"damage":0,"enemies":"Small Slimes","floor":1,"turns":3},{"damage":7,"enemies":"Jaw Worm","floor":5,"turns":2},{"damage":30,"enemies":"3 Sentries","floor":6,"turns":8},{"damage":16,"enemies":"Gremlin Nob","floor":8,"turns":4},{"damage":4,"enemies":"Cultist","floor":10,"turns":2},{"damage":10,"enemies":"Lagavulin","floor":12,"turns":4},{"damage":4,"enemies":"Lots of Slimes","floor":13,"turns":1},{"damage":16,"enemies":"Gremlin Nob","floor":14,"turns":4},{"damage":18,"enemies":"Slime Boss","floor":16,"turns":9},{"damage":10,"enemies":"Chosen","floor":18,"turns":4},{"damage":14,"enemies":"2 Thieves","floor":20,"turns":3},{"damage":16,"enemies":"Snecko","floor":22,"turns":5},{"damage":40,"enemies":"Slavers","floor":24,"turns":5},{"damage":9,"enemies":"Book of Stabbing","floor":27,"turns":5},{"damage":16,"enemies":"Centurion and Healer","floor":28,"turns":8},{"damage":6,"enemies":"Snake Plant","floor":30,"turns":5},{"damage":72,"enemies":"Champ","floor":33,"turns":9}],"event_choices":[{"event_name":"Golden Wing","player_choice":"Card Removal","floor":2,"damage_taken":0},{"event_name":"The Woman in Blue","player_choice":"Bought 3 Potions","floor":3,"damage_taken":0},{"event_name":"Living Wall","player_choice":"Forget","floor":7,"damage_taken":0},{"event_name":"Golden Idol","player_choice":"Take Damage","floor":11,"damage_taken":0},{"event_name":"The Library","player_choice":"Read","floor":21,"damage_taken":0},{"event_name":"Addict","player_choice":"Obtained Relic","floor":31,"damage_taken":0}],"boss_relics":[{"not_picked":["Runic Cube","Runic Pyramid"],"picked":"Black Star"}],"potions_floor_spawned":[5,6,8,20,22],"seed_played":"3551805099030390540","killed_by":"Champ","ascension_level":2,"is_trial":false}