{"gold_per_floor":[116,41,51,1,1,31,45,45,68,68,68,92,111,151,151,280,343,338,100,25,41,41,41,41],"floor_reached":24,"playtime":1052,"items_purged":["Dualcast"],"score":332,"play_id":"44897a93-da83-40e9-98a4-bf31c2b5ba70","local_time":"20190111132706","is_ascension_mode":true,"campfire_choices":[{"data":"Hologram","floor":15.0,"key":"SMITH"},{"data":"Defragment","floor":23,"key":"SMITH"}],"neow_cost":"NONE","seed_source_timestamp":0,"circlet_count":0,"master_deck":["Strike_B","Strike_B","Strike_B","Strike_B","Defend_B","Defend_B+1","Defend_B","Zap+1","Leap","Hologram","Biased Cognition","Capacitor","Gash","Defragment+1","Hologram+1","Echo Form","Lockon","Stack","BootSequence","Genetic Algorithm"],"special_seed":0,"relics":["Cracked Core","NeowsBlessing","DataDisk","Meat on the Bone","Dream Catcher","Golden Idol","Bag of Preparation","Tiny House","Bottled Tornado"],"potions_floor_usage":[18,24,24],"damage_taken":[{"damage":0.0,"enemies":"Cultist","floor":1.0,"turns":1.0},{"damage":0.0,"enemies":"Small Slimes","floor":3.0,"turns":1.0},{"damage":0.0,"enemies":"3 Sentries","floor":6.0,"turns":1.0},{"damage":2.0,"enemies":"2 Louse","floor":7.0,"turns":2.0},{"damage":8.0,"enemies":"Large Slime","floor":12.0,"turns":4.0},{"damage":0.0,"enemies":"Blue Slaver","floor":13.0,"turns":4.0},{"damage":23.0,"enemies":"Lagavulin","floor":14.0,"turns":7.0},{"damage":13.0,"enemies":"Slime Boss","floor":16.0,"turns":12.0},{"damage":26,"enemies":"2 Thieves","floor":18,"turns":4},{"damage":8,"enemies":"Spheric Guardian","floor":21,"turns":5},{"damage":50,"enemies":"Gremlin Leader","floor":24,"turns":4}],"seed_played":"2114670067743375930","potions_obtained":[{"floor":12.0,"key":"Energy Potion"},{"floor":13.0,"key":"SkillPotion"},{"floor":14.0,"key":"GamblersBrew"},{"floor":16.0,"key":"EssenceOfSteel"},{"floor":17.0,"key":"PowerPotion"}],"is_trial":false,"path_per_floor":["M","$","M","?","?","E","M","?","T","?","$","M","M","E","R","B",null,"M","$","$","M","$","R","E"],"character_chosen":"DEFECT","items_purchased":["Bottled Tornado","BootSequence"],"campfire_rested":0,"item_purchase_floors":[19,20],"current_hp_per_floor":[68,68,68,68,68,68,66,63,63,45,45,49,49,38,38,37,71,45,45,45,49,49,49,0],"gold":41,"neow_bonus":"THREE_ENEMY_KILL","is_prod":false,"is_daily":false,"chose_seed":false,"campfire_upgraded":2,"win_rate":0,"timestamp":1547234826,"path_taken":["M","$","M","?","?","E","?","?","T","?","?","M","M","E","R","BOSS","M","?","$","M","$","R","E"],"build_version":"2019-01-10","purchased_purges":1,"victory":false,"max_hp_per_floor":[75,75,75,75,75,75,75,75,75,75,75,75,75,75,75,75,80,80,80,80,80,80,80,80],"card_choices":[{"not_picked":["Barrage","Aggregate"],"picked":"Leap","floor":1.0},{"not_picked":["Turbo","Sunder"],"picked":"Hologram","floor":3.0},{"not_picked":["Barrage","Gash"],"picked":"Biased Cognition","floor":6.0},{"not_picked":["Tempest","Coolheaded"],"picked":"Capacitor","floor":7.0},{"not_picked":["Reinforced Body","Redo"],"picked":"Gash","floor":12.0},{"not_picked":["Double Energy","Coolheaded"],"picked":"Defragment","floor":13.0},{"not_picked":["Recycle","Sweeping Beam"],"picked":"Hologram","floor":14.0},{"not_picked":["Meteor Strike","All For One"],"picked":"Echo Form","floor":16.0},{"not_picked":["Barrage","Compile Driver"],"picked":"Lockon","floor":17.0},{"not_picked":["Recycle","Beam Cell"],"picked":"Stack","floor":18},{"not_picked":["Blizzard","Static Discharge"],"picked":"Genetic Algorithm","floor":21}],"player_experience":428490,"relics_obtained":[{"floor":6.0,"key":"DataDisk"},{"floor":9.0,"key":"Dream Catcher"},{"floor":14.0,"key":"Bag of Preparation"}],"event_choices":[{"cards_removed":["Defend_B"],"damage_healed":0.0,"max_hp_gain":0.0,"max_hp_loss":0.0,"gold_gain":0.0,"event_name":"The Cleric","player_choice":"Card Removal","floor":4.0,"gold_loss":50.0,"damage_taken":0.0},{"damage_healed":0.0,"max_hp_gain":0.0,"max_hp_loss":0.0,"gold_gain":0.0,"event_name":"Upgrade Shrine","player_choice":"Upgraded","floor":5.0,"gold_loss":0.0,"damage_taken":0.0,"cards_upgraded":["Zap"]},{"damage_healed":0.0,"max_hp_gain":0.0,"max_hp_loss":0.0,"gold_gain":0.0,"event_name":"Scrap Ooze","player_choice":"Success","floor":8.0,"gold_loss":0.0,"damage_taken":3.0,"relics_obtained":["Meat on the Bone"]},{"damage_healed":0.0,"max_hp_gain":0.0,"max_hp_loss":0.0,"gold_gain":0.0,"event_name":"Golden Idol","player_choice":"Take Damage","floor":10.0,"gold_loss":0.0,"damage_taken":18.0,"relics_obtained":["Golden Idol"]}],"is_beta":false,"boss_relics":[{"not_picked":["Lizard Tail","Runic Dome"],"picked":"Tiny House"}],"items_purged_floors":[2],"is_endless":false,"potions_floor_spawned":[12,13,14,16],"killed_by":"Gremlin Leader","ascension_level":9}