{"path_per_floor":["M","?","?","?","M","R","?","?","T","R","$","?","R","M","R"],"character_chosen":"DEFECT","items_purchased":["Meteor Strike"],"gold_per_floor":[119,119,119,119,133,133,133,159,159,159,8,8,8,22,22,22],"floor_reached":16,"campfire_rested":0,"playtime":306,"item_purchase_floors":[11],"current_hp_per_floor":[69,69,69,54,48,48,58,44,58,58,58,51,51,50,50,0],"items_purged":[],"gold":22,"score":111,"play_id":"aa1da754-0945-40c1-9de9-5ebfd99a3d2e","local_time":"20180603220436","is_prod":false,"is_daily":false,"chose_seed":false,"is_ascension_mode":false,"campfire_upgraded":4,"win_rate":0.0,"timestamp":1528027476,"campfire_choices":[{"data":"Capacitor","floor":6,"key":"SMITH"},{"data":"Dualcast","floor":10,"key":"SMITH"},{"data":"Meteor Strike","floor":13,"key":"SMITH"},{"data":"Turbo","floor":15,"key":"SMITH"}],"path_taken":["M","?","?","?","M","R","?","?","T","R","$","?","R","?","R","BOSS"],"build_version":"2018-05-31","seed_source_timestamp":36400872804929,"purchased_purges":0,"victory":false,"master_deck":["Strike_B+1","Strike_B","Strike_B","Defend_B","Defend_B+1","Defend_B","Defend_B","Zap+1","Dualcast+1","Reinforced Body","Regret","Capacitor+1","Rip and Tear","Meteor Strike+1","Turbo+1"],"max_hp_per_floor":[75,75,75,75,75,75,85,85,99,99,99,99,99,99,99,99],"relics":["Cracked Core","Happy Flower","Pear","Odd Mushroom","Mango"],"card_choices":[{"not_picked":["Coolheaded","Leap"],"picked":"Reinforced Body","floor":1},{"not_picked":["Barrage","Sweeping Beam"],"picked":"Capacitor","floor":5},{"not_picked":["Coolheaded","Steam"],"picked":"Rip and Tear","floor":8},{"not_picked":["Self Repair","Glacier"],"picked":"Turbo","floor":14}],"player_experience":300444,"potions_floor_usage":[16],"damage_taken":[{"damage":6,"enemies":"2 Louse","floor":1,"turns":2},{"damage":6,"enemies":"Jaw Worm","floor":5,"turns":2},{"damage":14,"enemies":"The Mushroom Lair","floor":8,"turns":5},{"damage":1,"enemies":"Small Slimes","floor":14,"turns":3},{"damage":53,"enemies":"Hexaghost","floor":16,"turns":11}],"relics_obtained":[{"floor":8,"key":"Odd Mushroom"},{"floor":9,"key":"Mango"}],"event_choices":[{"event_name":"Living Wall","player_choice":"Grow","floor":2,"damage_taken":0},{"event_name":"Big Fish","player_choice":"Box","floor":3,"damage_taken":0},{"event_name":"Shining Light","player_choice":"Entered Light","floor":4,"damage_taken":0},{"event_name":"Dead Adventurer","player_choice":"Searched \u00272\u0027 times","floor":7,"damage_taken":0},{"event_name":"Mushrooms","player_choice":"Fought Mushrooms","floor":8,"damage_taken":0},{"event_name":"Golden Wing","player_choice":"Card Removal","floor":12,"damage_taken":0}],"boss_relics":[],"items_purged_floors":[],"potions_floor_spawned":[5,8],"seed_played":"-2114154823867275584","killed_by":"Hexaghost","ascension_level":0,"potions_obtained":[{"floor":5,"key":"Weak Potion"},{"floor":8,"key":"SteroidPotion"}],"is_trial":false}