{"gold_per_floor":[112,128,139,56,56,56,100,64,64,64,91,122,122,38,38,38],"floor_reached":16,"playtime":1033,"items_purged":[],"score":207,"play_id":"10818178-fc32-4dbd-bae8-482af7366072","local_time":"20190124084407","is_ascension_mode":true,"campfire_choices":[{"data":"Bouncing Flask","floor":6.0,"key":"SMITH"},{"data":"Footwork","floor":13,"key":"SMITH"},{"data":"Footwork","floor":15,"key":"SMITH"}],"neow_cost":"NONE","seed_source_timestamp":0,"circlet_count":0,"master_deck":["AscendersBane","Defend_G+1","Defend_G","Defend_G","Defend_G","Defend_G","Strike_G","Strike_G","Strike_G","Strike_G","Strike_G","Survivor","Neutralize+1","Bouncing Flask+1","PiercingWail+1","Well Laid Plans","Footwork+1","Footwork+1"],"special_seed":0,"relics":["Ring of the Snake","Golden Idol","Blue Candle","Snake Skull","War Paint","Vajra"],"potions_floor_usage":[12,12],"damage_taken":[{"damage":0.0,"enemies":"Cultist","floor":1.0,"turns":4.0},{"damage":4.0,"enemies":"Jaw Worm","floor":2.0,"turns":4.0},{"damage":3.0,"enemies":"Small Slimes","floor":3.0,"turns":5.0},{"damage":13.0,"enemies":"Lagavulin","floor":7.0,"turns":6.0},{"damage":23,"enemies":"Gremlin Nob","floor":12,"turns":4},{"damage":43,"enemies":"Slime Boss","floor":16,"turns":13}],"seed_played":"248726082272295983","potions_obtained":[{"floor":1.0,"key":"SneckoOil"},{"floor":3.0,"key":"SkillPotion"},{"floor":7,"key":"Ancient Potion"}],"is_trial":false,"path_per_floor":["$","?","?","T","?","T","E","R","$","R","B"],"character_chosen":"THE_SILENT","items_purchased":["Well Laid Plans","Footwork"],"campfire_rested":0,"item_purchase_floors":[4,14],"current_hp_per_floor":[59,55,52,52,52,52,39,39,39,59,59,36,36,36,36,0],"gold":38,"neow_bonus":"UPGRADE_CARD","is_prod":false,"is_daily":false,"chose_seed":false,"campfire_upgraded":3,"win_rate":0,"timestamp":1548348247,"path_taken":["M","M","M","?","?","R","E","?","T","?","?","E","R","$","R","BOSS"],"build_version":"2019-01-23","purchased_purges":0,"victory":false,"max_hp_per_floor":[66,66,66,66,60,60,60,60,60,60,60,60,60,60,60,60],"card_choices":[{"not_picked":["Accuracy","Dagger Spray"],"picked":"Bouncing Flask","floor":1.0},{"not_picked":["Blade Dance","Acrobatics","Flechettes"],"picked":"SKIP","floor":2.0},{"not_picked":["Reflex","Deflect"],"picked":"PiercingWail","floor":3.0},{"not_picked":["Blade Dance","Flying Knee","Underhanded Strike"],"picked":"SKIP","floor":7},{"not_picked":["Sucker Punch","Quick Slash"],"picked":"Footwork","floor":12}],"player_experience":1741070,"relics_obtained":[{"floor":7,"key":"Blue Candle"},{"floor":9,"key":"Snake Skull"},{"floor":11,"key":"War Paint"},{"floor":12,"key":"Vajra"}],"event_choices":[{"damage_healed":0.0,"max_hp_gain":0.0,"max_hp_loss":6.0,"gold_gain":0.0,"event_name":"Golden Idol","player_choice":"Lose Max HP","floor":5.0,"gold_loss":0.0,"damage_taken":0.0,"relics_obtained":["Golden Idol"]},{"damage_healed":0,"gold_gain":0,"player_choice":"Left Gold","damage_taken":0,"max_hp_gain":0,"max_hp_loss":0,"event_name":"World of Goop","floor":8,"gold_loss":36},{"damage_healed":20,"gold_gain":0,"player_choice":"Banana","damage_taken":0,"max_hp_gain":0,"max_hp_loss":0,"event_name":"Big Fish","floor":10,"gold_loss":0}],"is_beta":false,"boss_relics":[],"items_purged_floors":[],"is_endless":false,"potions_floor_spawned":[1,3,7],"killed_by":"Slime Boss","ascension_level":19}