{"path_per_floor":["M","M","M","M","M","R","M","R","T","R","E","R","M","E","R","B",null,"M","M","$","M","?","R","E","R","T","M","M","$","?","E","R","B",null,"M","M","M","M","M","R","E","$","T","R","E","M","M","?","R","B"],"character_chosen":"IRONCLAD","items_purchased":["Happy Flower","Bandage Up","Metallicize","Lantern","Bag of Marbles"],"gold_per_floor":[110,129,144,158,175,175,193,193,193,193,225,225,239,267,267,365,365,380,391,316,329,329,329,360,360,435,452,465,146,178,207,207,303,303,318,330,344,363,378,378,410,0,52,52,85,105,116,116,116,116],"floor_reached":51,"campfire_rested":1,"playtime":5314,"item_purchase_floors":[],"current_hp_per_floor":[71,71,76,55,53,53,49,49,49,49,44,44,49,51,51,34,69,73,80,80,84,84,84,54,54,54,63,62,62,69,73,73,46,92,95,80,74,69,43,87,98,98,98,108,89,107,119,104,116,117],"items_purged":["Defend_R","Strike_R"],"gold":116,"score":1046,"play_id":"d25e4f36-7f30-4cd2-b8ce-7ee044332a6d","local_time":"20180529165235","is_prod":false,"is_daily":false,"chose_seed":false,"is_ascension_mode":true,"campfire_upgraded":10,"win_rate":0,"timestamp":1527637955,"campfire_choices":[{"data":"True Grit","floor":6.0,"key":"SMITH"},{"data":"Feel No Pain","floor":8.0,"key":"SMITH"},{"data":"Armaments","floor":10.0,"key":"SMITH"},{"data":"Bash","floor":12.0,"key":"SMITH"},{"data":"Twin Strike","floor":15.0,"key":"SMITH"},{"data":"Disarm","floor":23.0,"key":"SMITH"},{"data":"Intimidate","floor":25.0,"key":"SMITH"},{"data":"Limit Break","floor":32.0,"key":"SMITH"},{"floor":40.0,"key":"REST"},{"data":"Inflame","floor":44,"key":"SMITH"},{"data":"Disarm","floor":49,"key":"SMITH"}],"path_taken":["M","M","M","M","M","R","M","R","T","R","E","R","M","E","R","BOSS","M","M","$","M","?","R","E","R","T","?","?","$","?","E","R","BOSS","M","M","M","?","M","R","E","?","T","R","E","M","M","?","R","BOSS"],"build_version":"2018-05-24","seed_source_timestamp":0,"purchased_purges":2,"victory":true,"master_deck":["Strike_R","Defend_R+1","Defend_R+1","Defend_R","Bash+1","Twin Strike+1","Armaments+1","Pommel Strike","True Grit+1","Battle Trance","Feel No Pain+1","Intimidate+1","Immolate","Barricade+1","Feed+1","Evolve+1","Disarm+1","Inflame+1","Offering","Bandage Up","Metallicize","Disarm+1","Limit Break+1","True Grit+1","Clothesline+1","Shrug It Off","Reaper","Exhume","Madness","Madness"],"max_hp_per_floor":[80,80,80,80,80,80,80,80,80,80,80,80,80,80,80,80,80,80,84,84,88,88,88,99,99,99,103,103,103,107,107,107,107,107,111,111,115,115,115,115,115,115,115,115,115,115,119,119,119,119],"relics":["Burning Blood","War Paint","Ancient Tea Set","Vajra","Orichalcum","Astrolabe","Letter Opener","Strawberry","Mummified Hand","Happy Flower","Red Mask","Omamori","Eternal Feather","Darkstone Periapt","Lantern","Bag of Marbles","Pen Nib","Kunai"],"card_choices":[{"not_picked":["Evolve","Fire Breathing"],"picked":"Twin Strike","floor":1.0},{"not_picked":["Pummel","Power Through"],"picked":"Armaments","floor":2.0},{"not_picked":["Hemokinesis","Entrench"],"picked":"Pommel Strike","floor":3.0},{"not_picked":["Clash","Blood for Blood"],"picked":"True Grit","floor":4.0},{"not_picked":["Anger","Sword Boomerang"],"picked":"Battle Trance","floor":5.0},{"not_picked":["Flex","Power Through"],"picked":"Feel No Pain","floor":7.0},{"not_picked":["Havoc","Fire Breathing","Armaments"],"picked":"SKIP","floor":11.0},{"not_picked":["Wild Strike","Heavy Blade"],"picked":"Intimidate","floor":13.0},{"not_picked":["Fire Breathing","Combust","Sever Soul"],"picked":"SKIP","floor":14.0},{"not_picked":["Fiend Fire","Barricade"],"picked":"Immolate","floor":16.0},{"not_picked":["Thunderclap","Pommel Strike"],"picked":"Disarm","floor":18.0},{"not_picked":["Sentinel","Perfected Strike+1","Iron Wave"],"picked":"SKIP","floor":19.0},{"not_picked":["Evolve","Blood for Blood","True Grit"],"picked":"SKIP","floor":21.0},{"not_picked":["Sever Soul","Rupture","Fire Breathing+1"],"picked":"SKIP","floor":24.0},{"not_picked":["Body Slam","True Grit"],"picked":"Inflame","floor":27.0},{"not_picked":["Metallicize","Sword Boomerang+1"],"picked":"Offering","floor":28.0},{"not_picked":["Sword Boomerang","Intimidate+1"],"picked":"Disarm","floor":30.0},{"not_picked":["Double Tap","Twin Strike+1"],"picked":"Limit Break","floor":31.0},{"not_picked":["Ghostly Armor","Pommel Strike"],"picked":"True Grit+1","floor":35.0},{"not_picked":["Thunderclap+1","Flex+1"],"picked":"Clothesline+1","floor":36.0},{"not_picked":["Battle Trance+1","Headbutt","Havoc"],"picked":"SKIP","floor":37.0},{"not_picked":["Limit Break","True Grit+1"],"picked":"Shrug It Off","floor":38.0},{"not_picked":["Warcry+1","Sword Boomerang"],"picked":"Reaper","floor":39.0},{"not_picked":["Cleave","Anger"],"picked":"Exhume","floor":41},{"not_picked":["Ghostly Armor","Pommel Strike","Wild Strike"],"picked":"SKIP","floor":45},{"not_picked":["Warcry","Battle Trance","Corruption+1"],"picked":"SKIP","floor":46},{"not_picked":["Flex","Clothesline+1","Shockwave"],"picked":"SKIP","floor":47}],"player_experience":725038,"potions_floor_usage":[41,50,50],"damage_taken":[{"damage":7.0,"enemies":"Jaw Worm","floor":1.0,"turns":4.0},{"damage":6.0,"enemies":"Cultist","floor":2.0,"turns":3.0},{"damage":1.0,"enemies":"2 Louse","floor":3.0,"turns":3.0},{"damage":27.0,"enemies":"Lots of Slimes","floor":4.0,"turns":7.0},{"damage":8.0,"enemies":"3 Louse","floor":5.0,"turns":5.0},{"damage":10.0,"enemies":"Gremlin Gang","floor":7.0,"turns":5.0},{"damage":11.0,"enemies":"3 Sentries","floor":11.0,"turns":7.0},{"damage":1.0,"enemies":"Red Slaver","floor":13.0,"turns":4.0},{"damage":4.0,"enemies":"Lagavulin","floor":14.0,"turns":7.0},{"damage":23.0,"enemies":"Slime Boss","floor":16.0,"turns":10.0},{"damage":2.0,"enemies":"Chosen","floor":18.0,"turns":8.0},{"damage":3.0,"enemies":"Shell Parasite","floor":19.0,"turns":9.0},{"damage":6.0,"enemies":"Chosen and Byrds","floor":21.0,"turns":8.0},{"damage":47.0,"enemies":"Slavers","floor":24.0,"turns":7.0},{"damage":1.0,"enemies":"3 Cultists","floor":27.0,"turns":5.0},{"damage":7.0,"enemies":"Snake Plant","floor":28.0,"turns":4.0},{"damage":7.0,"enemies":"Masked Bandits","floor":30.0,"turns":4.0},{"damage":8.0,"enemies":"Gremlin Leader","floor":31.0,"turns":7.0},{"damage":37.0,"enemies":"Automaton","floor":33.0,"turns":8.0},{"damage":13.0,"enemies":"3 Shapes","floor":35.0,"turns":3.0},{"damage":25.0,"enemies":"3 Darklings","floor":36.0,"turns":5.0},{"damage":20.0,"enemies":"Sphere and 2 Shapes","floor":37.0,"turns":8.0},{"damage":17.0,"enemies":"Maw","floor":38.0,"turns":10.0},{"damage":36.0,"enemies":"3 Darklings","floor":39.0,"turns":6.0},{"damage":11,"enemies":"Nemesis","floor":41,"turns":9},{"damage":36,"enemies":"Giant Head","floor":45,"turns":9},{"damage":10,"enemies":"Sphere and 2 Shapes","floor":46,"turns":4},{"damage":4,"enemies":"4 Shapes","floor":47,"turns":4},{"damage":9,"enemies":"Time Eater","floor":50,"turns":11}],"relics_obtained":[{"floor":9.0,"key":"Ancient Tea Set"},{"floor":11.0,"key":"Vajra"},{"floor":14.0,"key":"Orichalcum"},{"floor":24.0,"key":"Strawberry"},{"floor":26.0,"key":"Mummified Hand"},{"floor":30.0,"key":"Red Mask"},{"floor":31.0,"key":"Omamori"},{"floor":41,"key":"Darkstone Periapt"},{"floor":43,"key":"Pen Nib"},{"floor":45,"key":"Kunai"}],"event_choices":[{"event_name":"Accursed Blacksmith","player_choice":"Rummage","floor":22.0,"damage_taken":0.0},{"event_name":"Masked Bandits","player_choice":"Fought over 146 gold","floor":30.0,"damage_taken":0.0},{"event_name":"Winding Halls","player_choice":"Embrace Madness","floor":48,"damage_taken":0}],"boss_relics":[],"items_purged_floors":[],"potions_floor_spawned":[2,3,4,13,14,19,24,28,31,35,37,39,46],"seed_played":"2749537830695221955","ascension_level":7,"potions_obtained":[{"floor":2.0,"key":"Weak Potion"},{"floor":3.0,"key":"Poison Potion"},{"floor":4.0,"key":"Energy Potion"},{"floor":13.0,"key":"Dexterity Potion"},{"floor":14.0,"key":"Explosive Potion"},{"floor":19.0,"key":"Dexterity Potion"},{"floor":24.0,"key":"Fire Potion"},{"floor":28.0,"key":"Strength Potion"},{"floor":31.0,"key":"Poison Potion"},{"floor":35.0,"key":"Poison Potion"},{"floor":37.0,"key":"SkillPotion"},{"floor":39.0,"key":"EssenceOfSteel"},{"floor":46,"key":"Energy Potion"}],"is_trial":false}