{"gold_per_floor":[216,229,229,154,111,146,146,20,67,67,67,95,95,95,95,95],"floor_reached":16,"playtime":556,"items_purged":[],"score":198,"play_id":"b8540a2c-2538-43cc-b0e9-05a621435fae","local_time":"20181212150812","is_ascension_mode":true,"campfire_choices":[{"data":"Whirlwind","floor":7,"key":"SMITH"},{"floor":11,"key":"REST"},{"data":"Inflame","floor":13,"key":"SMITH"},{"data":"Flame Barrier","floor":15,"key":"SMITH"}],"neow_cost":"NONE","seed_source_timestamp":31989586740873,"circlet_count":0,"master_deck":["AscendersBane","Strike_R","Strike_R","Strike_R","Strike_R+1","Defend_R+1","Defend_R","Defend_R","Defend_R+1","Bash","Flame Barrier+1","Whirlwind+1","Pommel Strike+1","Inflame+1","Flame Barrier+1","Thunderclap"],"relics":["Burning Blood","Toxic Egg 2","Juzu Bracelet","Regal Pillow","War Paint"],"potions_floor_usage":[6,12],"damage_taken":[{"damage":4,"enemies":"2 Louse","floor":1,"turns":3},{"damage":12,"enemies":"Small Slimes","floor":2,"turns":4},{"damage":33,"enemies":"3 Sentries","floor":6,"turns":8},{"damage":29,"enemies":"Lagavulin","floor":12,"turns":8},{"damage":28,"enemies":"The Guardian","floor":16,"turns":6}],"seed_played":"-7720373924122006296","potions_obtained":[{"floor":1,"key":"Explosive Potion"},{"floor":6,"key":"Block Potion"}],"is_trial":false,"path_per_floor":["M","M","?","?","$","E","R","$","T","?","R","E","R","?","R","B"],"character_chosen":"IRONCLAD","items_purchased":["Whirlwind","Inflame","Flame Barrier+1"],"campfire_rested":1,"item_purchase_floors":[5,8,8],"current_hp_per_floor":[70,64,64,64,64,37,37,37,37,14,51,28,28,28,28,0],"gold":95,"neow_bonus":"HUNDRED_GOLD","is_prod":false,"is_daily":false,"chose_seed":false,"campfire_upgraded":3,"win_rate":0,"timestamp":1544656092,"path_taken":["M","M","?","?","$","E","R","?","T","?","R","E","R","?","R","BOSS"],"build_version":"2018-12-06","purchased_purges":0,"victory":false,"max_hp_per_floor":[75,75,75,75,75,75,75,75,75,75,75,75,75,75,75,75],"card_choices":[{"not_picked":["Clash","Combust"],"picked":"Flame Barrier","floor":1},{"not_picked":["Heavy Blade","Rupture","Flex"],"picked":"SKIP","floor":2},{"not_picked":["Reckless Charge","Clash"],"picked":"Pommel Strike","floor":6},{"not_picked":["Brutality","Searing Blow"],"picked":"Thunderclap","floor":12}],"player_experience":1552935,"relics_obtained":[{"floor":6,"key":"Juzu Bracelet"},{"floor":9,"key":"Regal Pillow"},{"floor":12,"key":"War Paint"}],"event_choices":[{"damage_healed":0,"gold_gain":0,"player_choice":"Box","damage_taken":0,"relics_obtained":["Toxic Egg 2"],"max_hp_gain":0,"max_hp_loss":0,"event_name":"Big Fish","floor":3,"gold_loss":0,"cards_obtained":["Regret"]},{"cards_removed":["Regret"],"damage_healed":0,"gold_gain":0,"player_choice":"Card Removal","damage_taken":0,"max_hp_gain":0,"max_hp_loss":0,"event_name":"The Cleric","floor":4,"gold_loss":75},{"damage_healed":0,"gold_gain":0,"player_choice":"Entered Light","damage_taken":23,"max_hp_gain":0,"max_hp_loss":0,"event_name":"Shining Light","floor":10,"gold_loss":0,"cards_upgraded":["Pommel Strike","Strike_R"]},{"cards_removed":["Strike_R"],"damage_healed":0,"gold_gain":0,"player_choice":"Offered Basic","damage_taken":0,"max_hp_gain":0,"max_hp_loss":0,"event_name":"Bonfire Elementals","floor":14,"gold_loss":0}],"is_beta":false,"boss_relics":[],"items_purged_floors":[],"is_endless":false,"potions_floor_spawned":[1,6],"killed_by":"The Guardian","ascension_level":18}