{"gold_per_floor":[114,127,127,143,143,182,182,201,227,270,270,309,142,142,142,142],"floor_reached":16,"playtime":675,"items_purged":["Strike_R"],"score":142,"play_id":"5f649c5f-04fb-4185-8e45-b585c67c38e1","local_time":"20190130190424","is_ascension_mode":true,"campfire_choices":[{"floor":7.0,"key":"REST"},{"floor":11,"key":"REST"},{"data":"Bash","floor":15,"key":"SMITH"}],"neow_cost":"NONE","seed_source_timestamp":0,"circlet_count":0,"master_deck":["Strike_R","Strike_R","Strike_R","Defend_R","Defend_R","Defend_R","Defend_R","Bash+1","Pommel Strike","Disarm","Twin Strike","True Grit+1","Spot Weakness","Pummel","Shrug It Off","Evolve","Flame Barrier"],"special_seed":0,"relics":["Burning Blood","Bronze Scales","Golden Idol","Omamori","PreservedInsect","Dream Catcher","Smiling Mask"],"potions_floor_usage":[12,12,16],"damage_taken":[{"damage":11.0,"enemies":"2 Louse","floor":1.0,"turns":2.0},{"damage":7.0,"enemies":"Small Slimes","floor":2.0,"turns":4.0},{"damage":4.0,"enemies":"Cultist","floor":4.0,"turns":3.0},{"damage":34.0,"enemies":"Gremlin Nob","floor":6.0,"turns":4.0},{"damage":5.0,"enemies":"2 Fungi Beasts","floor":8.0,"turns":3.0},{"damage":31,"enemies":"Lagavulin","floor":10,"turns":7},{"damage":16,"enemies":"Gremlin Nob","floor":12,"turns":3},{"damage":48,"enemies":"Slime Boss","floor":16,"turns":9}],"seed_played":"2334981736225208848","potions_obtained":[{"floor":4.0,"key":"Explosive Potion"},{"floor":6.0,"key":"Swift Potion"},{"floor":10,"key":"AttackPotion"}],"is_trial":false,"path_per_floor":["M","M","?","M","?","E","R","M","T","E","R","E","$","?","R","B"],"character_chosen":"IRONCLAD","items_purchased":["Evolve","Flame Barrier"],"campfire_rested":2,"item_purchase_floors":[13,13],"current_hp_per_floor":[75,74,54,56,56,28,52,53,53,28,52,42,42,42,42,0],"gold":142,"neow_bonus":"RANDOM_COMMON_RELIC","is_prod":false,"is_daily":false,"chose_seed":false,"campfire_upgraded":1,"win_rate":0,"timestamp":1548842664,"path_taken":["M","M","?","M","?","E","R","?","T","E","R","E","$","?","R","BOSS"],"build_version":"2019-01-23","purchased_purges":1,"victory":false,"max_hp_per_floor":[80,80,80,80,80,80,80,80,80,80,80,80,80,80,80,80],"card_choices":[{"not_picked":["Twin Strike","Wild Strike"],"picked":"Pommel Strike","floor":1.0},{"not_picked":["Thunderclap","Fire Breathing"],"picked":"Disarm","floor":2.0},{"not_picked":["Combust","Bloodletting"],"picked":"Twin Strike","floor":4.0},{"not_picked":["Clothesline","Headbutt","Feel No Pain"],"picked":"SKIP","floor":6.0},{"not_picked":["Berserk","Sword Boomerang"],"picked":"True Grit","floor":8.0},{"not_picked":["Body Slam","Brutality"],"picked":"Spot Weakness","floor":10},{"not_picked":["Flex","Body Slam"],"picked":"Pummel","floor":11},{"not_picked":["Headbutt","Wild Strike"],"picked":"Shrug It Off","floor":12}],"player_experience":739616,"relics_obtained":[{"floor":6.0,"key":"Omamori"},{"floor":9,"key":"PreservedInsect"},{"floor":10,"key":"Dream Catcher"},{"floor":12,"key":"Smiling Mask"}],"event_choices":[{"damage_healed":0.0,"max_hp_gain":0.0,"max_hp_loss":0.0,"gold_gain":0.0,"event_name":"Golden Idol","player_choice":"Take Damage","floor":3.0,"gold_loss":0.0,"damage_taken":20.0,"relics_obtained":["Golden Idol"]},{"cards_removed":["Strike_R"],"damage_healed":0.0,"max_hp_gain":0.0,"max_hp_loss":0.0,"gold_gain":0.0,"event_name":"Bonfire Elementals","player_choice":"Offered Basic","floor":5.0,"gold_loss":0.0,"damage_taken":0.0},{"damage_healed":0,"gold_gain":0,"player_choice":"Grow","damage_taken":0,"max_hp_gain":0,"max_hp_loss":0,"event_name":"Living Wall","floor":14,"gold_loss":0,"cards_upgraded":["True Grit"]}],"is_beta":false,"boss_relics":[],"items_purged_floors":[13],"is_endless":false,"potions_floor_spawned":[4,6,10],"killed_by":"Slime Boss","ascension_level":4}