{"path_per_floor":["M","?","$","M","$","R","E","M","T","R","M","M","M","?","R","B",null,"M","M"],"character_chosen":"THE_SILENT","items_purchased":["Infinite Blades"],"gold_per_floor":[114,189,114,134,62,62,92,103,103,103,120,140,151,172,172,246,246,259,275,275],"floor_reached":20,"campfire_rested":1,"playtime":1049,"item_purchase_floors":[],"current_hp_per_floor":[59,48,48,48,48,48,48,46,46,46,46,38,38,16,35,6,51,33,17,0],"items_purged":["Strike_G"],"gold":275,"score":342,"play_id":"f088098e-d3c5-4203-b1d7-961f795b798c","local_time":"20180611110745","is_prod":false,"is_daily":false,"chose_seed":false,"is_ascension_mode":true,"campfire_upgraded":2,"win_rate":0,"timestamp":1528740465,"campfire_choices":[{"data":"Neutralize","floor":6.0,"key":"SMITH"},{"data":"Noxious Fumes","floor":10.0,"key":"SMITH"},{"floor":15,"key":"REST"}],"path_taken":["M","?","$","?","$","R","E","M","T","R","?","M","M","?","R","BOSS","M","M","M"],"build_version":"2018-06-07v3","seed_source_timestamp":1803779714177457,"purchased_purges":1,"victory":false,"master_deck":["Defend_G","Defend_G","Defend_G","Defend_G","Defend_G","Strike_G","Strike_G","Strike_G","Strike_G","Survivor","Neutralize+1","AscendersBane","Backflip","Backstab","Infinite Blades","Noxious Fumes+1","Dash","Dagger Spray","Backflip","Crippling Poison","A Thousand Cuts","Backstab"],"max_hp_per_floor":[66,66,66,66,66,66,66,66,66,66,66,66,66,66,66,66,66,66,66,66],"relics":["Ring of the Snake","NeowsBlessing","Unceasing Top","Dodecahedron","Odd Mushroom","Philosopher\u0027s Stone"],"card_choices":[{"not_picked":["PiercingWail","Eviscerate"],"picked":"Backflip","floor":1.0},{"not_picked":["Outmaneuver","Acrobatics"],"picked":"Backstab","floor":4.0},{"not_picked":["Masterful Stab","Acrobatics"],"picked":"Noxious Fumes","floor":7.0},{"not_picked":["Endless Agony","Backflip"],"picked":"Dash","floor":8.0},{"not_picked":["Prepared","Underhanded Strike","Masterful Stab"],"picked":"SKIP","floor":11},{"not_picked":["Poisoned Stab","Underhanded Strike"],"picked":"Dagger Spray","floor":12},{"not_picked":["PiercingWail","Noxious Fumes"],"picked":"Backflip","floor":13},{"not_picked":["Backflip","Dagger Spray"],"picked":"Crippling Poison","floor":14},{"not_picked":["Storm of Steel","Burst"],"picked":"A Thousand Cuts","floor":16},{"not_picked":["Prepared","Expertise","Riddle With Holes"],"picked":"SKIP","floor":18},{"not_picked":["Flying Knee+1","Quick Slash"],"picked":"Backstab","floor":19}],"player_experience":832673,"potions_floor_usage":[14,16,18],"damage_taken":[{"damage":0.0,"enemies":"Small Slimes","floor":1.0,"turns":2.0},{"damage":0.0,"enemies":"Jaw Worm","floor":4.0,"turns":1.0},{"damage":0.0,"enemies":"Gremlin Nob","floor":7.0,"turns":1.0},{"damage":2.0,"enemies":"Cultist","floor":8.0,"turns":4.0},{"damage":0,"enemies":"Gremlin Gang","floor":11,"turns":5},{"damage":8,"enemies":"2 Fungi Beasts","floor":12,"turns":4},{"damage":0,"enemies":"Blue Slaver","floor":13,"turns":4},{"damage":22,"floor":14,"turns":4},{"damage":29,"enemies":"The Guardian","floor":16,"turns":10},{"damage":18,"enemies":"2 Thieves","floor":18,"turns":4},{"damage":16,"enemies":"Spheric Guardian","floor":19,"turns":5},{"damage":25,"enemies":"Centurion and Healer","floor":20,"turns":2}],"relics_obtained":[{"floor":7.0,"key":"Unceasing Top"},{"floor":9.0,"key":"Dodecahedron"},{"floor":14,"key":"Odd Mushroom"}],"event_choices":[{"event_name":"World of Goop","player_choice":"Gather Gold","floor":2.0,"damage_taken":0.0},{"event_name":"Mushrooms","player_choice":"Fought Mushrooms","floor":14,"damage_taken":0}],"boss_relics":[{"not_picked":["White Beast Statue","Runic Pyramid"],"picked":"Philosopher\u0027s Stone"}],"items_purged_floors":[],"potions_floor_spawned":[4,8,11,12,16],"seed_played":"-3862241406945653473","killed_by":"Centurion and Healer","ascension_level":14,"potions_obtained":[{"floor":4.0,"key":"LiquidBronze"},{"floor":8.0,"key":"PowerPotion"},{"floor":16,"key":"SteroidPotion"}],"is_trial":false}