{"path_per_floor":["M","?","M","?","M","R","E","M","T","M","M","M"],"character_chosen":"DEFECT","items_purchased":[],"gold_per_floor":[114,64,74,74,89,89,123,137,160,171,187,203,203],"floor_reached":13,"campfire_rested":0,"playtime":448,"current_hp_per_floor":[74,74,74,74,70,70,46,39,39,36,15,8,0],"items_purged":[],"gold":203,"score":89,"play_id":"dac58f47-d6c0-407f-a14a-111e6becb0ef","local_time":"20180506123106","is_prod":false,"is_daily":false,"chose_seed":false,"is_ascension_mode":false,"campfire_upgraded":1,"timestamp":1525602666,"path_taken":["M","?","M","?","M","R","E","M","T","M","M","?","M"],"build_version":"2018-05-03","seed_source_timestamp":13162478709377,"purchased_purges":0,"victory":false,"master_deck":["Strike_B","Strike_B","Strike_B","Defend_B","Defend_B","Defend_B","Defend_B","Zap+1","Dualcast","Streamline","Coolheaded","Regret","Ball Lightning","Streamline","Capacitor","Streamline","Self Repair","White Noise"],"max_hp_per_floor":[75,75,75,75,75,75,75,75,75,75,75,75,75],"relics":["Cracked Core","Oddly Smooth Stone","Ancient Tea Set","Regal Pillow"],"card_choices":[{"not_picked":["Beam Cell","Conserve Battery"],"picked":"Streamline","floor":1},{"not_picked":["Cold Snap","Chill"],"picked":"Coolheaded","floor":3},{"not_picked":["Axe Kick","Go for the Eyes"],"picked":"Ball Lightning","floor":5},{"not_picked":["Skim","Seek"],"picked":"Streamline","floor":7},{"not_picked":["Buffer","Rebound"],"picked":"Capacitor","floor":8},{"not_picked":["Turbo","Beam Cell"],"picked":"Streamline","floor":10},{"not_picked":["Barrage","Auto Shields"],"picked":"Self Repair","floor":11},{"not_picked":["Auto Shields","Impulse"],"picked":"White Noise","floor":12}],"player_experience":29557,"potions_floor_usage":[],"damage_taken":[{"damage":1,"enemies":"Jaw Worm","floor":1,"turns":3},{"damage":0,"enemies":"Small Slimes","floor":3,"turns":3},{"damage":4,"enemies":"Cultist","floor":5,"turns":3},{"damage":24,"enemies":"3 Sentries","floor":7,"turns":8},{"damage":7,"enemies":"Blue Slaver","floor":8,"turns":2},{"damage":3,"enemies":"Exordium Wildlife","floor":10,"turns":3},{"damage":21,"enemies":"Exordium Thugs","floor":11,"turns":3},{"damage":14,"enemies":"Gremlin Gang","floor":12,"turns":4},{"damage":16,"enemies":"Red Slaver","floor":13,"turns":1}],"event_choices":[{"event_name":"The Cleric","player_choice":"Card Removal","floor":2,"damage_taken":0},{"event_name":"Big Fish","player_choice":"Box","floor":4,"damage_taken":0}],"boss_relics":[],"potions_floor_spawned":[5,7,8,10],"seed_played":"4572826309122202501","killed_by":"Red Slaver","ascension_level":0,"is_trial":false}