{"path_per_floor":["M","M","M","?","$","E","R","M","T","$","$","E","R","E","R","B",null,"M","$","?","M","?","R","E","?","T","R","E","?","M","?","R","B",null],"character_chosen":"IRONCLAD","items_purchased":["Inflame","Pummel","Uppercut"],"gold_per_floor":[116,135,147,147,73,101,101,112,139,63,63,93,93,122,122,217,217,233,119,42,59,59,59,85,0,0,0,32,32,45,144,144,247,247,247],"floor_reached":35,"campfire_rested":2,"playtime":2096,"item_purchase_floors":[],"current_hp_per_floor":[69,67,53,53,53,27,51,56,56,56,56,52,52,45,45,62,76,79,79,79,78,63,63,48,48,48,48,27,27,9,9,49,34,72,0],"items_purged":["Strike_R"],"gold":247,"score":614,"play_id":"4118e997-9882-4029-a57d-d76b228b0df2","local_time":"20180615142711","is_prod":false,"is_daily":false,"chose_seed":false,"is_ascension_mode":true,"campfire_upgraded":4,"win_rate":0,"timestamp":1529098031,"campfire_choices":[{"floor":7.0,"key":"REST"},{"data":"Pummel","floor":13.0,"key":"SMITH"},{"data":"Whirlwind","floor":15.0,"key":"SMITH"},{"data":"Uppercut","floor":23.0,"key":"SMITH"},{"data":"True Grit","floor":27.0,"key":"SMITH"},{"floor":32,"key":"REST"}],"path_taken":["M","M","M","?","$","E","R","M","T","?","$","E","R","E","R","BOSS","M","$","?","M","?","R","E","?","T","R","E","?","M","?","R","BOSS","M"],"build_version":"2018-06-14v2","seed_source_timestamp":0,"purchased_purges":1,"victory":false,"master_deck":["Bash+1","AscendersBane","Spot Weakness","Shrug It Off","Headbutt","Inflame","Shockwave","True Grit+1","Pummel+1","Whirlwind+1","Ghostly Armor","Double Tap","Sword Boomerang+1","Uppercut+1","J.A.X.","Evolve+1","Feed","Anger","Armaments","Flex","Flex","Fire Breathing","Headbutt","Sword Boomerang","Heavy Blade"],"max_hp_per_floor":[80,80,80,80,80,80,80,80,80,80,80,80,80,80,80,80,80,80,80,80,80,85,85,85,85,85,85,85,85,85,85,85,85,85,89],"special_seed":0,"relics":["Burning Blood","Art of War","Lantern","Juzu Bracelet","Pantograph","Mark of Pain","Omamori","Darkstone Periapt","Regal Pillow","Pandora\u0027s Box"],"card_choices":[{"not_picked":["Fire Breathing","Perfected Strike"],"picked":"Spot Weakness","floor":1.0},{"not_picked":["Corruption","Havoc"],"picked":"Shrug It Off","floor":2.0},{"not_picked":["Clash","Iron Wave"],"picked":"Headbutt","floor":3.0},{"not_picked":["Perfected Strike","Berserk"],"picked":"Shockwave","floor":6.0},{"not_picked":["Shrug It Off","Anger"],"picked":"True Grit","floor":8.0},{"not_picked":["Perfected Strike","Burning Pact"],"picked":"Whirlwind","floor":12.0},{"not_picked":["Inflame","Heavy Blade"],"picked":"Ghostly Armor","floor":14.0},{"not_picked":["Dark Embrace","Fiend Fire"],"picked":"Double Tap","floor":16.0},{"not_picked":["Iron Wave","Cleave"],"picked":"Sword Boomerang+1","floor":18.0},{"not_picked":["Twin Strike","Fire Breathing+1","Body Slam+1"],"picked":"SKIP","floor":21.0},{"not_picked":["Anger","Warcry+1"],"picked":"Evolve+1","floor":24.0},{"not_picked":["Anger","Shockwave","Bloodletting"],"picked":"SKIP","floor":28.0},{"not_picked":["True Grit","Flex","Heavy Blade"],"picked":"SKIP","floor":30},{"not_picked":["Juggernaut","Impervious"],"picked":"Feed","floor":33}],"player_experience":871690,"potions_floor_usage":[],"damage_taken":[{"damage":9.0,"enemies":"Jaw Worm","floor":1.0,"turns":5.0},{"damage":8.0,"enemies":"2 Louse","floor":2.0,"turns":3.0},{"damage":20.0,"enemies":"Cultist","floor":3.0,"turns":5.0},{"damage":32.0,"enemies":"3 Sentries","floor":6.0,"turns":8.0},{"damage":1.0,"enemies":"Exordium Thugs","floor":8.0,"turns":4.0},{"damage":10.0,"enemies":"Gremlin Nob","floor":12.0,"turns":3.0},{"damage":13.0,"enemies":"3 Sentries","floor":14.0,"turns":5.0},{"damage":14.0,"enemies":"Slime Boss","floor":16.0,"turns":10.0},{"damage":3.0,"enemies":"Shell Parasite","floor":18.0,"turns":3.0},{"damage":7.0,"enemies":"Chosen","floor":21.0,"turns":4.0},{"damage":21.0,"enemies":"Book of Stabbing","floor":24.0,"turns":4.0},{"damage":27.0,"enemies":"Gremlin Leader","floor":28.0,"turns":6.0},{"damage":24,"enemies":"Snake Plant","floor":30,"turns":3},{"damage":46,"enemies":"Champ","floor":33,"turns":9},{"damage":77,"enemies":"3 Shapes","floor":35,"turns":6}],"relics_obtained":[{"floor":6.0,"key":"Art of War"},{"floor":9.0,"key":"Lantern"},{"floor":12.0,"key":"Juzu Bracelet"},{"floor":14.0,"key":"Pantograph"},{"floor":24.0,"key":"Omamori"},{"floor":26.0,"key":"Darkstone Periapt"},{"floor":28.0,"key":"Regal Pillow"}],"event_choices":[{"event_name":"Living Wall","player_choice":"Grow","floor":4.0,"damage_taken":0.0},{"event_name":"Drug Dealer","player_choice":"Got JAXXED","floor":20.0,"damage_taken":0.0},{"event_name":"Forgotten Altar","player_choice":"Shed Blood","floor":22.0,"damage_taken":0.0},{"event_name":"Masked Bandits","player_choice":"Paid Bandits 85 gold","floor":25.0,"damage_taken":0.0},{"event_name":"Beggar","player_choice":"Ignored","floor":29.0,"damage_taken":0.0},{"event_name":"Nest","player_choice":"Stole From Cult","floor":31,"damage_taken":0}],"boss_relics":[{"not_picked":["Velvet Choker","Empty Cage"],"picked":"Mark of Pain"},{"not_picked":["Tiny House","Busted Crown"],"picked":"Pandora\u0027s Box"}],"items_purged_floors":[],"is_endless":false,"potions_floor_spawned":[1,2,3,18,21],"seed_played":"4118354688117305367","killed_by":"3 Shapes","ascension_level":10,"potions_obtained":[{"floor":1.0,"key":"Dexterity Potion"},{"floor":2.0,"key":"AttackPotion"},{"floor":3.0,"key":"SkillPotion"},{"floor":18.0,"key":"EssenceOfSteel"},{"floor":21.0,"key":"SkillPotion"}],"is_trial":false}