{"gold_per_floor":[117,127,127,142,162,197,197,197,274,274,344,344,360,373,373,446,446,459,459],"floor_reached":19,"playtime":610,"items_purged":[],"score":330,"play_id":"384935a0-66f2-4c8d-af5b-a72111983550","local_time":"20181008235724","is_ascension_mode":true,"campfire_choices":[{"data":"Thunderclap","floor":7,"key":"SMITH"},{"data":"Heavy Blade","floor":10,"key":"SMITH"},{"data":"Dark Embrace","floor":12,"key":"SMITH"},{"floor":15,"key":"REST"}],"neow_cost":"NONE","seed_source_timestamp":231606853579774,"circlet_count":0,"master_deck":["Strike_R","Strike_R","Strike_R","Strike_R","Defend_R","Defend_R","Defend_R","Defend_R","Bash+1","AscendersBane","Dark Embrace+1","Spot Weakness","Thunderclap+1","Heavy Blade+1","Battle Trance","Shrug It Off","Barricade+1","Entrench"],"relics":["Burning Blood","Mango","Frozen Egg 2","Bottled Flame","Velvet Choker"],"potions_floor_usage":[6,6],"damage_taken":[{"damage":13,"enemies":"Jaw Worm","floor":1,"turns":5},{"damage":11,"enemies":"2 Louse","floor":2,"turns":4},{"damage":6,"enemies":"Small Slimes","floor":4,"turns":4},{"damage":17,"enemies":"Looter","floor":5,"turns":3},{"damage":36,"enemies":"Lagavulin","floor":6,"turns":8},{"damage":5,"enemies":"2 Fungi Beasts","floor":13,"turns":4},{"damage":14,"enemies":"Exordium Thugs","floor":14,"turns":4},{"damage":37,"enemies":"The Guardian","floor":16,"turns":13},{"damage":48,"enemies":"Spheric Guardian","floor":18,"turns":9},{"damage":33,"enemies":"Chosen","floor":19,"turns":4}],"seed_played":"-6753229107912345519","potions_obtained":[{"floor":1,"key":"EssenceOfSteel"},{"floor":4,"key":"FearPotion"}],"is_trial":false,"path_per_floor":["M","M","?","M","M","E","R","?","T","R","T","R","M","M","R","B",null,"M"],"character_chosen":"IRONCLAD","items_purchased":[],"campfire_rested":1,"item_purchase_floors":[],"current_hp_per_floor":[61,56,56,56,45,29,29,22,22,22,22,22,23,15,41,10,69,27,0],"gold":459,"neow_bonus":"ONE_RANDOM_RARE_CARD","is_prod":false,"is_daily":false,"chose_seed":false,"campfire_upgraded":3,"win_rate":0,"timestamp":1539068244,"path_taken":["M","M","?","M","M","E","R","?","T","R","?","R","M","?","R","BOSS","M","?"],"build_version":"2018-10-04","purchased_purges":0,"victory":false,"max_hp_per_floor":[75,75,75,75,75,89,89,89,89,89,89,89,89,89,89,89,89,89,89],"card_choices":[{"not_picked":["Armaments","Iron Wave"],"picked":"Spot Weakness","floor":1},{"not_picked":["Dual Wield","Armaments"],"picked":"Thunderclap","floor":2},{"not_picked":["Armaments","Inflame","Flex"],"picked":"SKIP","floor":4},{"not_picked":["Armaments","Clash"],"picked":"Heavy Blade","floor":5},{"not_picked":["Sword Boomerang","Flex","Rupture"],"picked":"SKIP","floor":6},{"not_picked":["Brutality+1","Sever Soul"],"picked":"Battle Trance","floor":13},{"not_picked":["Clash","Body Slam"],"picked":"Shrug It Off","floor":14},{"not_picked":["Impervious","Berserk+1"],"picked":"Barricade+1","floor":16},{"not_picked":["True Grit","Inflame+1"],"picked":"Entrench","floor":18}],"player_experience":866956,"relics_obtained":[{"floor":6,"key":"Mango"},{"floor":9,"key":"Frozen Egg 2"},{"floor":11,"key":"Bottled Flame"}],"event_choices":[{"event_name":"Living Wall","player_choice":"Grow","floor":3,"damage_taken":0},{"event_name":"Golden Wing","player_choice":"Card Removal","floor":8,"damage_taken":0}],"is_beta":true,"boss_relics":[{"not_picked":["Runic Dome","Philosopher\u0027s Stone"],"picked":"Velvet Choker"}],"items_purged_floors":[],"is_endless":false,"potions_floor_spawned":[1,4,5],"killed_by":"Chosen","ascension_level":19}