{"gold_per_floor":[114,129,144,2,17,32,47,47,47,122,152,152,167,182,182,282,282,297,297,312,327,327],"floor_reached":22,"playtime":1788,"items_purged":[],"score":242,"play_id":"8ef58782-0561-4b98-9e30-317cc097adfc","local_time":"20180917210824","daily_mods":["Brewmaster","Uncertain Future","Hoarder"],"is_ascension_mode":false,"campfire_choices":[{"data":"Mind Blast","floor":12,"key":"SMITH"},{"floor":15,"key":"REST"}],"neow_cost":"","seed_source_timestamp":309369456910599,"circlet_count":0,"master_deck":["Defend_G","Defend_G","Defend_G","Defend_G","Defend_G","Strike_G","Strike_G","Strike_G","Strike_G","Strike_G","Survivor","Neutralize","Venomology","Venomology","Venomology","Venomology","Venomology","Venomology","Venomology","Venomology","Venomology","Venomology","Venomology","Venomology","Venomology","Venomology","Leg Sweep","Leg Sweep","Leg Sweep","Dash","Dash","Dash","Prepared","Prepared","Prepared","Mind Blast+1","Mind Blast","Mind Blast","Acrobatics","Acrobatics","Acrobatics","Calculated Gamble","Calculated Gamble","Calculated Gamble","Adrenaline","Adrenaline","Adrenaline"],"special_seed":17792,"relics":["Ring of the Snake","White Beast Statue","Snake Skull","Shuriken","HoveringKite"],"potions_floor_usage":[1,1,1,1,1,1,1,2,2,2,2,3,3,5,5,5,5,5,5,5,5,6,6,6,6,6,6,11,11,11,13,13,13,13,16,16,16,16,16,16,16,16,16,16,18,20,20,20,22,22,22],"damage_taken":[{"damage":2,"enemies":"Cultist","floor":1,"turns":5},{"damage":0,"enemies":"Small Slimes","floor":2,"turns":2},{"damage":0,"enemies":"Jaw Worm","floor":3,"turns":5},{"damage":13,"enemies":"Exordium Wildlife","floor":5,"turns":7},{"damage":0,"enemies":"Large Slime","floor":6,"turns":6},{"damage":0,"enemies":"Blue Slaver","floor":7,"turns":3},{"damage":8,"enemies":"Gremlin Nob","floor":11,"turns":3},{"damage":13,"enemies":"3 Louse","floor":13,"turns":3},{"damage":0,"enemies":"Large Slime","floor":14,"turns":1},{"damage":22,"enemies":"The Guardian","floor":16,"turns":12},{"damage":0,"enemies":"Shell Parasite","floor":18,"turns":1},{"damage":28,"enemies":"3 Byrds","floor":20,"turns":7},{"damage":7,"enemies":"Snake Plant","floor":21,"turns":3},{"damage":36,"enemies":"Chosen and Byrds","floor":22,"turns":6}],"seed_played":"-276946993801479710","potions_obtained":[{"floor":1,"key":"Explosive Potion"},{"floor":2,"key":"Swift Potion"},{"floor":3,"key":"Energy Potion"},{"floor":5,"key":"Explosive Potion"},{"floor":6,"key":"FearPotion"},{"floor":11,"key":"Dexterity Potion"},{"floor":13,"key":"EssenceOfSteel"},{"floor":14,"key":"EntropicBrew"},{"floor":16,"key":"Energy Potion"},{"floor":18,"key":"AttackPotion"},{"floor":21,"key":"FearPotion"}],"is_trial":false,"path_per_floor":["M","M","M","$","M","M","M","?","T","?","E","R","M","M","R","B",null,"M","?","M","M"],"character_chosen":"THE_SILENT","items_purchased":["Prepared","Mind Blast"],"campfire_rested":1,"item_purchase_floors":[4,4],"current_hp_per_floor":[68,68,68,68,61,61,61,61,61,50,42,42,29,29,50,28,70,70,70,42,35,0],"gold":327,"neow_bonus":"","is_prod":false,"is_daily":true,"chose_seed":false,"campfire_upgraded":1,"win_rate":0.0,"timestamp":1537236504,"path_taken":["M","M","?","$","M","M","M","?","T","?","E","R","M","M","R","BOSS","M","?","M","?","M"],"build_version":"2018-09-06","purchased_purges":0,"victory":false,"max_hp_per_floor":[70,70,70,70,70,70,70,70,70,70,70,70,70,70,70,70,70,70,70,70,70,70],"card_choices":[{"not_picked":["Calculated Gamble","Dodge and Roll"],"picked":"Leg Sweep","floor":1},{"not_picked":["Predator","Reflex"],"picked":"Dash","floor":2},{"not_picked":["Endless Agony","Cloak And Dagger","Backflip"],"picked":"SKIP","floor":3},{"not_picked":["Choke","Outmaneuver","Venomology"],"picked":"SKIP","floor":5},{"not_picked":["Dodge and Roll","Endless Agony"],"picked":"Acrobatics","floor":6},{"not_picked":["Deadly Poison","All Out Attack","Acrobatics"],"picked":"SKIP","floor":7},{"not_picked":["Envenom","Setup","Quick Slash"],"picked":"SKIP","floor":11},{"not_picked":["Blur","Flechettes","Deflect"],"picked":"SKIP","floor":13},{"not_picked":["Catalyst","Backflip","Footwork"],"picked":"SKIP","floor":14},{"not_picked":["Leg Sweep","Dagger Throw"],"picked":"Calculated Gamble","floor":18},{"not_picked":["Deadly Poison+1","Slice","Poisoned Stab"],"picked":"SKIP","floor":20},{"not_picked":["Underhanded Strike","Deflect"],"picked":"Adrenaline","floor":21}],"player_experience":28864,"relics_obtained":[{"floor":9,"key":"Snake Skull"},{"floor":11,"key":"Shuriken"}],"event_choices":[{"event_name":"The Cleric","player_choice":"Leave","floor":8,"damage_taken":0},{"event_name":"World of Goop","player_choice":"Gather Gold","floor":10,"damage_taken":0},{"event_name":"Purifier","player_choice":"One Purge","floor":19,"damage_taken":0}],"is_beta":false,"boss_relics":[{"not_picked":["Ectoplasm","Busted Crown"],"picked":"HoveringKite"}],"items_purged_floors":[],"is_endless":false,"potions_floor_spawned":[1,2,3,5,6,7,11,13,14,16,18,20,21],"killed_by":"Chosen and Byrds","ascension_level":0}