{"gold_per_floor":[110,285,298,313,313,345,345,375,375,451,451,466,485,18,18,116,116,136,36,53,53,128,128],"floor_reached":23,"playtime":1215,"items_purged":["Strike_R","Doubt"],"score":236,"play_id":"39e7837c-bc1d-4960-8e5c-70e03763c9f8","local_time":"20190207182521","is_ascension_mode":true,"campfire_choices":[{"data":"Flame Barrier","floor":7.0,"key":"SMITH"},{"data":"Spot Weakness","floor":11.0,"key":"SMITH"},{"data":"Whirlwind","floor":15.0,"key":"SMITH"}],"neow_cost":"NONE","seed_source_timestamp":0,"circlet_count":0,"master_deck":["Strike_R","Strike_R","Strike_R","Strike_R","Defend_R+1","Defend_R","Defend_R","Defend_R","Bash","Metallicize+1","Spot Weakness+1","Flame Barrier+1","Entrench+1","Whirlwind+1","Impervious+1","Ghostly Armor+1","Seeing Red+1"],"special_seed":0,"relics":["Burning Blood","NeowsBlessing","Pantograph","Tiny Chest","Mummified Hand","Toxic Egg 2","Matryoshka","Omamori","Runic Dome"],"potions_floor_usage":[23],"damage_taken":[{"damage":0.0,"enemies":"2 Louse","floor":1.0,"turns":1.0},{"damage":0.0,"enemies":"Small Slimes","floor":3.0,"turns":1.0},{"damage":0.0,"enemies":"Jaw Worm","floor":4.0,"turns":1.0},{"damage":23.0,"enemies":"3 Sentries","floor":6.0,"turns":11.0},{"damage":2.0,"enemies":"Looter","floor":12.0,"turns":5.0},{"damage":10.0,"enemies":"Lots of Slimes","floor":13.0,"turns":5.0},{"damage":71.0,"enemies":"Hexaghost","floor":16.0,"turns":10.0},{"damage":14,"enemies":"Spheric Guardian","floor":18,"turns":9},{"damage":12,"enemies":"3 Byrds","floor":20,"turns":4},{"damage":40,"enemies":"Gremlin Leader","floor":23,"turns":4}],"seed_played":"4221912386324037471","potions_obtained":[{"floor":1.0,"key":"LiquidBronze"},{"floor":6.0,"key":"Block Potion"},{"floor":13.0,"key":"SteroidPotion"},{"floor":16.0,"key":"Regen Potion"},{"floor":20,"key":"Swift Potion"}],"is_trial":false,"path_per_floor":["M","?","M","M","?","E","R","T","T","T","R","M","M","$","R","B",null,"M","$","M","$","?","E"],"character_chosen":"IRONCLAD","items_purchased":["Matryoshka","Omamori"],"campfire_rested":0,"item_purchase_floors":[14,14],"current_hp_per_floor":[80,80,80,80,64,47,47,47,47,47,47,51,47,47,47,7,62,54,54,48,48,40,0],"gold":128,"neow_bonus":"THREE_ENEMY_KILL","is_prod":false,"is_daily":false,"chose_seed":false,"campfire_upgraded":3,"win_rate":0,"timestamp":1549531521,"path_taken":["M","?","M","M","?","E","R","?","T","?","R","M","M","$","R","BOSS","M","$","?","?","?","E"],"build_version":"2019-01-23","purchased_purges":2,"victory":false,"max_hp_per_floor":[80,80,80,80,80,80,80,80,80,80,80,80,80,80,80,80,80,80,80,80,80,80,80],"card_choices":[{"not_picked":["Fire Breathing","Flex"],"picked":"Metallicize","floor":1.0},{"not_picked":["Corruption","Twin Strike"],"picked":"Spot Weakness","floor":3.0},{"not_picked":["Infernal Blade","Thunderclap"],"picked":"Flame Barrier","floor":4.0},{"not_picked":["Havoc","Sever Soul","Cleave"],"picked":"SKIP","floor":6.0},{"not_picked":["Headbutt","Clash"],"picked":"Entrench+1","floor":12.0},{"not_picked":["Blood for Blood","Anger"],"picked":"Whirlwind","floor":13.0},{"not_picked":["Double Tap+1","Immolate"],"picked":"Impervious+1","floor":16.0},{"not_picked":["Sever Soul","Perfected Strike+1"],"picked":"Ghostly Armor+1","floor":18},{"not_picked":["Flex+1","Headbutt+1"],"picked":"Seeing Red+1","floor":20}],"player_experience":825532,"relics_obtained":[{"floor":6.0,"key":"Pantograph"},{"floor":8.0,"key":"Tiny Chest"},{"floor":9.0,"key":"Mummified Hand"},{"floor":10.0,"key":"Toxic Egg 2"}],"event_choices":[{"damage_healed":0.0,"max_hp_gain":0.0,"max_hp_loss":0.0,"gold_gain":175.0,"event_name":"Liars Game","player_choice":"AGREE","floor":2.0,"gold_loss":0.0,"damage_taken":0.0,"cards_obtained":["Doubt"]},{"damage_healed":0.0,"max_hp_gain":0.0,"max_hp_loss":0.0,"gold_gain":0.0,"event_name":"Shining Light","player_choice":"Entered Light","floor":5.0,"gold_loss":0.0,"damage_taken":16.0,"cards_upgraded":["Defend_R","Metallicize"]},{"damage_healed":0,"gold_gain":75,"player_choice":"Touch","damage_taken":8,"max_hp_gain":0,"max_hp_loss":0,"event_name":"FaceTrader","floor":22,"gold_loss":0}],"is_beta":false,"boss_relics":[{"not_picked":["Black Star","Lizard Tail"],"picked":"Runic Dome"}],"items_purged_floors":[14,19],"is_endless":false,"potions_floor_spawned":[1,6,13,16,20],"killed_by":"Gremlin Leader","ascension_level":5}