{"gold_per_floor":[116,127,139,139,139,139,139,156,156,186,186,214,28,48,48,48],"floor_reached":16,"playtime":474,"items_purged":["Strike_B"],"score":215,"play_id":"78446a34-ca46-433d-961a-ad83c6f3e5f5","local_time":"20190116095745","is_ascension_mode":true,"campfire_choices":[{"floor":7,"key":"REST"},{"floor":11,"key":"REST"},{"floor":15,"key":"REST"}],"neow_cost":"NONE","seed_source_timestamp":612626861063451,"circlet_count":0,"master_deck":["AscendersBane","Strike_B+1","Strike_B+1","Defend_B","Defend_B","Defend_B","Defend_B","Zap+1","Dualcast","Lockon+1","Ball Lightning","Conserve Battery+1","Ball Lightning","Genetic Algorithm","Buffer","Coolheaded","Go for the Eyes","Ball Lightning"],"relics":["Cracked Core","Boot","Whetstone","Cables","Shovel"],"potions_floor_usage":[10,14,14,16],"damage_taken":[{"damage":1,"enemies":"Cultist","floor":1,"turns":4},{"damage":5,"enemies":"2 Louse","floor":2,"turns":2},{"damage":8,"enemies":"Small Slimes","floor":3,"turns":3},{"damage":20,"enemies":"Exordium Thugs","floor":8,"turns":3},{"damage":11,"enemies":"Gremlin Nob","floor":10,"turns":3},{"damage":5,"enemies":"3 Sentries","floor":12,"turns":5},{"damage":15,"enemies":"Exordium Wildlife","floor":14,"turns":3},{"damage":43,"enemies":"Slime Boss","floor":16,"turns":6}],"seed_played":"-377271608527898910","potions_obtained":[{"floor":1,"key":"Weak Potion"},{"floor":3,"key":"Explosive Potion"},{"floor":10,"key":"GamblersBrew"},{"floor":12,"key":"Regen Potion"},{"floor":14,"key":"AttackPotion"}],"is_trial":false,"path_per_floor":["M","M","M","?","?","?","R","M","T","E","R","E","$","M","R","B"],"character_chosen":"DEFECT","items_purchased":["Coolheaded","Go for the Eyes"],"campfire_rested":3,"item_purchase_floors":[13,13],"current_hp_per_floor":[63,58,50,43,22,22,43,23,23,12,33,28,28,22,43,0],"gold":48,"neow_bonus":"RANDOM_COMMON_RELIC","is_prod":false,"is_daily":false,"chose_seed":false,"campfire_upgraded":0,"win_rate":0,"timestamp":1547661465,"path_taken":["M","?","M","?","?","?","R","M","T","E","R","E","$","?","R","BOSS"],"build_version":"2019-01-10","purchased_purges":1,"victory":false,"max_hp_per_floor":[71,71,71,71,71,71,71,71,71,71,71,71,71,71,71,71],"card_choices":[{"not_picked":["Darkness","Recycle"],"picked":"Lockon","floor":1},{"not_picked":["Compile Driver","Leap"],"picked":"Ball Lightning","floor":2},{"not_picked":["Darkness","Melter"],"picked":"Conserve Battery","floor":3},{"not_picked":["Redo","Reprogram"],"picked":"Ball Lightning","floor":8},{"not_picked":["Rebound","Stack"],"picked":"Genetic Algorithm","floor":10},{"not_picked":["Streamline","Conserve Battery"],"picked":"Buffer","floor":12},{"not_picked":["Self Repair","Leap"],"picked":"Ball Lightning","floor":14}],"player_experience":1699657,"relics_obtained":[{"floor":9,"key":"Whetstone"},{"floor":10,"key":"Cables"},{"floor":12,"key":"Shovel"}],"event_choices":[{"cards_removed":["Strike_B"],"damage_healed":0,"gold_gain":0,"player_choice":"Card Removal","damage_taken":7,"max_hp_gain":0,"max_hp_loss":0,"event_name":"Golden Wing","floor":4,"gold_loss":0},{"damage_healed":0,"gold_gain":0,"player_choice":"Entered Light","damage_taken":21,"max_hp_gain":0,"max_hp_loss":0,"event_name":"Shining Light","floor":5,"gold_loss":0,"cards_upgraded":["Strike_B","Conserve Battery"]},{"damage_healed":0,"gold_gain":0,"player_choice":"Upgraded","damage_taken":0,"max_hp_gain":0,"max_hp_loss":0,"event_name":"Upgrade Shrine","floor":6,"gold_loss":0,"cards_upgraded":["Zap"]}],"is_beta":false,"boss_relics":[],"items_purged_floors":[13],"is_endless":false,"potions_floor_spawned":[1,3,10,12,14],"killed_by":"Slime Boss","ascension_level":19}