{"gold_per_floor":[114,114,114,125,140,140,154,171,171,171,181,181,210,226,226,304,304,323,248,262,272,45,45,45,45,45,62,80,80,80,106,106,179,179,197,215,215,87,0,0,0,0,0,0,0,332,332,342,342,342],"floor_reached":51,"playtime":2445,"items_purged":["Strike_G"],"score":1382,"play_id":"d945f656-de4a-4bff-b7bd-5e7103361d45","local_time":"20181209103926","is_ascension_mode":true,"campfire_choices":[{"data":"Neutralize","floor":6.0,"key":"SMITH"},{"data":"Sucker Punch","floor":10.0,"key":"SMITH"},{"floor":12.0,"key":"REST"},{"data":"Footwork","floor":15.0,"key":"SMITH"},{"floor":24,"key":"REST"},{"floor":29,"key":"REST"},{"data":"Cloak And Dagger","floor":32,"key":"SMITH"},{"data":"Noxious Fumes","floor":40,"key":"SMITH"},{"data":"Cloak And Dagger","floor":44,"key":"SMITH"},{"data":"Accuracy","floor":47,"key":"SMITH"},{"floor":49,"key":"REST"}],"neow_cost":"NONE","seed_source_timestamp":0,"circlet_count":0,"master_deck":["AscendersBane","Defend_G","Defend_G","Defend_G","Defend_G","Defend_G","Strike_G","Strike_G","Survivor","Neutralize+1","Blur","Quick Slash","Choke","Dash+1","Sucker Punch+1","Footwork+1","Cloak And Dagger+1","Accuracy+1","After Image","Infinite Blades","Necronomicurse","Noxious Fumes+1","Panache","Cloak And Dagger+1","Neutralize","Adrenaline"],"special_seed":0,"relics":["Ring of the Snake","Ninja Scroll","FossilizedHelix","Gambling Chip","Busted Crown","ClockworkSouvenir","Necronomicon","Pocketwatch","Happy Flower","Cursed Key","Red Mask","Old Coin"],"potions_floor_usage":[16,16,33,33,50,50],"damage_taken":[{"damage":0.0,"enemies":"Small Slimes","floor":1.0,"turns":5.0},{"damage":3.0,"enemies":"2 Louse","floor":4.0,"turns":4.0},{"damage":0.0,"enemies":"Cultist","floor":5.0,"turns":2.0},{"damage":2.0,"enemies":"Blue Slaver","floor":7.0,"turns":3.0},{"damage":20.0,"enemies":"Large Slime","floor":8.0,"turns":5.0},{"damage":4.0,"enemies":"3 Louse","floor":11.0,"turns":4.0},{"damage":6.0,"enemies":"3 Sentries","floor":13.0,"turns":10.0},{"damage":0.0,"enemies":"Lots of Slimes","floor":14.0,"turns":3.0},{"damage":39,"enemies":"Hexaghost","floor":16,"turns":19},{"damage":9,"enemies":"Chosen","floor":18,"turns":6},{"damage":6,"enemies":"2 Thieves","floor":20,"turns":4},{"damage":0,"enemies":"Chosen and Byrds","floor":21,"turns":8},{"damage":0,"enemies":"Snake Plant","floor":27,"turns":5},{"damage":0,"enemies":"Snecko","floor":28,"turns":2},{"damage":10,"enemies":"Slavers","floor":31,"turns":7},{"damage":0,"enemies":"Automaton","floor":33,"turns":13},{"damage":0,"enemies":"Orb Walker","floor":35,"turns":2},{"damage":0,"enemies":"3 Shapes","floor":36,"turns":6},{"damage":0,"enemies":"Nemesis","floor":46,"turns":7},{"damage":35,"enemies":"Transient","floor":48,"turns":6},{"damage":26,"enemies":"Donu and Deca","floor":50,"turns":9}],"seed_played":"856359119525035912","potions_obtained":[{"floor":7.0,"key":"SpeedPotion"},{"floor":11.0,"key":"GhostInAJar"},{"floor":16,"key":"GhostInAJar"},{"floor":28,"key":"PowerPotion"},{"floor":33,"key":"Weak Potion"},{"floor":46,"key":"Strength Potion"}],"is_trial":false,"path_per_floor":["M","?","?","M","M","R","M","M","T","R","M","R","E","M","R","B",null,"M","?","M","M","$","?","R","?","T","M","M","R","?","E","R","B",null,"M","M","?","$","?","R","T","?","T","R","?","E","R","M","R","B",null],"character_chosen":"THE_SILENT","items_purchased":["ClockworkSouvenir","Cloak And Dagger"],"campfire_rested":4,"item_purchase_floors":[22,38],"current_hp_per_floor":[59,59,59,56,56,56,54,34,34,34,30,49,43,43,43,4,51,42,42,36,36,36,15,34,34,34,34,34,53,66,56,56,56,64,64,64,59,59,59,59,59,59,59,59,59,59,59,24,42,16],"gold":342,"neow_bonus":"TRANSFORM_CARD","is_prod":false,"is_daily":false,"chose_seed":false,"campfire_upgraded":7,"win_rate":0,"timestamp":1544380766,"path_taken":["M","?","?","M","M","R","M","M","T","R","M","R","E","?","R","BOSS","M","?","M","M","$","?","R","?","T","?","M","R","?","E","R","BOSS","M","?","?","$","?","R","?","?","T","R","?","E","R","M","R","BOSS"],"build_version":"2018-12-06","purchased_purges":1,"victory":true,"max_hp_per_floor":[66,66,66,66,66,66,66,66,66,66,66,66,66,66,66,66,66,66,66,66,66,66,66,66,66,66,66,66,66,66,66,66,66,66,66,66,66,66,66,66,66,63,63,63,63,63,63,63,63,63],"card_choices":[{"not_picked":["Deflect","Prepared"],"picked":"Quick Slash","floor":1.0},{"not_picked":["Deflect","Acrobatics"],"picked":"Dash","floor":4.0},{"not_picked":["Poisoned Stab","Blade Dance","Finisher"],"picked":"SKIP","floor":5.0},{"not_picked":["Acrobatics","Eviscerate"],"picked":"Sucker Punch","floor":7.0},{"not_picked":["Masterful Stab","Blade Dance"],"picked":"Footwork","floor":8.0},{"not_picked":["Outmaneuver","Prepared"],"picked":"Cloak And Dagger","floor":11.0},{"not_picked":["Catalyst","Dagger Throw"],"picked":"Accuracy","floor":13.0},{"not_picked":["Backflip","All Out Attack"],"picked":"Crippling Poison","floor":14.0},{"not_picked":["Storm of Steel","Tools of the Trade"],"picked":"After Image","floor":16},{"not_picked":["Sucker Punch"],"picked":"SKIP","floor":18},{"not_picked":[],"picked":"Infinite Blades","floor":20},{"not_picked":["Dagger Throw"],"picked":"SKIP","floor":21},{"not_picked":["Flechettes"],"picked":"SKIP","floor":27},{"not_picked":["Deflect"],"picked":"SKIP","floor":28},{"not_picked":["Slice"],"picked":"SKIP","floor":31},{"not_picked":[],"picked":"Noxious Fumes","floor":35},{"not_picked":["Bane"],"picked":"SKIP","floor":36},{"not_picked":[],"picked":"Panache","floor":37},{"not_picked":["Slice"],"picked":"SKIP","floor":46},{"not_picked":["Dodge and Roll+1"],"picked":"SKIP","floor":48}],"player_experience":966129,"relics_obtained":[{"floor":9.0,"key":"FossilizedHelix"},{"floor":13.0,"key":"Gambling Chip"},{"floor":23,"key":"Necronomicon"},{"floor":26,"key":"Pocketwatch"},{"floor":31,"key":"Happy Flower"},{"floor":46,"key":"Old Coin"}],"event_choices":[{"damage_healed":0.0,"max_hp_gain":0.0,"max_hp_loss":0.0,"gold_gain":0.0,"event_name":"Big Fish","player_choice":"Box","floor":2.0,"gold_loss":0.0,"damage_taken":0.0,"relics_obtained":["Ninja Scroll"],"cards_obtained":["Regret"]},{"damage_healed":0.0,"max_hp_gain":0.0,"max_hp_loss":0.0,"gold_gain":0.0,"cards_transformed":["Strike_G"],"event_name":"Transmorgrifier","player_choice":"Transformed","floor":3.0,"gold_loss":0.0,"damage_taken":0.0,"cards_obtained":["Choke"]},{"cards_removed":["Regret"],"damage_healed":0,"gold_gain":0,"player_choice":"Gave Gold","damage_taken":0,"max_hp_gain":0,"max_hp_loss":0,"event_name":"Beggar","floor":19,"gold_loss":75},{"damage_healed":0,"gold_gain":0,"player_choice":"Obtained Book","damage_taken":21,"max_hp_gain":0,"max_hp_loss":0,"event_name":"Cursed Tome","floor":23,"gold_loss":0},{"damage_healed":0,"gold_gain":0,"player_choice":"Upgraded","damage_taken":0,"max_hp_gain":0,"max_hp_loss":0,"event_name":"Upgrade Shrine","floor":25,"gold_loss":0,"cards_upgraded":["Dash"]},{"cards_removed":["Crippling Poison"],"damage_healed":13,"gold_gain":0,"player_choice":"Offered Uncommon","damage_taken":0,"max_hp_gain":0,"max_hp_loss":0,"event_name":"Bonfire Elementals","floor":30,"gold_loss":0},{"damage_healed":0,"gold_gain":0,"player_choice":"Memory 2","damage_taken":5,"max_hp_gain":0,"max_hp_loss":0,"event_name":"SensoryStone","floor":37,"gold_loss":0},{"damage_healed":0,"gold_gain":0,"player_choice":"Paid","damage_taken":0,"relics_obtained":["Red Mask"],"max_hp_gain":0,"max_hp_loss":0,"event_name":"Tomb of Lord Red Mask","floor":39,"gold_loss":87},{"damage_healed":0,"gold_gain":0,"player_choice":"Max HP","damage_taken":0,"max_hp_gain":0,"max_hp_loss":3,"event_name":"Winding Halls","floor":42,"gold_loss":0},{"damage_healed":0,"gold_gain":0,"player_choice":"2 cards matched","damage_taken":0,"max_hp_gain":0,"max_hp_loss":0,"event_name":"Match and Keep!","floor":45,"gold_loss":0,"cards_obtained":["Neutralize","Adrenaline"]}],"is_beta":true,"boss_relics":[{"not_picked":["Velvet Choker","Coffee Dripper"],"picked":"Busted Crown"},{"not_picked":["Tiny House","Astrolabe"],"picked":"Cursed Key"}],"items_purged_floors":[38],"is_endless":false,"potions_floor_spawned":[7,11,14,16,28,33,46],"ascension_level":17}