{"gold_per_floor":[113,21,35,35,35,68,68,104,104,104,379,379,393,39,39,137,137,152,20,20,70,93,93,93],"floor_reached":24,"playtime":616,"items_purged":["Regret"],"score":450,"play_id":"600ffeec-82bf-4498-918f-ba82bd133835","local_time":"20181208200027","is_ascension_mode":true,"campfire_choices":[{"data":"Shrug It Off","floor":7,"key":"SMITH"},{"floor":10,"key":"REST"},{"data":"Pommel Strike","floor":12,"key":"SMITH"},{"data":"Inflame","floor":15,"key":"SMITH"},{"floor":23,"key":"REST"}],"neow_cost":"NONE","seed_source_timestamp":110070273850834,"circlet_count":0,"master_deck":["AscendersBane","Strike_R","Strike_R","Strike_R","Strike_R","Strike_R","Defend_R","Defend_R","Defend_R","Defend_R","Bash","Twin Strike","Shrug It Off+1","Seeing Red","Carnage","True Grit+1","Pommel Strike+1","Regret","Havoc+1","Armaments+1","Inflame+1","Limit Break+1","Headbutt","Metallicize","True Grit+1","Writhe"],"relics":["Burning Blood","NeowsBlessing","Golden Idol","FossilizedHelix","Toxic Egg 2","Torii","Nunchaku","Art of War","Runic Pyramid","Sundial"],"potions_floor_usage":[16,16,18],"damage_taken":[{"damage":0,"enemies":"2 Louse","floor":1,"turns":1},{"damage":0,"enemies":"Cultist","floor":3,"turns":1},{"damage":0,"enemies":"Lagavulin","floor":6,"turns":1},{"damage":41,"enemies":"Gremlin Nob","floor":8,"turns":5},{"damage":0,"enemies":"Jaw Worm","floor":13,"turns":3},{"damage":34,"enemies":"The Guardian","floor":16,"turns":11},{"damage":36,"enemies":"3 Byrds","floor":18,"turns":7},{"damage":21,"enemies":"Shell Parasite","floor":22,"turns":7},{"damage":38,"enemies":"Slavers","floor":24,"turns":3}],"seed_played":"7477049131351150573","potions_obtained":[{"floor":6,"key":"LiquidBronze"},{"floor":8,"key":"LiquidBronze"},{"floor":16,"key":"EssenceOfSteel"}],"is_trial":false,"path_per_floor":["M","$","M","?","?","E","R","E","T","R","?","R","M","$","R","B",null,"M","$","?","?","M","R","E"],"character_chosen":"IRONCLAD","items_purchased":["Shrug It Off","Seeing Red","Armaments+1","Art of War","Inflame","Metallicize","True Grit+1"],"campfire_rested":2,"item_purchase_floors":[2,2,14,14,14,19,19],"current_hp_per_floor":[74,74,75,68,68,68,68,33,33,53,53,53,59,59,59,31,59,29,29,29,29,14,34,0],"gold":93,"neow_bonus":"THREE_ENEMY_KILL","is_prod":false,"is_daily":false,"chose_seed":false,"campfire_upgraded":3,"win_rate":0,"timestamp":1544324427,"path_taken":["M","$","M","?","?","E","R","E","T","R","?","R","?","$","R","BOSS","M","$","?","?","M","R","E"],"build_version":"2018-12-06","purchased_purges":1,"victory":false,"max_hp_per_floor":[75,75,75,68,68,68,68,68,68,68,68,68,68,68,68,68,68,68,68,68,68,68,68,68],"card_choices":[{"not_picked":["Clash","Iron Wave"],"picked":"Twin Strike","floor":1},{"not_picked":["Wild Strike","Headbutt"],"picked":"Carnage","floor":3},{"not_picked":["Battle Trance","Evolve"],"picked":"True Grit","floor":6},{"not_picked":["Brutality","Hemokinesis"],"picked":"Pommel Strike","floor":8},{"not_picked":["Headbutt","Flex+1"],"picked":"Havoc+1","floor":13},{"not_picked":["Berserk","Feed"],"picked":"Limit Break+1","floor":16},{"not_picked":["Combust","Flame Barrier+1"],"picked":"Headbutt","floor":18},{"not_picked":["Flex+1","Pommel Strike","Power Through+1"],"picked":"SKIP","floor":22}],"player_experience":548406,"relics_obtained":[{"floor":6,"key":"Toxic Egg 2"},{"floor":8,"key":"Torii"},{"floor":9,"key":"Nunchaku"}],"event_choices":[{"damage_healed":0,"gold_gain":0,"player_choice":"Lose Max HP","damage_taken":0,"relics_obtained":["Golden Idol"],"max_hp_gain":0,"max_hp_loss":7,"event_name":"Golden Idol","floor":4,"gold_loss":0},{"damage_healed":0,"gold_gain":0,"player_choice":"Box","damage_taken":0,"relics_obtained":["FossilizedHelix"],"max_hp_gain":0,"max_hp_loss":0,"event_name":"Big Fish","floor":5,"gold_loss":0,"cards_obtained":["Regret"]},{"damage_healed":0,"gold_gain":275,"player_choice":"Desecrate","damage_taken":0,"max_hp_gain":0,"max_hp_loss":0,"event_name":"Golden Shrine","floor":11,"gold_loss":0,"cards_obtained":["Regret"]},{"damage_healed":0,"gold_gain":0,"player_choice":"Opened","damage_taken":0,"relics_obtained":["Sundial"],"max_hp_gain":0,"max_hp_loss":0,"event_name":"The Mausoleum","floor":20,"gold_loss":0,"cards_obtained":["Writhe"]},{"damage_healed":0,"gold_gain":50,"player_choice":"Stole From Cult","damage_taken":0,"max_hp_gain":0,"max_hp_loss":0,"event_name":"Nest","floor":21,"gold_loss":0}],"is_beta":false,"boss_relics":[{"not_picked":["Sozu","Tiny House"],"picked":"Runic Pyramid"}],"items_purged_floors":[14],"is_endless":false,"potions_floor_spawned":[6,8,16],"killed_by":"Slavers","ascension_level":20}