{"gold_per_floor":[113,113,113,113,113,113,147,163,163,163,163,184,219,233,233,233],"floor_reached":16,"playtime":553,"items_purged":[],"score":216,"play_id":"f03b32c0-bd56-49d5-b148-3a4be026ed01","local_time":"20190126135937","is_ascension_mode":true,"campfire_choices":[{"floor":6.0,"key":"REST"},{"data":"Infernal Blade","floor":10.0,"key":"SMITH"},{"floor":15.0,"key":"REST"}],"neow_cost":"NONE","seed_source_timestamp":0,"circlet_count":0,"master_deck":["AscendersBane","Strike_R","Strike_R","Strike_R","Strike_R","Defend_R","Defend_R","Defend_R+1","Defend_R+1","Bash","Infernal Blade+1","Corruption","Sever Soul","Feed","Havoc","Burning Pact","Sentinel"],"special_seed":0,"relics":["Burning Blood","Golden Idol","Letter Opener","War Paint","Kunai","Sundial","Bottled Lightning"],"potions_floor_usage":[],"damage_taken":[{"damage":12.0,"enemies":"Jaw Worm","floor":1.0,"turns":2.0},{"damage":11.0,"enemies":"Gremlin Nob","floor":7.0,"turns":3.0},{"damage":0.0,"enemies":"2 Louse","floor":8.0,"turns":2.0},{"damage":4.0,"enemies":"Cultist","floor":12.0,"turns":4.0},{"damage":15.0,"enemies":"3 Sentries","floor":13.0,"turns":8.0},{"damage":13.0,"enemies":"Red Slaver","floor":14.0,"turns":4.0},{"damage":0,"enemies":"Slime Boss","floor":16,"turns":3}],"seed_played":"2271613571514075120","potions_obtained":[{"floor":1.0,"key":"SteroidPotion"},{"floor":12.0,"key":"Fire Potion"}],"is_trial":false,"path_per_floor":["M","?","?","?","T","R","E","M","T","R","$","M","E","M","R","B"],"character_chosen":"IRONCLAD","items_purchased":[],"campfire_rested":2,"item_purchase_floors":[],"current_hp_per_floor":[62,62,62,27,27,47,42,51,51,51,51,53,47,40,62,62],"gold":233,"neow_bonus":"THREE_CARDS","is_prod":false,"is_daily":false,"chose_seed":false,"campfire_upgraded":1,"win_rate":0,"timestamp":1548536377,"path_taken":["M","?","?","?","?","R","E","M","T","R","$","?","E","M","R","BOSS"],"build_version":"2019-01-23","purchased_purges":0,"victory":false,"max_hp_per_floor":[75,75,68,68,68,68,68,71,71,71,71,71,74,74,74,74],"card_choices":[{"not_picked":["Cleave","Clash"],"picked":"Infernal Blade","floor":0.0},{"not_picked":["Havoc","Sword Boomerang"],"picked":"Corruption","floor":1.0},{"not_picked":["Clothesline","Hemokinesis"],"picked":"Feed","floor":7.0},{"not_picked":["Wild Strike","Twin Strike"],"picked":"Havoc","floor":8.0},{"not_picked":["Body Slam","Heavy Blade"],"picked":"Burning Pact","floor":12.0},{"not_picked":["Metallicize","Heavy Blade","Fire Breathing"],"picked":"SKIP","floor":13.0},{"not_picked":["Dropkick","Cleave"],"picked":"Sentinel","floor":14.0}],"player_experience":745208,"relics_obtained":[{"floor":5.0,"key":"War Paint"},{"floor":7.0,"key":"Kunai"},{"floor":9.0,"key":"Sundial"},{"floor":13.0,"key":"Bottled Lightning"}],"event_choices":[{"damage_healed":0.0,"max_hp_gain":0.0,"max_hp_loss":0.0,"gold_gain":0.0,"cards_transformed":["Strike_R"],"event_name":"Living Wall","player_choice":"Change","floor":2.0,"gold_loss":0.0,"damage_taken":0.0,"cards_obtained":["Sever Soul"]},{"damage_healed":0.0,"max_hp_gain":0.0,"max_hp_loss":7.0,"gold_gain":0.0,"event_name":"Golden Idol","player_choice":"Lose Max HP","floor":3.0,"gold_loss":0.0,"damage_taken":0.0,"relics_obtained":["Golden Idol"]},{"damage_healed":0.0,"max_hp_gain":0.0,"max_hp_loss":0.0,"gold_gain":0.0,"event_name":"Scrap Ooze","player_choice":"Success","floor":4.0,"gold_loss":0.0,"damage_taken":35.0,"relics_obtained":["Letter Opener"]}],"is_beta":false,"boss_relics":[],"items_purged_floors":[],"is_endless":false,"potions_floor_spawned":[1,12],"killed_by":"Slime Boss","ascension_level":20}