{"gold_per_floor":[13,13,13,27,27,27,66,41,66,86,129,129,13,48,48,176,176,197,197,177,196,211,245,137,157,157,157,183,194,33,45,45,150,150,166,166,166,166,26,52,52,66,66,66,66,14,40,40,40,40],"floor_reached":51,"playtime":2530,"items_purged":["Defend_B"],"score":869,"play_id":"4bc60db9-4eab-47f8-92fd-80f782fb5d85","local_time":"20190107110952","is_ascension_mode":true,"campfire_choices":[{"data":"Zap","floor":6,"key":"SMITH"},{"data":"Dualcast","floor":12,"key":"SMITH"},{"floor":15,"key":"REST"},{"data":"White Noise","floor":27,"key":"SMITH"},{"data":"Seek","floor":32,"key":"SMITH"},{"data":"Defragment","floor":41,"key":"SMITH"},{"data":"Madness","floor":49,"key":"SMITH"}],"neow_cost":"NO_GOLD","seed_source_timestamp":4921549592076,"circlet_count":0,"master_deck":["Strike_B","Defend_B","Defend_B","Zap+1","Dualcast+1","Finesse","Blind","Beam Cell","Gash","Coolheaded+1","Conserve Battery+1","Seek+1","Gash","White Noise+1","Hologram","All For One","Rebound+1","White Noise+1","Lockon+1","Skim+1","Redo+1","Hologram","Finesse","Ball Lightning","Gash","Heatsinks","Reboot","Madness+1","Madness","Echo Form","Defragment+1","Purity","Bandage Up","Panache","Redo+1"],"relics":["FrozenCore","Anchor","Bloody Idol","Ornamental Fan","Strawberry","Du-Vu Doll","Dead Branch","Astrolabe","War Paint","Art of War","Boot","Regal Pillow","Dodecahedron","Frozen Egg 2","Pantograph"],"potions_floor_usage":[16,22,23,23,23,42,50,50],"damage_taken":[{"damage":0,"enemies":"2 Louse","floor":1,"turns":2},{"damage":0,"enemies":"Cultist","floor":4,"turns":2},{"damage":13,"enemies":"Gremlin Nob","floor":7,"turns":4},{"damage":3,"enemies":"Small Slimes","floor":10,"turns":3},{"damage":5,"enemies":"Lagavulin","floor":11,"turns":8},{"damage":20,"enemies":"3 Sentries","floor":14,"turns":9},{"damage":18,"enemies":"Hexaghost","floor":16,"turns":11},{"damage":0,"enemies":"Chosen","floor":18,"turns":3},{"damage":5,"enemies":"Shell Parasite","floor":21,"turns":4},{"damage":13,"enemies":"Centurion and Healer","floor":22,"turns":5},{"damage":7,"enemies":"Slavers","floor":23,"turns":5},{"damage":0,"enemies":"Snake Plant","floor":25,"turns":3},{"damage":20,"enemies":"Book of Stabbing","floor":28,"turns":5},{"damage":0,"enemies":"Cultist and Chosen","floor":29,"turns":4},{"damage":0,"enemies":"Chosen and Byrds","floor":31,"turns":4},{"damage":9,"enemies":"Champ","floor":33,"turns":8},{"damage":6,"enemies":"Orb Walker","floor":35,"turns":4},{"damage":8,"enemies":"Reptomancer","floor":40,"turns":4},{"damage":17,"enemies":"3 Darklings","floor":42,"turns":5},{"damage":6,"enemies":"Nemesis","floor":47,"turns":5},{"damage":71,"enemies":"Donu and Deca","floor":50,"turns":6}],"seed_played":"6115250506591128853","potions_obtained":[{"floor":14,"key":"Dexterity Potion"},{"floor":16,"key":"Fire Potion"},{"floor":18,"key":"GamblersBrew"},{"floor":20,"key":"Energy Potion"},{"floor":22,"key":"PowerPotion"},{"floor":29,"key":"Regen Potion"},{"floor":31,"key":"SteroidPotion"},{"floor":47,"key":"Fire Potion"}],"is_trial":false,"path_per_floor":["M","?","?","M","?","R","E","$","T","M","E","R","$","E","R","B",null,"M","?","?","M","M","E","$","M","T","R","E","M","$","M","R","B",null,"M","?","?","?","$","E","R","M","T","?","?","$","E","T","R","B",null],"character_chosen":"DEFECT","items_purchased":["Coolheaded","Gash","White Noise","Hologram","Finesse","Heatsinks","SkillPotion","Echo Form","PowerPotion"],"campfire_rested":1,"item_purchase_floors":[8,13,13,24,24,30,30,39,46],"current_hp_per_floor":[75,72,72,72,54,54,41,41,48,52,54,54,54,41,65,54,82,82,82,82,82,81,79,79,82,82,82,67,79,79,82,82,78,82,81,81,71,71,71,68,68,68,68,58,58,58,61,61,61,15],"gold":40,"neow_bonus":"RANDOM_COLORLESS_2","is_prod":false,"is_daily":false,"chose_seed":false,"campfire_upgraded":6,"win_rate":0,"timestamp":1546855792,"path_taken":["M","?","?","M","?","R","E","?","T","M","E","R","$","E","R","BOSS","M","?","?","?","?","E","$","M","T","R","E","M","$","?","R","BOSS","M","?","?","?","$","E","R","?","T","?","?","$","E","?","R","BOSS"],"build_version":"2019-01-03v4","purchased_purges":1,"victory":true,"max_hp_per_floor":[75,75,75,75,75,75,75,75,82,82,82,82,82,82,82,82,82,82,82,82,82,82,82,82,82,82,82,82,82,82,82,82,82,82,82,82,82,82,82,82,82,82,82,82,82,82,82,82,82,82],"card_choices":[{"not_picked":["Skim","Leap"],"picked":"Beam Cell","floor":1},{"not_picked":["Turbo","Go for the Eyes"],"picked":"Gash","floor":4},{"not_picked":["Lockon","Skim"],"picked":"Self Repair","floor":7},{"not_picked":["Heatsinks","Compile Driver"],"picked":"Conserve Battery","floor":10},{"not_picked":["Steam","Rip and Tear"],"picked":"Seek","floor":11},{"not_picked":["Chaos","Barrage"],"picked":"Hologram","floor":14},{"not_picked":["Seek","Multi-Cast"],"picked":"All For One","floor":16},{"not_picked":["Lockon","Turbo"],"picked":"Skim+1","floor":18},{"not_picked":["Coolheaded","Leap","Heatsinks"],"picked":"SKIP","floor":21},{"not_picked":["Coolheaded+1","Streamline"],"picked":"Redo+1","floor":22},{"not_picked":["Streamline+1","Meteor Strike","Fusion"],"picked":"SKIP","floor":23},{"not_picked":["Redo","Lockon","Doom and Gloom"],"picked":"SKIP","floor":25},{"not_picked":["Hyperbeam","Aggregate"],"picked":"Ball Lightning","floor":28},{"not_picked":["Stack+1","Reprogram"],"picked":"Gash","floor":29},{"not_picked":["Cold Snap","Redo","Barrage"],"picked":"SKIP","floor":31},{"not_picked":["Buffer","Thunder Strike"],"picked":"Reboot","floor":33},{"not_picked":["Undo+1","Sweeping Beam+1","Compile Driver"],"picked":"SKIP","floor":35},{"not_picked":["Rebound+1","Reinforced Body+1"],"picked":"Defragment","floor":40},{"not_picked":["Streamline","Cold Snap+1","Compile Driver"],"picked":"SKIP","floor":42},{"not_picked":["Thinking Ahead","Madness"],"picked":"Purity","floor":44},{"not_picked":["Impatience","PanicButton"],"picked":"Bandage Up","floor":44},{"not_picked":["Finesse","Enlightenment"],"picked":"Panache","floor":44},{"not_picked":["Consume","Conserve Battery+1"],"picked":"Redo+1","floor":47}],"player_experience":166478,"relics_obtained":[{"floor":7,"key":"Ornamental Fan"},{"floor":9,"key":"Strawberry"},{"floor":11,"key":"Du-Vu Doll"},{"floor":14,"key":"Dead Branch"},{"floor":23,"key":"War Paint"},{"floor":26,"key":"Art of War"},{"floor":28,"key":"Boot"},{"floor":40,"key":"Regal Pillow"},{"floor":43,"key":"Dodecahedron"},{"floor":47,"key":"Frozen Egg 2"},{"floor":48,"key":"Pantograph"}],"event_choices":[{"damage_healed":0,"gold_gain":0,"player_choice":"Success","damage_taken":3,"relics_obtained":["Anchor"],"max_hp_gain":0,"max_hp_loss":0,"event_name":"Scrap Ooze","floor":2,"gold_loss":0},{"damage_healed":0,"gold_gain":0,"player_choice":"Leave","damage_taken":0,"max_hp_gain":0,"max_hp_loss":0,"event_name":"The Cleric","floor":3,"gold_loss":0},{"damage_healed":0,"gold_gain":0,"player_choice":"Take Damage","damage_taken":18,"relics_obtained":["Golden Idol"],"max_hp_gain":0,"max_hp_loss":0,"event_name":"Golden Idol","floor":5,"gold_loss":0},{"damage_healed":0,"gold_gain":0,"player_choice":"Gave Idol","damage_taken":0,"relics_obtained":["Bloody Idol"],"max_hp_gain":0,"max_hp_loss":0,"event_name":"Forgotten Altar","floor":19,"relics_lost":["Golden Idol"],"gold_loss":0},{"damage_healed":0,"gold_gain":0,"player_choice":"Bought 1 Potion","damage_taken":0,"max_hp_gain":0,"max_hp_loss":0,"event_name":"The Woman in Blue","floor":20,"gold_loss":0},{"cards_removed":["Self Repair"],"damage_healed":0,"gold_gain":0,"player_choice":"Removed Power","damage_taken":0,"max_hp_gain":0,"max_hp_loss":0,"event_name":"Falling","floor":36,"gold_loss":0},{"damage_healed":0,"gold_gain":0,"player_choice":"Embrace Madness","damage_taken":10,"max_hp_gain":0,"max_hp_loss":0,"event_name":"Winding Halls","floor":37,"gold_loss":0,"cards_obtained":["Madness","Madness"]},{"cards_removed":["Strike_B"],"damage_healed":0,"gold_gain":0,"player_choice":"Purged","damage_taken":0,"max_hp_gain":0,"max_hp_loss":0,"event_name":"Purifier","floor":38,"gold_loss":0},{"damage_healed":0,"gold_gain":0,"player_choice":"Memory 3","damage_taken":10,"max_hp_gain":0,"max_hp_loss":0,"event_name":"SensoryStone","floor":44,"gold_loss":0},{"damage_healed":0,"gold_gain":0,"player_choice":"Ignored","damage_taken":0,"max_hp_gain":0,"max_hp_loss":0,"event_name":"Tomb of Lord Red Mask","floor":45,"gold_loss":0}],"is_beta":true,"boss_relics":[{"not_picked":["Orrery","Ectoplasm"],"picked":"Astrolabe"},{"not_picked":["Philosopher\u0027s Stone","Empty Cage"],"picked":"FrozenCore"}],"items_purged_floors":[30],"is_endless":false,"potions_floor_spawned":[14,16,18,22,29,31,33,47],"ascension_level":1}