{"gold_per_floor":[109,139,239,239,239,267,283,309,309,234,409,409,409,435,435,539,539,549,549,565,565,565,565,289,289,289,289,317,317],"floor_reached":29,"playtime":1377,"items_purged":["Strike_B","Doubt"],"score":442,"play_id":"c5bf99fb-6a30-4f7e-8456-1a11eb3105b1","local_time":"20181101113922","is_ascension_mode":true,"campfire_choices":[{"data":"Zap","floor":13,"key":"SMITH"},{"data":"Zap","floor":15,"key":"SMITH"},{"floor":23,"key":"DIG"},{"floor":27,"key":"REST"}],"neow_cost":"NONE","seed_source_timestamp":181197875891976,"circlet_count":0,"master_deck":["Strike_B","Strike_B","Defend_B","Defend_B","Defend_B","Defend_B","Zap+1","Dualcast","AscendersBane","Ball Lightning","Purity","Zap+1","Core Surge","Beam Cell","Chill","Conserve Battery","Electrodynamics","Lockon","FTL","Loop+1"],"relics":["Cracked Core","NeowsBlessing","Tiny Chest","Juzu Bracelet","Gremlin Horn","Incense Burner","Shovel","FaceOfCleric","StoneCalendar","Inserter","Nilry\u0027s Codex","Darkstone Periapt","Question Card","Mummified Hand"],"potions_floor_usage":[8,16,27,28],"damage_taken":[{"damage":0,"enemies":"Jaw Worm","floor":1,"turns":1},{"damage":0,"enemies":"3 Sentries","floor":6,"turns":1},{"damage":0,"enemies":"Small Slimes","floor":7,"turns":1},{"damage":25,"enemies":"Lagavulin","floor":8,"turns":5},{"damage":23,"enemies":"3 Sentries","floor":14,"turns":8},{"damage":14,"enemies":"Hexaghost","floor":16,"turns":9},{"damage":6,"enemies":"2 Thieves","floor":18,"turns":4},{"damage":6,"enemies":"3 Byrds","floor":20,"turns":5},{"damage":32,"enemies":"Slavers","floor":28,"turns":3},{"damage":34,"enemies":"Masked Bandits","floor":29,"turns":3}],"seed_played":"6181412136891094650","potions_obtained":[{"floor":6,"key":"Regen Potion"},{"floor":14,"key":"Poison Potion"},{"floor":20,"key":"Fire Potion"}],"is_trial":false,"path_per_floor":["M","?","?","T","?","E","M","E","T","$","?","?","R","E","R","B",null,"M","?","M","?","?","R","$","?","T","R","E"],"character_chosen":"DEFECT","items_purchased":["Fruit Juice","FTL"],"campfire_rested":1,"item_purchase_floors":[24,24],"current_hp_per_floor":[68,65,65,65,65,65,65,54,54,54,54,54,54,32,32,19,63,58,58,53,38,22,22,22,22,22,52,21,0],"gold":317,"neow_bonus":"THREE_ENEMY_KILL","is_prod":false,"is_daily":false,"chose_seed":false,"campfire_upgraded":2,"win_rate":0,"timestamp":1541032762,"path_taken":["M","?","?","?","?","E","M","E","T","$","?","?","R","E","R","BOSS","M","?","M","?","?","R","$","?","T","R","E","?"],"build_version":"2018-10-25v2","purchased_purges":2,"victory":false,"max_hp_per_floor":[75,75,75,75,75,75,75,75,75,75,75,75,75,76,76,77,77,78,78,79,84,84,84,84,84,84,89,90,90],"card_choices":[{"not_picked":["Leap","Reinforced Body"],"picked":"Ball Lightning","floor":1},{"not_picked":["Stack","Force Field"],"picked":"Core Surge","floor":6},{"not_picked":["Compile Driver","Gash"],"picked":"Beam Cell","floor":7},{"not_picked":["Compile Driver","Scrape"],"picked":"Chill","floor":8},{"not_picked":["Beam Cell","Auto Shields"],"picked":"Conserve Battery","floor":14},{"not_picked":["Multi-Cast","Buffer"],"picked":"Electrodynamics","floor":16},{"not_picked":["Barrage","Sweeping Beam","Sunder"],"picked":"SKIP","floor":18},{"not_picked":["Sunder","Gash+1"],"picked":"Lockon","floor":20},{"not_picked":["Blizzard","Rebound","Consume"],"picked":"Loop+1","floor":28}],"player_experience":701223,"relics_obtained":[{"floor":4,"key":"Juzu Bracelet"},{"floor":6,"key":"Gremlin Horn"},{"floor":8,"key":"Incense Burner"},{"floor":9,"key":"Shovel"},{"floor":14,"key":"StoneCalendar"},{"floor":22,"key":"Nilry\u0027s Codex"},{"floor":23,"key":"Darkstone Periapt"},{"floor":26,"key":"Question Card"},{"floor":28,"key":"Mummified Hand"}],"event_choices":[{"damage_healed":0,"gold_gain":0,"player_choice":"Success","damage_taken":3,"relics_obtained":["Tiny Chest"],"max_hp_gain":0,"max_hp_loss":0,"event_name":"Scrap Ooze","floor":2,"gold_loss":0},{"damage_healed":0,"gold_gain":100,"player_choice":"Pray","damage_taken":0,"max_hp_gain":0,"max_hp_loss":0,"event_name":"Golden Shrine","floor":3,"gold_loss":0},{"damage_healed":0,"gold_gain":0,"player_choice":"2 cards matched","damage_taken":0,"max_hp_gain":0,"max_hp_loss":0,"event_name":"Match and Keep!","floor":5,"gold_loss":0,"cards_obtained":["Purity","Zap"]},{"damage_healed":0,"gold_gain":175,"player_choice":"AGREE","damage_taken":0,"max_hp_gain":0,"max_hp_loss":0,"event_name":"Liars Game","floor":11,"gold_loss":0,"cards_obtained":["Doubt"]},{"damage_healed":0,"gold_gain":0,"player_choice":"Trade","damage_taken":0,"relics_obtained":["FaceOfCleric"],"max_hp_gain":0,"max_hp_loss":0,"event_name":"FaceTrader","floor":12,"gold_loss":0},{"damage_healed":0,"gold_gain":0,"player_choice":"Ignored","damage_taken":0,"max_hp_gain":0,"max_hp_loss":0,"event_name":"Vampires","floor":19,"gold_loss":0},{"damage_healed":0,"gold_gain":0,"player_choice":"Shed Blood","damage_taken":20,"max_hp_gain":5,"max_hp_loss":0,"event_name":"Forgotten Altar","floor":21,"gold_loss":0},{"damage_healed":0,"gold_gain":0,"player_choice":"Obtained Book","damage_taken":16,"max_hp_gain":0,"max_hp_loss":0,"event_name":"Cursed Tome","floor":22,"gold_loss":0},{"cards_removed":["Strike_B"],"damage_healed":0,"gold_gain":0,"player_choice":"Elegance","damage_taken":0,"max_hp_gain":0,"max_hp_loss":0,"event_name":"Back to Basics","floor":25,"gold_loss":0},{"damage_healed":0,"gold_gain":0,"player_choice":"Fought Bandits","damage_taken":0,"max_hp_gain":0,"max_hp_loss":0,"event_name":"Masked Bandits","floor":29,"gold_loss":0}],"is_beta":false,"boss_relics":[{"not_picked":["Velvet Choker","Pandora\u0027s Box"],"picked":"Inserter"}],"items_purged_floors":[10,24],"is_endless":false,"potions_floor_spawned":[6,14,20],"killed_by":"Masked Bandits","ascension_level":10}