{"path_per_floor":["M","?","?","M","M","E","R","$","T","M","E","R","$","?","R","B",null,"M","?","M","?","M","E","R","?","T","M"],"character_chosen":"IRONCLAD","items_purchased":["Apotheosis","Dropkick"],"gold_per_floor":[118,118,193,207,226,257,257,73,73,88,113,113,39,139,139,237,237,257,257,276,276,286,314,314,284,284,303],"floor_reached":28,"campfire_rested":1,"playtime":572,"current_hp_per_floor":[80,80,69,75,80,58,58,58,58,56,43,43,43,43,67,21,80,72,72,69,54,48,25,25,25,25,14],"items_purged":[],"gold":303,"score":258,"play_id":"648b1f04-9ccc-43ff-9522-78fc96d19125","local_time":"20180314210623","is_prod":false,"is_daily":false,"is_ascension_mode":true,"campfire_upgraded":2,"timestamp":1521025583,"path_taken":["M","?","?","M","M","E","R","$","T","?","E","R","?","?","R","BOSS","M","?","?","?","M","E","R","?","T","M","E"],"build_version":"2018-03-09","purchased_purges":0,"victory":false,"master_deck":["Strike_R","Strike_R","Strike_R","Strike_R","Defend_R","Defend_R","Defend_R","Defend_R","Bash","Heavy Blade","Headbutt","Pommel Strike","Thunderclap+1","Apotheosis+1","Dropkick","Thunderclap","Dropkick","Offering","Dropkick"],"max_hp_per_floor":[80,80,80,80,80,80,80,80,80,80,80,80,80,80,80,80,80,80,80,80,85,85,85,85,85,85,85],"relics":["Burning Blood","NeowsBlessing","Mercury Hourglass","Charon\u0027s Ashes","Dream Catcher","Runic Pyramid","Girya","Magic Flower"],"card_choices":[{"not_picked":["Armaments","Ghostly Armor"],"picked":"Heavy Blade"},{"not_picked":["Iron Wave","Sever Soul"],"picked":"Headbutt"},{"not_picked":["Warcry","Clothesline"],"picked":"Pommel Strike"},{"not_picked":["Feel No Pain","Disarm"],"picked":"Thunderclap"},{"not_picked":["Whirlwind","Anger"],"picked":"Dropkick"},{"not_picked":["Clothesline","Barricade"],"picked":"Thunderclap"},{"not_picked":["Feed","Berserk"],"picked":"Offering"},{"not_picked":["Body Slam","Intimidate"],"picked":"Dropkick"}],"player_experience":260982,"potions_floor_usage":[23,27,27,28,28],"damage_taken":[{"damage":0.0,"enemies":"2 Louse","floor":1.0,"turns":1.0},{"damage":0.0,"enemies":"Cultist","floor":4.0,"turns":1.0},{"damage":0.0,"enemies":"Jaw Worm","floor":5.0,"turns":1.0},{"damage":28.0,"enemies":"Gremlin Nob","floor":6.0,"turns":4.0},{"damage":8.0,"enemies":"Exordium Thugs","floor":10.0,"turns":3.0},{"damage":19.0,"enemies":"3 Sentries","floor":11.0,"turns":4.0},{"damage":52.0,"enemies":"Hexaghost","floor":16.0,"turns":7.0},{"damage":14.0,"enemies":"Spheric Guardian","floor":18.0,"turns":3.0},{"damage":9.0,"enemies":"3 Byrds","floor":20.0,"turns":3.0},{"damage":12.0,"enemies":"Snecko","floor":22.0,"turns":4.0},{"damage":29,"enemies":"Slavers","floor":23,"turns":2},{"damage":30,"enemies":"Snake Plant","floor":27,"turns":3},{"damage":14,"enemies":"Book of Stabbing","floor":28,"turns":2}],"event_choices":[{"event_name":"Purifier","player_choice":"One Purge","floor":2.0,"damage_taken":0.0},{"event_name":"World of Goop","player_choice":"Gather Gold","floor":3.0,"damage_taken":0.0},{"event_name":"Wheel of Change","player_choice":"Gold","floor":14.0,"damage_taken":0.0},{"event_name":"Vampires","player_choice":"Ignored","floor":19.0,"damage_taken":0.0},{"event_name":"Forgotten Altar","player_choice":"Shed Blood","floor":21.0,"damage_taken":0.0},{"event_name":"The Woman in Blue","player_choice":"Bought 2 Potions","floor":25,"damage_taken":0}],"boss_relics":[],"potions_floor_spawned":[5,6,16,20,27],"seed_played":"1581820060783896463","killed_by":"Book of Stabbing","ascension_level":1,"is_trial":false}