{"gold_per_floor":[115,95,112,112,131,131,161,161,237,104,116,116,147,167,167,239,239,258,268,268,282,224,224,224],"floor_reached":24,"playtime":1011,"items_purged":["Strike_B"],"score":371,"play_id":"ffe9d90f-36d9-4697-a8ef-7ebacb5062d2","local_time":"20181114164745","is_ascension_mode":true,"campfire_choices":[{"data":"Zap","floor":6.0,"key":"SMITH"},{"data":"Beam Cell","floor":8.0,"key":"SMITH"},{"data":"Ball Lightning","floor":15,"key":"SMITH"},{"data":"Creative AI","floor":23,"key":"SMITH"}],"neow_cost":"NONE","seed_source_timestamp":1391401128823824,"circlet_count":0,"master_deck":["AscendersBane","Strike_B","Strike_B","Strike_B","Defend_B","Defend_B","Defend_B","Defend_B","Zap+1","Dualcast","Ball Lightning+1","Cold Snap","Beam Cell+1","Coolheaded","Coolheaded","Creative AI+1","Decay","Shame","Injury","Stack"],"special_seed":0,"relics":["Cracked Core","NeowsBlessing","Pen Nib","Cables","Meat on the Bone","DataDisk","Calling Bell","Bronze Scales","Singing Bowl","WingedGreaves"],"potions_floor_usage":[13,24],"damage_taken":[{"damage":0.0,"enemies":"2 Louse","floor":1.0,"turns":1.0},{"damage":0.0,"enemies":"Cultist","floor":3.0,"turns":1.0},{"damage":0.0,"enemies":"Jaw Worm","floor":5.0,"turns":1.0},{"damage":23.0,"enemies":"3 Sentries","floor":7.0,"turns":7.0},{"damage":16.0,"enemies":"Lots of Slimes","floor":11.0,"turns":4.0},{"damage":6,"enemies":"Lagavulin","floor":13,"turns":5},{"damage":3,"enemies":"Looter","floor":14,"turns":2},{"damage":33,"enemies":"Slime Boss","floor":16,"turns":11},{"damage":26,"enemies":"Shell Parasite","floor":18,"turns":6},{"damage":9,"enemies":"3 Byrds","floor":19,"turns":2},{"damage":10,"enemies":"Centurion and Healer","floor":21,"turns":7},{"damage":43,"enemies":"Book of Stabbing","floor":24,"turns":3}],"seed_played":"7518920426178482342","potions_obtained":[{"floor":2.0,"key":"SpeedPotion"},{"floor":7.0,"key":"SkillPotion"},{"floor":14,"key":"Ancient Potion"}],"is_trial":false,"path_per_floor":["M","?","M","$","M","R","E","R","T","$","M","?","E","M","R","B",null,"M","M","$","M","$","R","E"],"character_chosen":"DEFECT","items_purchased":["Coolheaded","Stack"],"campfire_rested":0,"item_purchase_floors":[10,22],"current_hp_per_floor":[64,64,64,64,64,64,41,41,41,41,25,25,31,40,40,19,58,46,39,39,43,43,43,0],"gold":224,"neow_bonus":"THREE_ENEMY_KILL","is_prod":false,"is_daily":false,"chose_seed":false,"campfire_upgraded":4,"win_rate":0,"timestamp":1542242865,"path_taken":["M","?","?","?","?","R","E","R","T","$","M","?","E","M","R","BOSS","M","M","$","M","$","R","E"],"build_version":"2018-11-08","purchased_purges":1,"victory":false,"max_hp_per_floor":[71,71,71,71,71,71,71,71,71,71,71,71,71,71,71,71,71,73,75,75,77,77,77,77],"card_choices":[{"not_picked":["Rebound","Steam"],"picked":"Ball Lightning","floor":1.0},{"not_picked":["Rebound","Fusion"],"picked":"Cold Snap","floor":3.0},{"not_picked":["Hologram","Force Field"],"picked":"Gash","floor":5.0},{"not_picked":["Turbo","Skim"],"picked":"Beam Cell","floor":7.0},{"not_picked":["Doom and Gloom","Stack"],"picked":"Coolheaded","floor":11.0},{"not_picked":["Force Field","Multi-Cast","Fusion"],"picked":"SKIP","floor":13},{"not_picked":["Rebound","Barrage","Aggregate"],"picked":"SKIP","floor":14},{"not_picked":["Machine Learning","Amplify"],"picked":"Creative AI","floor":16},{"not_picked":["Gash+1","Cold Snap","Compile Driver"],"picked":"Singing Bowl","floor":18},{"not_picked":["Loop+1","Redo","White Noise"],"picked":"Singing Bowl","floor":19},{"not_picked":["Rip and Tear","Ball Lightning+1","Undo"],"picked":"Singing Bowl","floor":21}],"player_experience":1289060,"relics_obtained":[{"floor":7.0,"key":"Pen Nib"},{"floor":9.0,"key":"Cables"},{"floor":13,"key":"DataDisk"},{"floor":17,"key":"Bronze Scales"},{"floor":17,"key":"Singing Bowl"},{"floor":17,"key":"WingedGreaves"}],"event_choices":[{"damage_healed":0.0,"max_hp_gain":0.0,"max_hp_loss":0.0,"gold_gain":0.0,"event_name":"The Woman in Blue","player_choice":"Bought 1 Potion","floor":2.0,"gold_loss":0.0,"damage_taken":0.0},{"cards_removed":["Gash"],"damage_healed":0.0,"max_hp_gain":0.0,"max_hp_loss":0.0,"gold_gain":0.0,"event_name":"WeMeetAgain","player_choice":"Gave Card","floor":12.0,"gold_loss":0.0,"damage_taken":0.0,"relics_obtained":["Meat on the Bone"]}],"is_beta":false,"boss_relics":[{"not_picked":["Pandora\u0027s Box","Empty Cage"],"picked":"Calling Bell"}],"items_purged_floors":[10],"is_endless":false,"potions_floor_spawned":[7,14,16],"killed_by":"Book of Stabbing","ascension_level":16}