{"gold_per_floor":[118,130,53,64,64,91,91,109,109,109,119,119,138,166,166,241,241,256,256,17,17,35,35,60,60,60,60,76,95,95,130,130,130],"floor_reached":33,"playtime":2005,"items_purged":["Strike_B"],"score":531,"play_id":"2ca07bcf-d9b3-4ac6-a72b-7a7332cc1a93","local_time":"20181114121910","is_ascension_mode":true,"campfire_choices":[{"floor":7.0,"key":"REST"},{"data":"Zap","floor":10.0,"key":"SMITH"},{"data":"Go for the Eyes","floor":12.0,"key":"SMITH"},{"data":"Ball Lightning","floor":15.0,"key":"SMITH"},{"data":"Beam Cell","floor":23.0,"key":"SMITH"},{"data":"Biased Cognition","floor":25,"key":"SMITH"},{"data":"Reinforced Body","floor":27,"key":"SMITH"},{"floor":30,"key":"REST"},{"floor":32,"key":"REST"}],"neow_cost":"TEN_PERCENT_HP_LOSS","seed_source_timestamp":1374168281432969,"circlet_count":0,"master_deck":["AscendersBane","Strike_B","Strike_B","Defend_B","Defend_B","Defend_B","Defend_B","Zap+1","Dualcast","Leap","Go for the Eyes+1","Core Surge","Reinforced Body+1","Ball Lightning+1","Beam Cell+1","Self Repair","Heatsinks","Biased Cognition+1","White Noise+1","Compile Driver","Ball Lightning","Hologram","Conserve Battery","Chill+1","Biased Cognition+1"],"special_seed":0,"relics":["Cracked Core","StoneCalendar","CultistMask","Pocketwatch","Meat on the Bone","Pear","Black Star","PreservedInsect","Orichalcum","Dream Catcher","Frozen Egg 2","Nunchaku","Calipers"],"potions_floor_usage":[24,31],"damage_taken":[{"damage":8.0,"enemies":"2 Louse","floor":1.0,"turns":2.0},{"damage":0.0,"enemies":"Cultist","floor":2.0,"turns":4.0},{"damage":0.0,"enemies":"Small Slimes","floor":4.0,"turns":3.0},{"damage":36.0,"enemies":"3 Sentries","floor":6.0,"turns":7.0},{"damage":1.0,"enemies":"Exordium Thugs","floor":8.0,"turns":4.0},{"damage":1.0,"enemies":"2 Fungi Beasts","floor":11.0,"turns":3.0},{"damage":14.0,"enemies":"Lots of Slimes","floor":13.0,"turns":5.0},{"damage":24.0,"enemies":"Gremlin Nob","floor":14.0,"turns":4.0},{"damage":8.0,"enemies":"The Guardian","floor":16.0,"turns":9.0},{"damage":13.0,"enemies":"Chosen","floor":18.0,"turns":4.0},{"damage":3.0,"enemies":"3 Byrds","floor":22.0,"turns":5.0},{"damage":55,"enemies":"Gremlin Leader","floor":24,"turns":6},{"damage":21,"enemies":"Shelled Parasite and Fungi","floor":28,"turns":5},{"damage":14,"enemies":"Snake Plant","floor":29,"turns":3},{"damage":26,"enemies":"Slavers","floor":31,"turns":3},{"damage":62,"enemies":"Collector","floor":33,"turns":5}],"seed_played":"6722530433575557207","potions_obtained":[{"floor":2.0,"key":"PowerPotion"},{"floor":11.0,"key":"FearPotion"},{"floor":14.0,"key":"PowerPotion"},{"floor":16.0,"key":"Ancient Potion"},{"floor":24,"key":"PowerPotion"}],"is_trial":false,"path_per_floor":["M","M","$","M","?","E","R","M","T","R","M","R","M","E","R","B",null,"M","?","$","?","M","R","E","R","T","R","M","M","R","E","R","B"],"character_chosen":"DEFECT","items_purchased":["Core Surge","PreservedInsect"],"campfire_rested":3,"item_purchase_floors":[3,20],"current_hp_per_floor":[56,56,56,56,56,20,39,38,38,38,37,37,35,40,40,51,68,62,62,62,62,66,66,30,30,30,30,21,19,41,34,56,0],"gold":130,"neow_bonus":"ONE_RARE_RELIC","is_prod":false,"is_daily":false,"chose_seed":false,"campfire_upgraded":6,"win_rate":0,"timestamp":1542226750,"path_taken":["M","M","$","M","?","E","R","M","T","R","?","R","M","E","R","BOSS","M","?","?","?","M","R","E","R","T","R","M","M","R","E","R","BOSS"],"build_version":"2018-11-08","purchased_purges":1,"victory":false,"max_hp_per_floor":[64,64,64,64,64,64,64,64,64,64,64,64,64,74,74,74,74,74,74,74,74,74,74,74,74,74,74,74,74,74,74,74,74],"card_choices":[{"not_picked":["Fusion","Reprogram"],"picked":"Leap","floor":1.0},{"not_picked":["Undo","Hello World"],"picked":"Go for the Eyes","floor":2.0},{"not_picked":["Turbo","Static Discharge","Barrage"],"picked":"SKIP","floor":4.0},{"not_picked":["Rebound","Stack"],"picked":"Reinforced Body","floor":6.0},{"not_picked":["Conserve Battery","Doom and Gloom"],"picked":"Ball Lightning","floor":8.0},{"not_picked":["Gash","Steam"],"picked":"Beam Cell","floor":11.0},{"not_picked":["Lockon","Gash"],"picked":"Self Repair","floor":13.0},{"not_picked":["Self Repair","Reinforced Body"],"picked":"Heatsinks","floor":14.0},{"not_picked":["Thunder Strike","Multi-Cast"],"picked":"Biased Cognition","floor":16.0},{"not_picked":["Rip and Tear","Reinforced Body","Hologram"],"picked":"SKIP","floor":18.0},{"not_picked":["Hologram","Sweeping Beam"],"picked":"Compile Driver","floor":22.0},{"not_picked":["Rip and Tear","Self Repair","Melter"],"picked":"SKIP","floor":24},{"not_picked":["Streamline","Scrape"],"picked":"Ball Lightning","floor":28},{"not_picked":["Turbo","BootSequence"],"picked":"Hologram","floor":29},{"not_picked":["Genetic Algorithm","Beam Cell"],"picked":"Conserve Battery","floor":30},{"not_picked":["Self Repair+1","Steam"],"picked":"Chill+1","floor":31},{"not_picked":["Redo","Turbo"],"picked":"Biased Cognition+1","floor":32}],"player_experience":1283687,"relics_obtained":[{"floor":6.0,"key":"Pocketwatch"},{"floor":9.0,"key":"Meat on the Bone"},{"floor":14.0,"key":"Pear"},{"floor":24,"key":"Orichalcum"},{"floor":24,"key":"Dream Catcher"},{"floor":26,"key":"Frozen Egg 2"},{"floor":31,"key":"Nunchaku"},{"floor":31,"key":"Calipers"}],"event_choices":[{"damage_healed":0.0,"max_hp_gain":0.0,"max_hp_loss":0.0,"gold_gain":0.0,"event_name":"FaceTrader","player_choice":"Trade","floor":5.0,"gold_loss":0.0,"damage_taken":0.0,"relics_obtained":["CultistMask"]},{"damage_healed":0.0,"max_hp_gain":0.0,"max_hp_loss":0.0,"gold_gain":0.0,"cards_transformed":["Strike_B"],"event_name":"Transmorgrifier","player_choice":"Transformed","floor":19.0,"gold_loss":0.0,"damage_taken":0.0,"cards_obtained":["White Noise"]},{"damage_healed":0.0,"max_hp_gain":0.0,"max_hp_loss":0.0,"gold_gain":0.0,"event_name":"Upgrade Shrine","player_choice":"Upgraded","floor":21.0,"gold_loss":0.0,"damage_taken":0.0,"cards_upgraded":["White Noise"]}],"is_beta":false,"boss_relics":[{"not_picked":["Calling Bell","Coffee Dripper"],"picked":"Black Star"}],"items_purged_floors":[20],"is_endless":false,"potions_floor_spawned":[2,11,14,16,24,28],"killed_by":"Collector","ascension_level":16}