{"gold_per_floor":[109,184,284,302,318,352,372,401,401,366,382,382,395,415,415,415],"floor_reached":16,"playtime":843,"items_purged":[],"score":218,"play_id":"2dc96321-73ba-4c82-977d-75174f2b1fd3","local_time":"20190128144249","is_ascension_mode":true,"campfire_choices":[{"data":"Cloak And Dagger","floor":12,"key":"SMITH"},{"floor":15,"key":"REST"}],"neow_cost":"NONE","seed_source_timestamp":1030978842929147,"circlet_count":0,"master_deck":["AscendersBane","Defend_G","Defend_G","Defend_G","Defend_G","Defend_G","Strike_G","Strike_G","Strike_G","Strike_G","Strike_G","Survivor","Neutralize","Predator","Blade Dance","Bouncing Flask","Heel Hook","After Image","Corpse Explosion","Cloak And Dagger+1"],"special_seed":0,"relics":["Ring of the Snake","NeowsBlessing","Meat on the Bone","Odd Mushroom","Dodecahedron","Sundial"],"potions_floor_usage":[6,8],"damage_taken":[{"damage":0.0,"enemies":"Cultist","floor":1.0,"turns":1.0},{"damage":0.0,"enemies":"Small Slimes","floor":4.0,"turns":1.0},{"damage":0.0,"enemies":"2 Louse","floor":5.0,"turns":1.0},{"damage":8,"enemies":"Gremlin Nob","floor":6,"turns":3},{"damage":28,"enemies":"The Mushroom Lair","floor":7,"turns":5},{"damage":10,"enemies":"Lagavulin","floor":8,"turns":6},{"damage":11,"enemies":"2 Fungi Beasts","floor":11,"turns":2},{"damage":21,"enemies":"Large Slime","floor":13,"turns":6},{"damage":21,"enemies":"Gremlin Gang","floor":14,"turns":3},{"damage":46,"enemies":"Slime Boss","floor":16,"turns":9}],"seed_played":"8509420744453445637","potions_obtained":[{"floor":5.0,"key":"Fire Potion"},{"floor":7,"key":"SpeedPotion"},{"floor":11,"key":"Regen Potion"},{"floor":13,"key":"SpeedPotion"}],"is_trial":false,"path_per_floor":["M","?","?","M","M","E","?","E","T","?","M","R","M","M","R","B"],"character_chosen":"THE_SILENT","items_purchased":[],"campfire_rested":1,"item_purchase_floors":[],"current_hp_per_floor":[59,48,48,48,48,40,24,26,26,42,43,43,34,25,44,0],"gold":415,"neow_bonus":"THREE_ENEMY_KILL","is_prod":false,"is_daily":false,"chose_seed":false,"campfire_upgraded":1,"win_rate":0,"timestamp":1548715369,"path_taken":["M","?","?","M","?","E","?","E","T","?","M","R","M","M","R","BOSS"],"build_version":"2019-01-23","purchased_purges":0,"victory":false,"max_hp_per_floor":[66,66,66,66,66,66,66,66,66,66,66,66,66,66,66,66],"card_choices":[{"not_picked":["Quick Slash","Reflex"],"picked":"Predator","floor":1.0},{"not_picked":["Bane","Underhanded Strike"],"picked":"Blade Dance","floor":4.0},{"not_picked":["Bane","Sucker Punch"],"picked":"Bouncing Flask","floor":5.0},{"not_picked":["Acrobatics","Masterful Stab"],"picked":"Heel Hook","floor":6},{"not_picked":["Deadly Poison","Flechettes"],"picked":"After Image","floor":7},{"not_picked":["Flechettes","Deadly Poison"],"picked":"Corpse Explosion","floor":8},{"not_picked":["Endless Agony","Dagger Spray"],"picked":"Cloak And Dagger","floor":11},{"not_picked":["Acrobatics","Predator","Heel Hook"],"picked":"SKIP","floor":13},{"not_picked":["Outmaneuver","Heel Hook","Choke"],"picked":"SKIP","floor":14}],"player_experience":1777956,"relics_obtained":[{"floor":6,"key":"Meat on the Bone"},{"floor":7,"key":"Odd Mushroom"},{"floor":8,"key":"Dodecahedron"},{"floor":9,"key":"Sundial"}],"event_choices":[{"damage_healed":0.0,"max_hp_gain":0.0,"max_hp_loss":0.0,"gold_gain":75.0,"event_name":"World of Goop","player_choice":"Gather Gold","floor":2.0,"gold_loss":0.0,"damage_taken":11.0},{"damage_healed":0.0,"max_hp_gain":0.0,"max_hp_loss":0.0,"gold_gain":100.0,"event_name":"Wheel of Change","player_choice":"Gold","floor":3.0,"gold_loss":0.0,"damage_taken":0.0},{"damage_healed":0,"gold_gain":0,"player_choice":"Fought Mushrooms","damage_taken":0,"max_hp_gain":0,"max_hp_loss":0,"event_name":"Mushrooms","floor":7,"gold_loss":0},{"damage_healed":16,"gold_gain":0,"player_choice":"Healed","damage_taken":0,"max_hp_gain":0,"max_hp_loss":0,"event_name":"The Cleric","floor":10,"gold_loss":35}],"is_beta":false,"boss_relics":[],"items_purged_floors":[],"is_endless":false,"potions_floor_spawned":[5,7,11,13,14],"killed_by":"Slime Boss","ascension_level":19}