{"gold_per_floor":[110,110,110,57,74,74,109,125,148,323,343,373,373,386,386,486,486,476,495,420,15,32,32,32,32,87,87,114,139,139,139,139,241,241,256,275,275,175,193,193,218,218,271,300,300,300,300,300,300,300],"floor_reached":51,"playtime":4667,"items_purged":["Strike_B","Strike_B"],"score":1083,"play_id":"5b06b604-3f58-4cab-a587-7c2e9e94d02d","local_time":"20181116001745","is_ascension_mode":true,"campfire_choices":[{"data":"Chill","floor":6,"key":"SMITH"},{"floor":15,"key":"REST"},{"data":"Rainbow","floor":23,"key":"SMITH"},{"data":"Defragment","floor":25,"key":"SMITH"},{"floor":30,"key":"REST"},{"data":"Storm","floor":32,"key":"SMITH"},{"floor":40,"key":"REST"},{"data":"Hologram","floor":42,"key":"SMITH"},{"floor":45,"key":"REST"},{"floor":49,"key":"REST"}],"neow_cost":"NONE","seed_source_timestamp":17403041430829,"circlet_count":0,"master_deck":["AscendersBane","Strike_B+1","Strike_B+1","Defend_B+1","Defend_B+1","Defend_B+1","Defend_B+1","Zap+1","Dualcast+1","Cold Snap+1","Conserve Battery+1","Chill+1","Hologram+1","Defragment+1","Sweeping Beam+1","Hologram+1","Self Repair+1","Rainbow+1","Parasite","Shame","Conserve Battery+1","Echo Form+1","Capacitor+1","Storm+1","Decay","Electrodynamics+1","Capacitor+1","Master of Strategy+1","Impatience+1","Panache+1","Consume+1","Coolheaded+1"],"relics":["Cracked Core","Art of War","Juzu Bracelet","Happy Flower","Regal Pillow","Du-Vu Doll","Calling Bell","Anchor","Darkstone Periapt","Turnip","Blue Candle","Pen Nib","Lantern","Bag of Preparation","Sozu","Meat on the Bone","Dream Catcher","Oddly Smooth Stone","Mark of the Bloom"],"potions_floor_usage":[12,12,22,28,33],"damage_taken":[{"damage":4,"enemies":"Small Slimes","floor":1,"turns":3},{"damage":5,"enemies":"Jaw Worm","floor":5,"turns":2},{"damage":3,"enemies":"3 Sentries","floor":7,"turns":9},{"damage":0,"enemies":"2 Louse","floor":8,"turns":3},{"damage":5,"enemies":"2 Fungi Beasts","floor":11,"turns":4},{"damage":9,"enemies":"Lagavulin","floor":12,"turns":8},{"damage":8,"enemies":"Blue Slaver","floor":14,"turns":3},{"damage":37,"enemies":"The Guardian","floor":16,"turns":12},{"damage":18,"enemies":"2 Thieves","floor":18,"turns":4},{"damage":0,"enemies":"Chosen","floor":19,"turns":6},{"damage":21,"enemies":"Centurion and Healer","floor":22,"turns":8},{"damage":40,"enemies":"Gremlin Leader","floor":28,"turns":8},{"damage":31,"enemies":"Collector","floor":33,"turns":9},{"damage":3,"enemies":"3 Darklings","floor":35,"turns":4},{"damage":24,"enemies":"Orb Walker","floor":36,"turns":5},{"damage":35,"enemies":"Transient","floor":39,"turns":5},{"damage":17,"enemies":"Reptomancer","floor":41,"turns":5},{"damage":51,"enemies":"Giant Head","floor":44,"turns":8},{"damage":21,"enemies":"Donu and Deca","floor":50,"turns":7}],"seed_played":"-1939372715169847843","potions_obtained":[{"floor":1,"key":"FearPotion"},{"floor":8,"key":"Weak Potion"},{"floor":11,"key":"GamblersBrew"},{"floor":19,"key":"Swift Potion"},{"floor":22,"key":"Poison Potion"},{"floor":28,"key":"Block Potion"}],"is_trial":false,"path_per_floor":["M","?","?","$","M","R","E","M","T","?","M","E","?","M","R","B",null,"M","M","?","$","M","R","?","R","T","?","E","T","R","?","R","B",null,"M","M","?","$","M","R","E","R","T","E","R","?","?","?","R","B",null],"character_chosen":"DEFECT","items_purchased":["Conserve Battery","Echo Form","Blue Candle"],"campfire_rested":5,"item_purchase_floors":[4,21,21],"current_hp_per_floor":[64,49,49,49,44,44,41,41,41,41,36,27,15,7,44,14,60,49,56,56,56,42,42,42,42,42,42,9,9,46,52,52,28,68,72,62,52,52,24,63,60,60,60,28,67,67,67,67,67,46],"gold":300,"neow_bonus":"RANDOM_COMMON_RELIC","is_prod":false,"is_daily":false,"chose_seed":false,"campfire_upgraded":5,"win_rate":0,"timestamp":1542287865,"path_taken":["M","?","?","$","M","R","E","M","T","?","M","E","?","M","R","BOSS","M","M","?","$","M","R","?","R","T","?","E","?","R","?","R","BOSS","M","M","?","$","M","R","E","R","T","E","R","?","?","?","R","BOSS"],"build_version":"2018-11-06","purchased_purges":2,"victory":true,"max_hp_per_floor":[75,75,75,75,75,75,75,75,75,75,75,75,75,75,75,75,75,75,75,75,75,75,75,75,75,75,75,75,75,75,81,81,81,81,81,81,81,81,81,81,81,81,81,81,81,81,81,77,77,77],"card_choices":[{"not_picked":["Static Discharge","Barrage"],"picked":"Cold Snap","floor":1},{"not_picked":["Sweeping Beam","Blizzard"],"picked":"Chill","floor":5},{"not_picked":["Rebound","Genetic Algorithm"],"picked":"Hologram","floor":7},{"not_picked":["Self Repair","Coolheaded"],"picked":"Defragment","floor":8},{"not_picked":["Auto Shields","Aggregate"],"picked":"Sweeping Beam","floor":11},{"not_picked":["Redo","Reprogram"],"picked":"Hologram","floor":12},{"not_picked":["Compile Driver","Beam Cell"],"picked":"Self Repair","floor":14},{"not_picked":["Biased Cognition","All For One"],"picked":"Rainbow","floor":16},{"not_picked":["Stack","Self Repair"],"picked":"Conserve Battery","floor":18},{"not_picked":["Auto Shields","Aggregate","Double Energy"],"picked":"SKIP","floor":19},{"not_picked":["Sweeping Beam","Redo"],"picked":"Capacitor+1","floor":22},{"not_picked":["All For One","Double Energy"],"picked":"Storm","floor":28},{"not_picked":["Amplify","Multi-Cast"],"picked":"Electrodynamics","floor":33},{"not_picked":["BootSequence","Redo","Blizzard+1"],"picked":"SKIP","floor":35},{"not_picked":["Streamline","Skim"],"picked":"Capacitor+1","floor":36},{"not_picked":["Good Instincts","PanicButton"],"picked":"Master of Strategy","floor":37},{"not_picked":["Secret Weapon","Forethought"],"picked":"Impatience","floor":37},{"not_picked":["Forethought","Panacea"],"picked":"Panache","floor":37},{"not_picked":["Fusion","Conserve Battery","Beam Cell"],"picked":"SKIP","floor":39},{"not_picked":["Beam Cell+1","Turbo"],"picked":"Consume","floor":41},{"not_picked":["Auto Shields","Ball Lightning","Streamline"],"picked":"SKIP","floor":44},{"not_picked":["Self Repair+1","Stack"],"picked":"Coolheaded+1","floor":49}],"player_experience":816091,"relics_obtained":[{"floor":7,"key":"Juzu Bracelet"},{"floor":9,"key":"Happy Flower"},{"floor":12,"key":"Regal Pillow"},{"floor":17,"key":"Anchor"},{"floor":17,"key":"Darkstone Periapt"},{"floor":17,"key":"Turnip"},{"floor":26,"key":"Pen Nib"},{"floor":28,"key":"Lantern"},{"floor":29,"key":"Bag of Preparation"},{"floor":41,"key":"Meat on the Bone"},{"floor":43,"key":"Dream Catcher"},{"floor":44,"key":"Oddly Smooth Stone"}],"event_choices":[{"damage_healed":0,"gold_gain":0,"player_choice":"Entered Light","damage_taken":15,"max_hp_gain":0,"max_hp_loss":0,"event_name":"Shining Light","floor":2,"gold_loss":0,"cards_upgraded":["Strike_B","Defend_B"]},{"damage_healed":0,"gold_gain":0,"player_choice":"Grow","damage_taken":0,"max_hp_gain":0,"max_hp_loss":0,"event_name":"Living Wall","floor":3,"gold_loss":0,"cards_upgraded":["Zap"]},{"damage_healed":0,"gold_gain":175,"player_choice":"AGREE","damage_taken":0,"max_hp_gain":0,"max_hp_loss":0,"event_name":"Liars Game","floor":10,"gold_loss":0,"cards_obtained":["Doubt"]},{"damage_healed":0,"gold_gain":0,"player_choice":"Success","damage_taken":12,"relics_obtained":["Du-Vu Doll"],"max_hp_gain":0,"max_hp_loss":0,"event_name":"Scrap Ooze","floor":13,"gold_loss":0},{"cards_removed":["Doubt"],"damage_healed":0,"gold_gain":0,"player_choice":"Gave Gold","damage_taken":0,"max_hp_gain":0,"max_hp_loss":0,"event_name":"Beggar","floor":20,"gold_loss":75},{"damage_healed":0,"gold_gain":0,"player_choice":"Upgraded","damage_taken":0,"max_hp_gain":0,"max_hp_loss":0,"event_name":"Upgrade Shrine","floor":24,"gold_loss":0,"cards_upgraded":["Echo Form"]},{"cards_removed":["Writhe"],"damage_healed":0,"gold_gain":0,"player_choice":"Purged","damage_taken":0,"max_hp_gain":0,"max_hp_loss":0,"event_name":"Purifier","floor":27,"gold_loss":0},{"damage_healed":0,"gold_gain":0,"player_choice":"Smashed Altar","damage_taken":0,"max_hp_gain":0,"max_hp_loss":0,"event_name":"Forgotten Altar","floor":31,"gold_loss":0,"cards_obtained":["Decay"]},{"damage_healed":0,"gold_gain":0,"player_choice":"Memory 3","damage_taken":10,"max_hp_gain":0,"max_hp_loss":0,"event_name":"SensoryStone","floor":37,"gold_loss":0},{"damage_healed":0,"gold_gain":0,"player_choice":"Upgraded","damage_taken":0,"max_hp_gain":0,"max_hp_loss":0,"event_name":"Upgrade Shrine","floor":46,"gold_loss":0,"cards_upgraded":["Consume"]},{"damage_healed":0,"gold_gain":0,"player_choice":"Upgrade","damage_taken":0,"relics_obtained":["Mark of the Bloom"],"max_hp_gain":0,"max_hp_loss":0,"event_name":"MindBloom","floor":47,"gold_loss":0,"cards_upgraded":["Strike_B","Defend_B","Defend_B","Defend_B","Dualcast","Cold Snap","Conserve Battery","Sweeping Beam","Hologram","Self Repair","Conserve Battery","Electrodynamics","Master of Strategy","Impatience","Panache"]},{"damage_healed":0,"gold_gain":0,"player_choice":"Max HP","damage_taken":0,"max_hp_gain":0,"max_hp_loss":4,"event_name":"Winding Halls","floor":48,"gold_loss":0}],"is_beta":true,"boss_relics":[{"not_picked":["Runic Dome","Velvet Choker"],"picked":"Calling Bell"},{"not_picked":["Snecko Eye","Runic Pyramid"],"picked":"Sozu"}],"items_purged_floors":[21,38],"is_endless":false,"potions_floor_spawned":[1,8,11,19,22,28,36,41,44],"ascension_level":12}