{"gold_per_floor":[16,16,16,16,28,28,58,77,77,77,88,107,124,27,27,101,101,113,113,126,138,52,52,83,83,83,83,83,93,109,119,119,193,193,203,219,219,239,239,239,72,72,72,72,84,95,14,24,24,24],"floor_reached":51,"playtime":5292,"items_purged":[],"score":1264,"play_id":"9b8ec8d0-073f-43ac-bb43-dcf074908bc7","local_time":"20190201155624","is_ascension_mode":true,"campfire_choices":[{"data":"Dodge and Roll","floor":6.0,"key":"SMITH"},{"data":"Cloak And Dagger","floor":10.0,"key":"SMITH"},{"data":"Noxious Fumes","floor":15.0,"key":"SMITH"},{"data":"Dash","floor":23.0,"key":"SMITH"},{"data":"Doppelganger","floor":25.0,"key":"SMITH"},{"floor":32.0,"key":"REST"},{"data":"Bouncing Flask","floor":40.0,"key":"SMITH"},{"data":"Dash","floor":42.0,"key":"SMITH"},{"data":"Corpse Explosion","floor":44.0,"key":"SMITH"},{"floor":49,"key":"REST"}],"neow_cost":"NO_GOLD","seed_source_timestamp":0,"circlet_count":0,"master_deck":["AscendersBane","Defend_G","Defend_G","Defend_G","Defend_G","Defend_G","Strike_G","Survivor","Neutralize+1","Cloak And Dagger+1","Dodge and Roll+1","Doppelganger+1","Dagger Spray","Blur","Noxious Fumes+1","Backstab","Corpse Explosion+1","Dash+1","Terror","Die Die Die","Dagger Throw","PiercingWail","Predator","Night Terror","Bouncing Flask+1","Dash+1","Dash+1","Malaise"],"special_seed":0,"relics":["Ring of the Serpent","Thread and Needle","Pantograph","Kunai","Snecko Eye","Paper Crane","Singing Bowl","Happy Flower","Regal Pillow"],"potions_floor_usage":[50,50],"damage_taken":[{"damage":0.0,"enemies":"Jaw Worm","floor":1.0,"turns":6.0},{"damage":0.0,"enemies":"Small Slimes","floor":5.0,"turns":4.0},{"damage":26.0,"enemies":"Gremlin Nob","floor":7.0,"turns":6.0},{"damage":0.0,"enemies":"Cultist","floor":8.0,"turns":5.0},{"damage":5.0,"enemies":"Large Slime","floor":11.0,"turns":10.0},{"damage":0.0,"enemies":"Red Slaver","floor":12.0,"turns":3.0},{"damage":0.0,"enemies":"Exordium Wildlife","floor":13.0,"turns":3.0},{"damage":18.0,"enemies":"The Guardian","floor":16.0,"turns":12.0},{"damage":7.0,"enemies":"3 Byrds","floor":18.0,"turns":5.0},{"damage":0.0,"enemies":"Spheric Guardian","floor":20.0,"turns":6.0},{"damage":0.0,"enemies":"3 Cultists","floor":21.0,"turns":3.0},{"damage":9.0,"enemies":"Slavers","floor":24.0,"turns":3.0},{"damage":0.0,"enemies":"Cultist and Chosen","floor":27.0,"turns":7.0},{"damage":0.0,"enemies":"Centurion and Healer","floor":29.0,"turns":5.0},{"damage":0.0,"enemies":"Snake Plant","floor":30.0,"turns":5.0},{"damage":0.0,"enemies":"Chosen and Byrds","floor":31.0,"turns":5.0},{"damage":25.0,"enemies":"Champ","floor":33.0,"turns":16.0},{"damage":3.0,"enemies":"Orb Walker","floor":35.0,"turns":4.0},{"damage":19.0,"enemies":"3 Darklings","floor":36.0,"turns":4.0},{"damage":5.0,"enemies":"4 Shapes","floor":38.0,"turns":4.0},{"damage":17,"enemies":"Maw","floor":45,"turns":6},{"damage":2,"enemies":"Jaw Worm Horde","floor":46,"turns":3},{"damage":0,"enemies":"3 Darklings","floor":48,"turns":4},{"damage":10,"enemies":"Awakened One","floor":50,"turns":19}],"seed_played":"-1387974070344782255","potions_obtained":[{"floor":5.0,"key":"Poison Potion"},{"floor":11.0,"key":"AttackPotion"},{"floor":13.0,"key":"Strength Potion"},{"floor":24.0,"key":"SmokeBomb"},{"floor":31.0,"key":"Fire Potion"},{"floor":36.0,"key":"Regen Potion"}],"is_trial":false,"path_per_floor":["M","?","$","?","M","R","E","M","T","R","M","M","M","$","R","B",null,"M","?","M","M","$","R","E","R","T","M","?","M","M","M","R","B",null,"M","M","?","M","?","R","$","R","T","R","M","M","$","M","R","B",null],"character_chosen":"THE_SILENT","items_purchased":["Backstab","Swift Potion","Predator","Happy Flower","EssenceOfSteel"],"campfire_rested":2,"item_purchase_floors":[14,14,22,41,47],"current_hp_per_floor":[59,52,52,52,52,52,26,26,26,26,21,21,21,21,21,28,57,50,50,50,50,50,50,41,41,41,41,41,43,45,47,68,47,66,63,46,46,41,41,41,41,41,41,41,26,24,24,26,64,78],"gold":24,"neow_bonus":"ONE_RARE_RELIC","is_prod":false,"is_daily":false,"chose_seed":false,"campfire_upgraded":8,"win_rate":0,"timestamp":1549065384,"path_taken":["M","?","$","?","M","R","E","M","T","R","M","M","M","?","R","BOSS","M","?","M","M","$","R","E","R","T","M","?","M","M","M","R","BOSS","M","M","?","M","?","R","$","R","T","R","M","?","$","M","R","BOSS"],"build_version":"2019-01-23","purchased_purges":0,"victory":true,"max_hp_per_floor":[66,66,66,66,66,66,66,66,66,66,66,66,66,66,66,66,66,66,66,66,66,66,66,66,66,66,66,66,68,70,72,72,72,72,72,74,74,74,74,74,74,74,74,74,76,76,76,78,78,78],"card_choices":[{"not_picked":["Quick Slash","Underhanded Strike"],"picked":"Cloak And Dagger","floor":1.0},{"not_picked":["Outmaneuver","Deflect"],"picked":"Dodge and Roll","floor":5.0},{"not_picked":["Terror","Finisher"],"picked":"Doppelganger","floor":7.0},{"not_picked":["Outmaneuver","Tactician"],"picked":"Dagger Spray","floor":8.0},{"not_picked":["Flying Knee","Acrobatics","Reflex"],"picked":"SKIP","floor":11.0},{"not_picked":["Outmaneuver","Bane"],"picked":"Blur","floor":12.0},{"not_picked":["Poisoned Stab","Blade Dance"],"picked":"Noxious Fumes","floor":13.0},{"not_picked":["Phantasmal Killer","Glass Knife"],"picked":"Corpse Explosion","floor":16.0},{"not_picked":["Poisoned Stab","Masterful Stab+1"],"picked":"Dash","floor":18.0},{"not_picked":["Deadly Poison","Acrobatics"],"picked":"Dagger Throw","floor":20.0},{"not_picked":["Prepared+1","Deflect"],"picked":"PiercingWail","floor":21.0},{"not_picked":["Acrobatics","Sucker Punch","Outmaneuver"],"picked":"SKIP","floor":24.0},{"not_picked":["Deflect","Prepared","Outmaneuver"],"picked":"Singing Bowl","floor":29.0},{"not_picked":["Endless Agony","PiercingWail","Blur"],"picked":"Singing Bowl","floor":30.0},{"not_picked":["Dagger Throw+1","Prepared","Deflect"],"picked":"Singing Bowl","floor":31.0},{"not_picked":["Glass Knife","Corpse Explosion"],"picked":"Night Terror","floor":33.0},{"not_picked":["Flechettes","Accuracy"],"picked":"Bouncing Flask","floor":35.0},{"not_picked":["Underhanded Strike","Poisoned Stab","Dodge and Roll"],"picked":"Singing Bowl","floor":36.0},{"not_picked":["Outmaneuver","Backflip+1"],"picked":"Dash","floor":38.0},{"not_picked":["Underhanded Strike","Bouncing Flask","Dagger Spray"],"picked":"Singing Bowl","floor":45},{"not_picked":["Underhanded Strike+1","Bane"],"picked":"Malaise","floor":46},{"not_picked":["Sucker Punch+1","Heel Hook","Dagger Throw"],"picked":"Singing Bowl","floor":48}],"player_experience":1800582,"relics_obtained":[{"floor":7.0,"key":"Pantograph"},{"floor":9.0,"key":"Kunai"},{"floor":24.0,"key":"Paper Crane"},{"floor":26.0,"key":"Singing Bowl"},{"floor":43.0,"key":"Regal Pillow"}],"event_choices":[{"cards_removed":["Strike_G"],"damage_healed":0.0,"max_hp_gain":0.0,"max_hp_loss":0.0,"gold_gain":0.0,"event_name":"Golden Wing","player_choice":"Card Removal","floor":2.0,"gold_loss":0.0,"damage_taken":7.0},{"damage_healed":0.0,"max_hp_gain":0.0,"max_hp_loss":0.0,"gold_gain":0.0,"event_name":"Living Wall","player_choice":"Grow","floor":4.0,"gold_loss":0.0,"damage_taken":0.0,"cards_upgraded":["Neutralize"]},{"damage_healed":0.0,"max_hp_gain":0.0,"max_hp_loss":0.0,"gold_gain":0.0,"cards_transformed":["Strike_G","Strike_G"],"event_name":"Drug Dealer","player_choice":"Became Test Subject","floor":19.0,"gold_loss":0.0,"damage_taken":0.0,"cards_obtained":["Terror","Die Die Die"]},{"cards_removed":["Strike_G"],"damage_healed":0.0,"max_hp_gain":0.0,"max_hp_loss":0.0,"gold_gain":0.0,"event_name":"Purifier","player_choice":"Purged","floor":28.0,"gold_loss":0.0,"damage_taken":0.0},{"damage_healed":0.0,"max_hp_gain":0.0,"max_hp_loss":0.0,"gold_gain":0.0,"event_name":"Tomb of Lord Red Mask","player_choice":"Ignored","floor":37.0,"gold_loss":0.0,"damage_taken":0.0},{"damage_healed":0.0,"max_hp_gain":0.0,"max_hp_loss":0.0,"gold_gain":0.0,"event_name":"Duplicator","player_choice":"Copied","floor":39.0,"gold_loss":0.0,"damage_taken":0.0,"cards_obtained":["Dash"]}],"is_beta":false,"boss_relics":[{"not_picked":["Lizard Tail","Runic Dome"],"picked":"Snecko Eye"},{"not_picked":["Pandora\u0027s Box","Orrery"],"picked":"Ring of the Serpent"}],"items_purged_floors":[],"is_endless":false,"potions_floor_spawned":[5,11,13,16,24,31,33,36,48],"ascension_level":19}