{"path_per_floor":["M","M","M","M","M","E","R","M","T","?","M","R","E","M","R","B",null,"M","M","M","M","$","E","R","E","T","M","R","M","M","M","R","B",null,"M","M","M","M","?","E","M","E","T","?","M","R","M","M","R"],"character_chosen":"IRONCLAD","items_purchased":["Finesse","Pear"],"gold_per_floor":[119,136,152,163,181,213,213,229,254,254,272,272,305,319,319,416,416,426,446,459,474,54,83,83,115,115,127,127,146,157,176,176,274,274,288,308,325,340,340,665,678,712,762,762,778,778,792,811,811],"floor_reached":50,"campfire_rested":0,"playtime":5744,"current_hp_per_floor":[80,80,80,65,71,54,54,57,64,64,60,60,52,55,55,17,87,80,80,86,69,79,81,81,57,57,46,46,48,54,55,55,59,97,97,84,66,62,62,60,43,18,18,93,69,69,70,73,73],"items_purged":["Defend_R"],"gold":811,"score":644,"play_id":"a9ead11e-629d-411d-9687-e6a7c519d68d","is_prod":false,"is_daily":false,"is_ascension_mode":false,"campfire_upgraded":8,"path_taken":["M","M","M","M","M","E","R","M","T","?","M","R","E","M","R","BOSS","M","M","M","M","$","E","R","E","T","M","R","M","M","M","R","BOSS","M","M","M","M","?","E","M","E","T","?","M","R","?","M","R","BOSS"],"build_version":"2018-02-15-PROD1","purchased_purges":1,"victory":false,"master_deck":["Strike_R","Strike_R","Strike_R","Strike_R","Strike_R","Defend_R","Defend_R","Defend_R","Bash+1","Perfected Strike","True Grit+1","Perfected Strike","Dropkick","Perfected Strike+1","Clash+1","Cleave","Dropkick","Pommel Strike+1","Pommel Strike","Double Tap+1","Metallicize+1","Offering","Thunderclap+1","Finesse+1","Cleave+1","Disarm","Shrug It Off+1","Clash","Clash+1","Offering","Feed","Spot Weakness+1","Metallicize+1","Inflame+1","Dual Wield+1","Rupture+1","Dual Wield+1","Clash+1"],"max_hp_per_floor":[80,80,80,80,80,80,80,80,87,87,87,87,87,87,87,87,87,87,87,87,87,97,97,97,97,97,97,97,97,97,97,97,97,97,97,100,100,103,103,103,103,106,106,93,93,93,93,96,96],"relics":["Burning Blood","Whetstone","Strawberry","Anchor","Black Star","Pear","Shuriken","Mummified Hand","Pen Nib","Bag of Marbles","Ornamental Fan","Runic Cube","Calipers","Old Coin","Orichalcum","Blood Vial","Ancient Tea Set"],"card_choices":[{"not_picked":["Twin Strike","Combust"],"picked":"Perfected Strike"},{"not_picked":["Disarm","Warcry"],"picked":"True Grit"},{"not_picked":["Heavy Blade","Fire Breathing"],"picked":"Perfected Strike"},{"not_picked":["Clash","Twin Strike"],"picked":"Dropkick"},{"not_picked":["Headbutt","Body Slam"],"picked":"Perfected Strike"},{"not_picked":["Fiend Fire","Heavy Blade"],"picked":"Clash"},{"not_picked":["Corruption","Bludgeon"],"picked":"Cleave"},{"not_picked":["Sever Soul","Hemokinesis"],"picked":"Dropkick"},{"not_picked":["Twin Strike","Shrug It Off"],"picked":"Pommel Strike"},{"not_picked":["Warcry","Searing Blow"],"picked":"Pommel Strike"},{"not_picked":["Fiend Fire","Demon Form"],"picked":"Double Tap"},{"not_picked":["Pommel Strike","Thunderclap"],"picked":"Metallicize"},{"not_picked":["Thunderclap","Flex"],"picked":"Offering"},{"not_picked":["Warcry","Disarm"],"picked":"Thunderclap"},{"not_picked":["Rupture","True Grit"],"picked":"Cleave"},{"not_picked":["Impervious","Armaments"],"picked":"Disarm"},{"not_picked":["Clash","Armaments"],"picked":"Shrug It Off"},{"not_picked":["Sword Boomerang","Perfected Strike"],"picked":"Clash"},{"not_picked":["Twin Strike","Iron Wave"],"picked":"Clash"},{"not_picked":["Blood for Blood","Uppercut"],"picked":"Offering"},{"not_picked":["Juggernaut","Offering"],"picked":"Feed"},{"not_picked":["Clash","Cleave"],"picked":"Spot Weakness"},{"not_picked":["Infernal Blade","Armaments"],"picked":"Metallicize"},{"not_picked":["Dual Wield","Sever Soul"],"picked":"Inflame"},{"not_picked":["Juggernaut","Armaments"],"picked":"Dual Wield"},{"not_picked":["Hemokinesis","Anger"],"picked":"Rupture"},{"not_picked":["Rupture","Clothesline"],"picked":"Dual Wield"},{"not_picked":["Armaments","Spot Weakness"],"picked":"Clash"}],"player_experience":3568,"potions_floor_usage":[6,33,33,33,50,50],"damage_taken":[{"damage":5,"enemies":"Cultist","floor":1,"turns":4},{"damage":5,"enemies":"Small Slimes","floor":2,"turns":3},{"damage":4,"enemies":"Jaw Worm","floor":3,"turns":2},{"damage":21,"enemies":"Exordium Wildlife","floor":4,"turns":4},{"damage":0,"enemies":"Large Slime","floor":5,"turns":4},{"damage":23,"enemies":"3 Sentries","floor":6,"turns":8},{"damage":3,"enemies":"Blue Slaver","floor":8,"turns":3},{"damage":10,"enemies":"Looter","floor":11,"turns":2},{"damage":14,"enemies":"Gremlin Nob","floor":13,"turns":3},{"damage":3,"enemies":"Red Slaver","floor":14,"turns":2},{"damage":44,"enemies":"Hexaghost","floor":16,"turns":8},{"damage":13,"enemies":"3 Byrds","floor":18,"turns":6},{"damage":6,"enemies":"2 Thieves","floor":19,"turns":3},{"damage":0,"enemies":"Snecko","floor":20,"turns":2},{"damage":23,"enemies":"Cultist and Chosen","floor":21,"turns":4},{"damage":4,"enemies":"Gremlin Leader","floor":23,"turns":3},{"damage":30,"enemies":"Book of Stabbing","floor":25,"turns":4},{"damage":17,"enemies":"Sentry and Sphere","floor":27,"turns":4},{"damage":4,"enemies":"Snecko","floor":29,"turns":2},{"damage":0,"enemies":"3 Cultists","floor":30,"turns":2},{"damage":5,"enemies":"Slaver and Parasite","floor":31,"turns":3},{"damage":17,"enemies":"Champ","floor":33,"turns":6},{"damage":4,"enemies":"3 Darklings","floor":35,"turns":1},{"damage":22,"enemies":"3 Shapes","floor":36,"turns":4},{"damage":24,"enemies":"Maw","floor":37,"turns":5},{"damage":13,"enemies":"4 Shapes","floor":38,"turns":2},{"damage":8,"enemies":"Giant Head","floor":40,"turns":5},{"damage":23,"enemies":"3 Darklings","floor":41,"turns":3},{"damage":34,"enemies":"2 Orb Walkers","floor":42,"turns":4},{"damage":30,"enemies":"Maw","floor":45,"turns":5},{"damage":7,"enemies":"Sphere and 2 Shapes","floor":47,"turns":3},{"damage":8,"enemies":"3 Darklings","floor":48,"turns":2},{"damage":91,"enemies":"Awakened One","floor":50,"turns":6}],"event_choices":[{"event_name":"Liars Game","player_choice":"disagreed","floor":10,"damage_taken":0},{"event_name":"Tomb of Lord Red Mask","player_choice":"Ignored","floor":39,"damage_taken":0},{"event_name":"The Moai Head","player_choice":"Heal","floor":44,"damage_taken":0}],"boss_relics":[{"not_picked":["Question Card","White Beast Statue"],"picked":"Black Star"},{"not_picked":["Cursed Key","Tiny House"],"picked":"Runic Cube"}],"potions_floor_spawned":[1,5,8,11,13,21,25,29,30,31,36,38,45,47],"seed_played":"-256032916396816622","killed_by":"Awakened One","ascension_level":0,"is_trial":false}