{"gold_per_floor":[115,115,134,134,309,344,344,294,294,322,339,339,350,383,383,487,487,497,497,514,541,541,541,553,553,553,565,565],"floor_reached":28,"playtime":948,"items_purged":[],"score":325,"play_id":"db582c24-77b8-4991-a13e-af4e490372a1","local_time":"20180722171409","is_ascension_mode":true,"campfire_choices":[{"floor":15,"key":"REST"},{"floor":23,"key":"REST"},{"floor":25,"key":"REST"}],"neow_cost":"NONE","seed_source_timestamp":860145329469046,"circlet_count":0,"master_deck":["Strike_B","Strike_B","Strike_B","Defend_B","Defend_B+1","Defend_B","Defend_B+1","Zap+1","Gash","Gash","Streamline","Darkness","Streamline","Rebound","Rebound","Leap","Echo Form","Reinforced Body+1","RitualDagger","Compile Driver","White Noise","Beam Cell"],"relics":["Cracked Core","NeowsBlessing","Pear","Symbiotic Virus","War Paint","Matryoshka","White Beast Statue","Happy Flower","Juzu Bracelet","Question Card","Prayer Wheel"],"potions_floor_usage":[20,24,24,28,28],"damage_taken":[{"damage":0,"enemies":"2 Louse","floor":1,"turns":1},{"damage":0,"enemies":"Jaw Worm","floor":3,"turns":1},{"damage":0,"enemies":"Lagavulin","floor":6,"turns":1},{"damage":32,"enemies":"Gremlin Nob","floor":10,"turns":4},{"damage":0,"enemies":"Small Slimes","floor":11,"turns":2},{"damage":18,"enemies":"Blue Slaver","floor":13,"turns":3},{"damage":32,"enemies":"Lagavulin","floor":14,"turns":4},{"damage":16,"enemies":"Slime Boss","floor":16,"turns":9},{"damage":33,"enemies":"2 Thieves","floor":18,"turns":4},{"damage":30,"enemies":"3 Byrds","floor":20,"turns":5},{"damage":27,"enemies":"Snake Plant","floor":24,"turns":5},{"damage":32,"enemies":"Cultist and Chosen","floor":27,"turns":6},{"damage":23,"enemies":"Snecko","floor":28,"turns":4}],"seed_played":"-3863547196634894473","potions_obtained":[{"floor":13,"key":"Strength Potion"},{"floor":14,"key":"Dexterity Potion"},{"floor":18,"key":"Strength Potion"},{"floor":20,"key":"Regen Potion"},{"floor":24,"key":"SteroidPotion"},{"floor":27,"key":"SpeedPotion"}],"is_trial":false,"path_per_floor":["M","?","M","?","?","E","?","?","T","E","M","?","M","E","R","B",null,"M","?","M","T","?","R","M","R","T","M"],"character_chosen":"DEFECT","items_purchased":[],"campfire_rested":3,"item_purchase_floors":[],"current_hp_per_floor":[75,80,80,73,73,83,83,83,83,51,51,51,33,1,28,12,90,57,39,9,9,3,31,16,44,44,12,0],"gold":565,"neow_bonus":"THREE_ENEMY_KILL","is_prod":false,"is_daily":false,"chose_seed":false,"campfire_upgraded":0,"win_rate":0,"timestamp":1532297649,"path_taken":["M","?","M","?","?","E","?","?","T","E","?","?","M","E","R","BOSS","M","?","?","?","?","R","M","R","T","M","M"],"build_version":"2018-07-19v2","purchased_purges":0,"victory":false,"max_hp_per_floor":[75,80,80,80,80,90,90,90,90,90,90,90,90,90,90,90,90,90,95,95,95,95,95,95,95,95,95,95],"card_choices":[{"not_picked":["Stack","Leap"],"picked":"Gash","floor":1},{"not_picked":["Barrage","Steam Power"],"picked":"Gash","floor":3},{"not_picked":["Sweeping Beam","Redo"],"picked":"Streamline","floor":6},{"not_picked":["Seek","Lockon"],"picked":"Streamline","floor":10},{"not_picked":["Blizzard","Conserve Battery"],"picked":"Rebound","floor":11},{"not_picked":["Double Energy","Compile Driver"],"picked":"Rebound","floor":13},{"not_picked":["Capacitor","Creative AI"],"picked":"Leap","floor":14},{"not_picked":["Machine Learning","Hyperbeam"],"picked":"Echo Form","floor":16},{"not_picked":["Hello World+1","Ball Lightning"],"picked":"Reinforced Body+1","floor":18},{"not_picked":["Coolheaded","Darkness","Loop"],"picked":"SKIP","floor":20},{"not_picked":["Sweeping Beam","Hologram"],"picked":"Compile Driver","floor":24},{"not_picked":["Barrage+1","Steam","Stack"],"picked":"White Noise","floor":27},{"not_picked":["Cold Snap","Leap","Fission"],"picked":"Beam Cell","floor":27}],"player_experience":273289,"relics_obtained":[{"floor":6,"key":"Pear"},{"floor":9,"key":"Symbiotic Virus"},{"floor":10,"key":"War Paint"},{"floor":14,"key":"Matryoshka"},{"floor":21,"key":"Happy Flower"},{"floor":21,"key":"Juzu Bracelet"},{"floor":26,"key":"Question Card"},{"floor":26,"key":"Prayer Wheel"}],"event_choices":[{"event_name":"Big Fish","player_choice":"Donut","floor":2,"damage_taken":0},{"event_name":"Golden Wing","player_choice":"Card Removal","floor":4,"damage_taken":0},{"event_name":"Liars Game","player_choice":"agreed","floor":5,"damage_taken":0},{"event_name":"Transmorgrifier","player_choice":"Transform","floor":7,"damage_taken":0},{"event_name":"The Cleric","player_choice":"Card Removal","floor":8,"damage_taken":0},{"event_name":"Living Wall","player_choice":"Grow","floor":12,"damage_taken":0},{"event_name":"Forgotten Altar","player_choice":"Shed Blood","floor":19,"damage_taken":0},{"event_name":"Nest","player_choice":"Joined the Cult","floor":22,"damage_taken":0}],"is_beta":false,"boss_relics":[{"not_picked":["Busted Crown","Runic Pyramid"],"picked":"White Beast Statue"}],"items_purged_floors":[],"is_endless":false,"potions_floor_spawned":[13,14,18,20,24,27],"killed_by":"Snecko","ascension_level":3}