{"path_per_floor":["M","$","$","M","M","R","M","M","T","?","R","M","R","?","R","B",null,"M","?","M","?","M","R"],"character_chosen":"THE_SILENT","items_purchased":[],"gold_per_floor":[13,13,13,33,47,47,62,74,122,122,122,134,134,207,207,311,311,325,250,265,265,277,277,277],"floor_reached":24,"campfire_rested":1,"playtime":1340,"current_hp_per_floor":[63,63,63,61,57,57,50,47,47,47,47,47,47,47,47,56,67,63,63,51,51,29,50,0],"items_purged":[],"gold":277,"score":244,"play_id":"321cd709-90e1-48a9-b11e-92703cfab6a3","local_time":"20180522131007","is_prod":false,"is_daily":false,"chose_seed":false,"is_ascension_mode":true,"campfire_upgraded":4,"timestamp":1527019807,"campfire_choices":[{"data":"Skewer","floor":6,"key":"SMITH"},{"data":"Deadly Poison","floor":11,"key":"SMITH"},{"data":"Neutralize","floor":13,"key":"SMITH"},{"data":"Backflip","floor":15,"key":"SMITH"},{"floor":23,"key":"REST"}],"path_taken":["M","?","$","M","M","R","M","M","T","?","R","?","R","?","R","BOSS","M","?","M","?","M","R","M"],"build_version":"2018-05-17","seed_source_timestamp":84352978495483,"purchased_purges":0,"victory":false,"master_deck":["Defend_G","Defend_G","Defend_G","Defend_G","Defend_G","Strike_G","Strike_G","Survivor","Neutralize+1","Doppelganger","Deadly Poison+1","Dodge and Roll","Skewer+1","Flying Knee","Backflip+1","Dagger Spray","Venomology","Backstab","Bane","Quick Slash+1"],"max_hp_per_floor":[70,70,70,70,70,70,70,70,70,70,70,70,70,70,70,70,70,70,70,70,70,70,70,70],"relics":["Ring of the Snake","Snake Skull","Orrery"],"card_choices":[{"not_picked":["Eviscerate","Slice"],"picked":"Dodge and Roll","floor":1},{"not_picked":["Cloak And Dagger","Bane"],"picked":"Skewer","floor":4},{"not_picked":["Dodge and Roll","Dagger Throw"],"picked":"Flying Knee","floor":5},{"not_picked":["Quick Slash","Storm of Steel","Infinite Blades"],"picked":"SKIP","floor":7},{"not_picked":["Eviscerate","Sucker Punch"],"picked":"Backflip","floor":8},{"not_picked":["Cloak And Dagger","Underhanded Strike"],"picked":"Dagger Spray","floor":12},{"not_picked":["Unload","Wraith Form v2"],"picked":"Venomology","floor":16},{"not_picked":["Flying Knee","Underhanded Strike"],"picked":"Backstab","floor":17},{"not_picked":["Slice","Dagger Spray"],"picked":"Bane","floor":17},{"not_picked":["Reflex","Quick Slash","Slice+1"],"picked":"SKIP","floor":18},{"not_picked":["Underhanded Strike","Flying Knee"],"picked":"Quick Slash+1","floor":20},{"not_picked":["Wraith Form v2","Concentrate","Outmaneuver"],"picked":"SKIP","floor":22}],"player_experience":665672,"potions_floor_usage":[16,18,20,20,24],"damage_taken":[{"damage":0,"enemies":"Cultist","floor":1,"turns":4},{"damage":2,"enemies":"Jaw Worm","floor":4,"turns":4},{"damage":4,"enemies":"Small Slimes","floor":5,"turns":3},{"damage":7,"enemies":"Exordium Thugs","floor":7,"turns":6},{"damage":3,"enemies":"3 Louse","floor":8,"turns":4},{"damage":0,"enemies":"Blue Slaver","floor":12,"turns":3},{"damage":6,"enemies":"The Guardian","floor":16,"turns":10},{"damage":4,"enemies":"Shell Parasite","floor":18,"turns":5},{"damage":12,"enemies":"2 Thieves","floor":20,"turns":5},{"damage":22,"enemies":"Chosen and Byrds","floor":22,"turns":6},{"damage":53,"enemies":"Sentry and Sphere","floor":24,"turns":7}],"relics_obtained":[{"floor":9,"key":"Snake Skull"}],"event_choices":[{"event_name":"The Lab","player_choice":"Got Potions","floor":10,"damage_taken":0},{"event_name":"Golden Wing","player_choice":"Gained Gold","floor":14,"damage_taken":0},{"event_name":"Beggar","player_choice":"Gave Gold","floor":19,"damage_taken":0},{"event_name":"Cursed Tome","player_choice":"Ignored","floor":21,"damage_taken":0}],"boss_relics":[{"not_picked":["Runic Dome","Eternal Feather"],"picked":"Orrery"}],"potions_floor_spawned":[4,7,12,16,18],"seed_played":"8389980468222622109","killed_by":"Sentry and Sphere","ascension_level":6,"potions_obtained":[{"floor":4,"key":"GhostInAJar"},{"floor":7,"key":"Dexterity Potion"},{"floor":10,"key":"Regen Potion"},{"floor":16,"key":"Block Potion"},{"floor":18,"key":"Ancient Potion"}],"is_trial":false}