{"gold_per_floor":[116,116,5,29,44,44,73,83,83,111,129,154,154,169,169,268,268,279,290,303,303,105,105,105],"floor_reached":24,"playtime":2646,"items_purged":["Strike_R","Defend_R"],"score":374,"play_id":"d87eaf76-b056-4ae0-8de5-75a11225abab","local_time":"20180705144616","is_ascension_mode":true,"campfire_choices":[{"data":"Rampage","floor":6.0,"key":"SMITH"},{"data":"Seeing Red","floor":15.0,"key":"SMITH"},{"data":"True Grit","floor":23.0,"key":"SMITH"}],"neow_cost":"","seed_source_timestamp":0,"circlet_count":0,"master_deck":["Strike_R","Strike_R","Strike_R+1","Defend_R","Defend_R","Defend_R+1","Bash","AscendersBane","Clothesline","Rampage+1","Shrug It Off","Pommel Strike","Headbutt","Flame Barrier","Seeing Red+1","Demon Form","Headbutt","True Grit+1","Offering","Shrug It Off","Deep Breath"],"special_seed":0,"relics":["Burning Blood","NeowsBlessing","Dream Catcher","Ginger","Toolbox","Anchor","Champion Belt","Shuriken","Orrery"],"potions_floor_usage":[],"damage_taken":[{"damage":0.0,"enemies":"Jaw Worm","floor":1.0,"turns":1.0},{"damage":0.0,"enemies":"2 Louse","floor":5.0,"turns":1.0},{"damage":0.0,"enemies":"Gremlin Nob","floor":7.0,"turns":1.0},{"damage":0.0,"enemies":"Cultist","floor":8.0,"turns":3.0},{"damage":35.0,"enemies":"Lagavulin","floor":10.0,"turns":6.0},{"damage":0.0,"enemies":"3 Louse","floor":11.0,"turns":3.0},{"damage":8.0,"enemies":"Gremlin Nob","floor":12.0,"turns":3.0},{"damage":5.0,"enemies":"Blue Slaver","floor":14.0,"turns":3.0},{"damage":28.0,"enemies":"The Guardian","floor":16.0,"turns":10.0},{"damage":13.0,"enemies":"Shell Parasite","floor":18.0,"turns":8.0},{"damage":11.0,"enemies":"3 Byrds","floor":19.0,"turns":5.0},{"damage":14.0,"enemies":"Cultist and Chosen","floor":20.0,"turns":5.0},{"damage":47,"enemies":"Slavers","floor":24,"turns":4}],"seed_played":"7735262910772426543","potions_obtained":[{"floor":7.0,"key":"Dexterity Potion"},{"floor":8.0,"key":"Fire Potion"},{"floor":12.0,"key":"Weak Potion"},{"floor":14.0,"key":"Block Potion"},{"floor":18.0,"key":"SneckoOil"},{"floor":19.0,"key":"GamblersBrew"}],"is_trial":false,"path_per_floor":["M","?","$","T","M","R","E","M","T","E","M","E","?","M","R","B",null,"M","M","M","?","$","R"],"character_chosen":"IRONCLAD","items_purchased":["Rampage","Deep Breath"],"campfire_rested":0,"item_purchase_floors":[],"current_hp_per_floor":[78,62,62,62,68,68,74,80,80,51,57,55,48,49,49,27,67,60,55,47,47,47,47,0],"gold":105,"neow_bonus":"","is_prod":false,"is_daily":false,"chose_seed":false,"campfire_upgraded":3,"win_rate":0,"timestamp":1530827176,"path_taken":["M","?","$","?","M","R","E","M","T","E","M","E","?","M","R","BOSS","M","M","M","?","$","R","E"],"build_version":"2018-06-28","purchased_purges":2,"victory":false,"max_hp_per_floor":[80,80,80,80,80,80,80,80,80,80,80,80,80,80,80,80,80,80,80,80,80,80,80,80],"card_choices":[{"not_picked":["Flex","Iron Wave"],"picked":"Clothesline","floor":1.0},{"not_picked":["Power Through","Reckless Charge"],"picked":"Shrug It Off","floor":5.0},{"not_picked":["Burning Pact","Thunderclap"],"picked":"Pommel Strike","floor":7.0},{"not_picked":["Barricade","Pommel Strike"],"picked":"Headbutt","floor":8.0},{"not_picked":["Reckless Charge","Clothesline","Anger"],"picked":"SKIP","floor":10.0},{"not_picked":["Sword Boomerang","Clash","Anger"],"picked":"SKIP","floor":11.0},{"not_picked":["Reckless Charge","Warcry"],"picked":"Flame Barrier","floor":12.0},{"not_picked":["Power Through","Havoc"],"picked":"Seeing Red","floor":14.0},{"not_picked":["Fiend Fire","Juggernaut"],"picked":"Demon Form","floor":16.0},{"not_picked":["Body Slam","Havoc"],"picked":"Headbutt","floor":17.0},{"not_picked":["Carnage","Warcry"],"picked":"True Grit","floor":17.0},{"not_picked":["Combust","Rampage"],"picked":"Offering","floor":17.0},{"not_picked":["Twin Strike+1","Second Wind+1","Corruption+1"],"picked":"SKIP","floor":18.0},{"not_picked":["Thunderclap","Entrench"],"picked":"Shrug It Off","floor":19.0},{"not_picked":["Body Slam","Burning Pact+1","Bludgeon"],"picked":"SKIP","floor":20.0}],"player_experience":936245,"relics_obtained":[{"floor":4.0,"key":"Dream Catcher"},{"floor":7.0,"key":"Ginger"},{"floor":9.0,"key":"Toolbox"},{"floor":10.0,"key":"Anchor"},{"floor":12.0,"key":"Champion Belt"}],"event_choices":[{"event_name":"Shining Light","player_choice":"Entered Light","floor":2.0,"damage_taken":0.0},{"event_name":"Scrap Ooze","player_choice":"success","floor":13.0,"damage_taken":7.0},{"event_name":"Back to Basics","player_choice":"Elegance","floor":21.0,"damage_taken":0.0}],"boss_relics":[{"not_picked":["Pandora\u0027s Box","Fusion Hammer"],"picked":"Orrery"}],"items_purged_floors":[],"is_endless":false,"potions_floor_spawned":[7,8,12,14,18,19],"killed_by":"Slavers","ascension_level":11}