{"gold_per_floor":[112,112,212,222,101,101,116,126,126,154,229,0,10,40,40,136,136,154,154,164,32,32,59,59,76,76,5,18,0,13,13,13,108,108,120,137,137,137,0,0,19,119,143,143,143,168,180,180,180,180],"floor_reached":50,"playtime":4296,"items_purged":["Strike_G"],"score":648,"play_id":"0510a42b-d346-485d-a307-96dd506437ed","local_time":"20190205140705","is_ascension_mode":true,"campfire_choices":[{"data":"Leg Sweep","floor":6,"key":"SMITH"},{"floor":15,"key":"REST"},{"floor":24,"key":"REST"},{"floor":32,"key":"REST"},{"data":"Accuracy","floor":40,"key":"SMITH"},{"floor":44,"key":"REST"},{"floor":49,"key":"REST"}],"neow_cost":"NONE","seed_source_timestamp":2154143420776888,"circlet_count":0,"master_deck":["Defend_G+1","Defend_G","Defend_G","Defend_G","Defend_G","Strike_G+1","Strike_G","Strike_G","Survivor","Neutralize","Tools of the Trade","Dagger Spray","Acrobatics","Leg Sweep+1","Well Laid Plans","Infinite Blades","Acrobatics","Blade Dance","Accuracy+1","Burst","Adrenaline","Calculated Gamble","Necronomicurse","All Out Attack+1","Footwork","Caltrops","Backstab","Infinite Blades","Concentrate","Night Terror","Backstab+1","Prepared+1","Madness","Madness","Phantasmal Killer","Cloak And Dagger","Backstab"],"relics":["Ring of the Snake","Meat on the Bone","Snake Skull","Blood Vial","Centennial Puzzle","WristBlade","Necronomicon","Paper Crane","Nunchaku","Darkstone Periapt","Runic Pyramid","Red Mask","Thread and Needle","Juzu Bracelet","Ginger"],"potions_floor_usage":[10,10,20,20,23,23,33,41,42,50],"damage_taken":[{"damage":4,"enemies":"2 Louse","floor":1,"turns":5},{"damage":4,"enemies":"Small Slimes","floor":4,"turns":3},{"damage":0,"enemies":"Cultist","floor":7,"turns":5},{"damage":0,"enemies":"3 Louse","floor":8,"turns":4},{"damage":22,"enemies":"3 Sentries","floor":10,"turns":10},{"damage":0,"enemies":"2 Fungi Beasts","floor":13,"turns":4},{"damage":5,"enemies":"Lagavulin","floor":14,"turns":8},{"damage":30,"enemies":"Slime Boss","floor":16,"turns":12},{"damage":8,"enemies":"Shell Parasite","floor":18,"turns":8},{"damage":16,"enemies":"2 Thieves","floor":20,"turns":5},{"damage":47,"enemies":"Slavers","floor":23,"turns":8},{"damage":15,"enemies":"Chosen and Byrds","floor":25,"turns":6},{"damage":32,"enemies":"Sentry and Sphere","floor":28,"turns":8},{"damage":10,"enemies":"Snecko","floor":30,"turns":7},{"damage":48,"enemies":"Automaton","floor":33,"turns":12},{"damage":3,"enemies":"3 Shapes","floor":35,"turns":4},{"damage":27,"enemies":"Orb Walker","floor":36,"turns":6},{"damage":20,"enemies":"Maw","floor":41,"turns":9},{"damage":29,"enemies":"Mind Bloom Boss Battle","floor":42,"turns":8},{"damage":32,"enemies":"Giant Head","floor":46,"turns":7},{"damage":20,"enemies":"3 Darklings","floor":47,"turns":6},{"damage":44,"enemies":"Awakened One","floor":50,"turns":3}],"seed_played":"-6233163140696626056","potions_obtained":[{"floor":4,"key":"Swift Potion"},{"floor":8,"key":"Swift Potion"},{"floor":10,"key":"GamblersBrew"},{"floor":14,"key":"Regen Potion"},{"floor":20,"key":"EssenceOfSteel"},{"floor":23,"key":"Strength Potion"},{"floor":36,"key":"Strength Potion"},{"floor":41,"key":"Weak Potion"},{"floor":46,"key":"Ancient Potion"},{"floor":47,"key":"Ancient Potion"}],"is_trial":false,"path_per_floor":["M","?","?","M","$","R","M","M","T","E","?","$","M","E","R","B",null,"M","?","M","$","?","E","R","M","T","$","M","?","M","?","R","B",null,"M","M","?","?","?","R","M","?","T","R","?","E","M","?","R","B"],"character_chosen":"THE_SILENT","items_purchased":["Leg Sweep","Well Laid Plans","Blood Vial","Footwork","Dexterity Potion","Infinite Blades"],"campfire_rested":5,"item_purchase_floors":[5,5,12,21,21,27],"current_hp_per_floor":[66,52,52,48,48,48,48,48,48,38,27,27,41,38,59,43,70,62,46,46,46,46,13,34,33,33,33,15,15,19,25,47,13,76,73,48,48,38,38,38,32,17,17,39,39,21,15,15,37,0],"gold":180,"neow_bonus":"ONE_RANDOM_RARE_CARD","is_prod":false,"is_daily":false,"chose_seed":false,"campfire_upgraded":2,"win_rate":0,"timestamp":1549336025,"path_taken":["M","?","?","M","$","R","M","?","T","E","?","$","M","E","R","BOSS","M","?","M","$","?","E","R","?","T","$","M","?","M","?","R","BOSS","M","M","?","?","?","R","M","?","T","R","?","E","M","?","R","BOSS"],"build_version":"2019-01-23","purchased_purges":1,"victory":false,"max_hp_per_floor":[70,70,70,70,70,70,70,70,70,70,70,70,70,70,70,70,70,70,70,70,70,70,70,70,70,70,70,70,70,70,76,76,76,76,76,76,76,76,76,76,76,76,76,76,76,76,76,76,76,76],"card_choices":[{"not_picked":["Deadly Poison","Poisoned Stab"],"picked":"Dagger Spray","floor":1},{"not_picked":["Outmaneuver","Deadly Poison"],"picked":"Acrobatics","floor":4},{"not_picked":["PiercingWail","Leg Sweep"],"picked":"Infinite Blades","floor":7},{"not_picked":["Blade Dance","Concentrate"],"picked":"Acrobatics","floor":8},{"not_picked":["Slice","Dagger Throw"],"picked":"Blade Dance","floor":10},{"not_picked":["Underhanded Strike","Predator"],"picked":"Accuracy","floor":13},{"not_picked":["Poisoned Stab","Corpse Explosion"],"picked":"Burst","floor":14},{"not_picked":["Doppelganger","Malaise"],"picked":"Adrenaline","floor":16},{"not_picked":["Slice","PiercingWail"],"picked":"Calculated Gamble","floor":18},{"not_picked":["Expertise","Endless Agony"],"picked":"All Out Attack+1","floor":20},{"not_picked":["Poisoned Stab","Calculated Gamble"],"picked":"Caltrops","floor":23},{"not_picked":["Eviscerate","Prepared"],"picked":"Backstab","floor":25},{"not_picked":["Night Terror","Dagger Spray+1"],"picked":"Concentrate","floor":28},{"not_picked":["Backflip","Deadly Poison","Underhanded Strike+1"],"picked":"SKIP","floor":30},{"not_picked":["Unload","Envenom"],"picked":"Night Terror","floor":33},{"not_picked":["Prepared+1","Bane"],"picked":"Backstab+1","floor":35},{"not_picked":["Quick Slash","Slice+1"],"picked":"Prepared+1","floor":36},{"not_picked":["Heel Hook+1","Dodge and Roll"],"picked":"Phantasmal Killer","floor":41},{"not_picked":["All Out Attack+1","Endless Agony"],"picked":"Cloak And Dagger","floor":42},{"not_picked":["Underhanded Strike+1","Quick Slash","Bane+1"],"picked":"SKIP","floor":46},{"not_picked":["Flying Knee","Reflex+1"],"picked":"Backstab","floor":47}],"player_experience":250984,"relics_obtained":[{"floor":9,"key":"Meat on the Bone"},{"floor":10,"key":"Snake Skull"},{"floor":14,"key":"Centennial Puzzle"},{"floor":19,"key":"Necronomicon"},{"floor":23,"key":"Paper Crane"},{"floor":26,"key":"Nunchaku"},{"floor":42,"key":"Thread and Needle"},{"floor":43,"key":"Juzu Bracelet"},{"floor":46,"key":"Ginger"}],"event_choices":[{"damage_healed":0,"gold_gain":0,"player_choice":"Entered Light","damage_taken":14,"max_hp_gain":0,"max_hp_loss":0,"event_name":"Shining Light","floor":2,"gold_loss":0,"cards_upgraded":["Strike_G","Defend_G"]},{"damage_healed":0,"gold_gain":100,"player_choice":"Gold","damage_taken":0,"max_hp_gain":0,"max_hp_loss":0,"event_name":"Wheel of Change","floor":3,"gold_loss":0},{"damage_healed":0,"gold_gain":75,"player_choice":"Gather Gold","damage_taken":11,"max_hp_gain":0,"max_hp_loss":0,"event_name":"World of Goop","floor":11,"gold_loss":0},{"damage_healed":0,"gold_gain":0,"player_choice":"Obtained Book","damage_taken":16,"max_hp_gain":0,"max_hp_loss":0,"event_name":"Cursed Tome","floor":19,"gold_loss":0},{"damage_healed":0,"gold_gain":0,"cards_transformed":["Strike_G"],"player_choice":"Transformed","damage_taken":0,"max_hp_gain":0,"max_hp_loss":0,"event_name":"Transmorgrifier","floor":22,"gold_loss":0,"cards_obtained":["Grand Finale"]},{"damage_healed":0,"gold_gain":0,"player_choice":"Paid Fearfully","damage_taken":0,"max_hp_gain":0,"max_hp_loss":0,"event_name":"Masked Bandits","floor":29,"gold_loss":18},{"damage_healed":0,"gold_gain":0,"player_choice":"Stole Relic","damage_taken":0,"relics_obtained":["Darkstone Periapt"],"max_hp_gain":0,"max_hp_loss":0,"event_name":"Addict","floor":31,"gold_loss":0,"cards_obtained":["Shame"]},{"cards_removed":["Grand Finale"],"damage_healed":0,"gold_gain":0,"player_choice":"Removed Attack","damage_taken":0,"max_hp_gain":0,"max_hp_loss":0,"event_name":"Falling","floor":37,"gold_loss":0},{"damage_healed":0,"gold_gain":0,"player_choice":"Embrace Madness","damage_taken":10,"max_hp_gain":0,"max_hp_loss":0,"event_name":"Winding Halls","floor":38,"gold_loss":0,"cards_obtained":["Madness","Madness"]},{"damage_healed":0,"gold_gain":0,"player_choice":"Paid","damage_taken":0,"relics_obtained":["Red Mask"],"max_hp_gain":0,"max_hp_loss":0,"event_name":"Tomb of Lord Red Mask","floor":39,"gold_loss":137},{"damage_healed":0,"gold_gain":0,"player_choice":"Fight","damage_taken":0,"max_hp_gain":0,"max_hp_loss":0,"event_name":"MindBloom","floor":42,"gold_loss":0},{"cards_removed":["Shame"],"damage_healed":0,"gold_gain":0,"player_choice":"Removed Curses","damage_taken":0,"max_hp_gain":0,"max_hp_loss":0,"event_name":"Fountain of Cleansing","floor":45,"gold_loss":0},{"damage_healed":0,"gold_gain":0,"player_choice":"Ignored","damage_taken":0,"max_hp_gain":0,"max_hp_loss":0,"event_name":"Mysterious Sphere","floor":48,"gold_loss":0}],"is_beta":false,"boss_relics":[{"not_picked":["Pandora\u0027s Box","Velvet Choker"],"picked":"WristBlade"},{"not_picked":["Eternal Feather","Tiny House"],"picked":"Runic Pyramid"}],"items_purged_floors":[12],"is_endless":false,"potions_floor_spawned":[4,8,10,14,20,23,36,41,46,47],"killed_by":"Awakened One","ascension_level":4}