{"path_per_floor":["M","$","M","M","?","R","E","R","T","?","M","R","M","$","R","B",null],"character_chosen":"IRONCLAD","items_purchased":[],"gold_per_floor":[110,35,53,65,65,65,109,109,109,109,127,127,145,45,45,169,169,169],"floor_reached":18,"campfire_rested":2,"playtime":988,"item_purchase_floors":[],"current_hp_per_floor":[63,63,65,71,51,51,25,49,49,49,31,55,58,58,58,30,68,0],"items_purged":["Regret","Strike_R"],"gold":169,"score":216,"play_id":"f90ff262-8e1e-4340-a33e-e0bb7a0f5570","local_time":"20180529151328","is_prod":false,"is_daily":false,"chose_seed":false,"is_ascension_mode":true,"campfire_upgraded":2,"win_rate":0,"timestamp":1527632008,"campfire_choices":[{"data":"True Grit","floor":6.0,"key":"SMITH"},{"floor":8.0,"key":"REST"},{"floor":12.0,"key":"REST"},{"data":"Armaments","floor":15.0,"key":"SMITH"}],"path_taken":["M","$","M","M","?","R","E","R","T","?","M","R","M","$","R","BOSS","M"],"build_version":"2018-05-24","seed_source_timestamp":696397293495915,"purchased_purges":2,"victory":false,"master_deck":["Strike_R","Strike_R","Strike_R","Strike_R","Defend_R","Defend_R","Defend_R","Defend_R","Bash","Inflame","True Grit+1","Shrug It Off","Armaments+1","Blood for Blood","Double Tap"],"max_hp_per_floor":[80,80,80,80,80,80,80,80,80,80,80,80,80,80,80,80,80,80],"relics":["Burning Blood","Sundial","Golden Idol","Frozen Egg 2","Juzu Bracelet","Velvet Choker"],"card_choices":[{"not_picked":["Pommel Strike","Infernal Blade"],"picked":"Inflame","floor":1.0},{"not_picked":["Heavy Blade","Seeing Red"],"picked":"True Grit","floor":3.0},{"not_picked":["Infernal Blade","Pommel Strike"],"picked":"Shrug It Off","floor":4.0},{"not_picked":["Clash","Dark Embrace"],"picked":"Armaments","floor":7.0},{"not_picked":["Sword Boomerang","Pommel Strike","Perfected Strike"],"picked":"SKIP","floor":11.0},{"not_picked":["Infernal Blade","Iron Wave"],"picked":"Blood for Blood","floor":13.0},{"not_picked":["Brutality+1","Fiend Fire"],"picked":"Double Tap","floor":16.0}],"player_experience":724050,"potions_floor_usage":[],"damage_taken":[{"damage":15.0,"enemies":"Cultist","floor":1.0,"turns":5.0},{"damage":4.0,"enemies":"Jaw Worm","floor":3.0,"turns":3.0},{"damage":0.0,"enemies":"2 Louse","floor":4.0,"turns":3.0},{"damage":32.0,"enemies":"Gremlin Nob","floor":7.0,"turns":5.0},{"damage":24.0,"enemies":"Large Slime","floor":11.0,"turns":11.0},{"damage":3.0,"enemies":"Red Slaver","floor":13.0,"turns":6.0},{"damage":34.0,"enemies":"Hexaghost","floor":16.0,"turns":11.0},{"damage":69,"enemies":"3 Byrds","floor":18,"turns":8}],"relics_obtained":[{"floor":7.0,"key":"Frozen Egg 2"},{"floor":9.0,"key":"Juzu Bracelet"}],"event_choices":[{"event_name":"Golden Idol","player_choice":"Take Damage","floor":5.0,"damage_taken":0.0},{"event_name":"Dead Adventurer","player_choice":"Searched \u00270\u0027 times","floor":10.0,"damage_taken":0.0}],"boss_relics":[],"items_purged_floors":[],"potions_floor_spawned":[7,11],"seed_played":"-8187293518395311803","killed_by":"3 Byrds","ascension_level":7,"potions_obtained":[{"floor":7.0,"key":"SteroidPotion"},{"floor":11.0,"key":"FearPotion"}],"is_trial":false}