{"path_per_floor":["M","M","?","M","?","E","R","E","T","E","$","E","M","M","R","B",null,"M","?","M","$","?","E","M","E","T","E","M","R","T","M","R","B",null,"M","$","M","M","M","E","R","M","T","?","R","E","?","M","R","B"],"character_chosen":"DEFECT","items_purchased":["Compile Driver+1","Master of Strategy","Gremlin Horn","Ancient Tea Set","Blizzard+1","Capacitor"],"gold_per_floor":[110,130,130,149,149,182,182,210,210,239,10,36,49,64,64,162,162,177,277,297,51,51,82,93,121,170,235,252,252,252,268,268,371,371,383,95,114,129,141,166,166,185,185,185,185,215,215,235,235,235],"floor_reached":51,"campfire_rested":3,"playtime":3281,"item_purchase_floors":[11,11,21,36,36,36],"current_hp_per_floor":[75,74,67,67,67,60,60,52,62,62,62,69,69,69,92,92,92,92,92,92,92,92,91,91,91,91,91,86,86,86,86,86,68,92,92,92,76,76,90,63,90,92,92,92,92,58,46,58,85,37],"items_purged":[],"gold":235,"score":1067,"play_id":"465613e6-f4df-41b3-86a7-04b7f9670258","local_time":"20180524222731","is_prod":false,"is_daily":false,"chose_seed":false,"is_ascension_mode":true,"campfire_upgraded":4,"win_rate":0,"timestamp":1527193651,"campfire_choices":[{"data":"Dualcast","floor":7,"key":"SMITH"},{"floor":15,"key":"REST"},{"data":"Rainbow","floor":29,"key":"SMITH"},{"data":"Glacier","floor":32,"key":"SMITH"},{"floor":41,"key":"REST"},{"data":"Buffer","floor":45,"key":"SMITH"},{"floor":49,"key":"REST"}],"path_taken":["M","M","?","M","?","E","R","E","T","E","$","E","M","M","R","BOSS","M","?","M","$","?","E","?","E","T","E","M","R","?","M","R","BOSS","M","$","?","M","M","E","R","M","T","?","R","E","?","?","R","BOSS"],"build_version":"2018-05-23v2","seed_source_timestamp":2081608019123,"purchased_purges":0,"victory":true,"master_deck":["Strike_B","Strike_B","Strike_B","Strike_B","Defend_B","Defend_B","Defend_B","Defend_B","Zap+1","Dualcast+1","Cold Snap","Coolheaded","Glacier+1","Go for the Eyes","Ball Lightning+1","Streamline+1","Rebound+1","Compile Driver+1","Master of Strategy","Rebound+1","Steam","Cold Snap+1","All For One+1","Ball Lightning+1","Skim","Ball Lightning+1","Compile Driver+1","Scrape+1","Rainbow+1","Capacitor","Sweeping Beam+1","Echo Form","Ball Lightning+1","Beam Cell+1","Self Repair+1","Barrage+1","Redo+1","Scrape+1","Blizzard+1","Capacitor","Beam Cell+1","Glacier+1","Defragment+1","Buffer+1","Doom and Gloom+1","Injury","Melter+1","Madness","Madness","Chill+1"],"max_hp_per_floor":[75,75,75,75,75,75,75,75,85,85,85,92,92,92,92,92,92,92,92,92,92,92,92,92,92,92,92,92,92,92,92,92,92,92,92,92,92,92,92,92,92,92,92,92,92,92,92,92,92,92],"relics":["Cracked Core","Bag of Marbles","Molten Egg 2","Oddly Smooth Stone","Pear","Kunai","Strawberry","Cursed Key","Gremlin Horn","Vajra","Omamori","Bottled Flame","DataDisk","Tiny Chest","Question Card","Orrery","Ancient Tea Set","Meat on the Bone","Pantograph","Smiling Mask"],"card_choices":[{"not_picked":["Chaos","Streamline"],"picked":"Cold Snap","floor":0},{"not_picked":["Blizzard","Steam"],"picked":"Coolheaded","floor":1},{"not_picked":["Sunder","Cold Snap"],"picked":"Glacier","floor":2},{"not_picked":["Sweeping Beam","Compile Driver"],"picked":"Go for the Eyes","floor":4},{"not_picked":["Chaos","Stack"],"picked":"Ball Lightning","floor":6},{"not_picked":["Barrage+1","Capacitor"],"picked":"Streamline+1","floor":8},{"not_picked":["Compile Driver+1","Skim"],"picked":"Rebound+1","floor":10},{"not_picked":["Cold Snap+1","Undo"],"picked":"Rebound+1","floor":12},{"not_picked":["Stack","Streamline+1"],"picked":"Steam","floor":13},{"not_picked":["Steam","Leap"],"picked":"Cold Snap+1","floor":14},{"not_picked":["Creative AI","Reboot"],"picked":"All For One+1","floor":16},{"not_picked":["Conserve Battery","Turbo"],"picked":"Ball Lightning+1","floor":18},{"not_picked":["Barrage+1","Ball Lightning+1"],"picked":"Skim","floor":20},{"not_picked":["Leap","Chill+1"],"picked":"Ball Lightning+1","floor":23},{"not_picked":["Lockon+1","Coolheaded"],"picked":"Compile Driver+1","floor":24},{"not_picked":["Hologram","Coolheaded"],"picked":"Scrape+1","floor":25},{"not_picked":["Rebound+1","Reprogram"],"picked":"Rainbow","floor":27},{"not_picked":["Turbo+1","Ball Lightning+1"],"picked":"Capacitor","floor":28},{"not_picked":["Recycle","Coolheaded+1","Blizzard+1"],"picked":"Sweeping Beam+1","floor":31},{"not_picked":["Buffer","Meteor Strike+1","Biased Cognition"],"picked":"Echo Form","floor":33},{"not_picked":["Doom and Gloom+1","Coolheaded","Auto Shields"],"picked":"Ball Lightning+1","floor":34},{"not_picked":["Redo","Force Field","Amplify"],"picked":"Beam Cell+1","floor":34},{"not_picked":["Coolheaded+1","Ball Lightning+1","Barrage+1"],"picked":"Self Repair+1","floor":34},{"not_picked":["Turbo","Hologram","Leap"],"picked":"Barrage+1","floor":34},{"not_picked":["Ball Lightning+1","Hologram","Consume"],"picked":"Redo+1","floor":34},{"not_picked":["Barrage+1","Lockon+1","Genetic Algorithm+1"],"picked":"Scrape+1","floor":35},{"not_picked":["Lockon+1","Rebound+1","Stack"],"picked":"Beam Cell+1","floor":37},{"not_picked":["Streamline+1","White Noise+1","Skim+1"],"picked":"Glacier+1","floor":38},{"not_picked":["Ball Lightning+1","Loop","Cold Snap+1"],"picked":"Defragment+1","floor":39},{"not_picked":["Ball Lightning+1","Fission","Compile Driver+1"],"picked":"Buffer","floor":40},{"not_picked":["Ball Lightning+1","Aggregate","Heatsinks+1"],"picked":"Doom and Gloom+1","floor":42},{"not_picked":["Darkness","Redo","Force Field"],"picked":"Melter+1","floor":46},{"not_picked":["Steam+1","Leap+1","Ball Lightning+1"],"picked":"Chill+1","floor":48}],"player_experience":162982,"potions_floor_usage":[12,12,16,25,33,33,39,39,46,50],"damage_taken":[{"damage":0,"enemies":"Cultist","floor":1,"turns":3},{"damage":1,"enemies":"Jaw Worm","floor":2,"turns":4},{"damage":0,"enemies":"2 Louse","floor":4,"turns":2},{"damage":7,"enemies":"Lagavulin","floor":6,"turns":9},{"damage":8,"enemies":"3 Sentries","floor":8,"turns":6},{"damage":0,"enemies":"Lagavulin","floor":10,"turns":6},{"damage":0,"enemies":"Gremlin Nob","floor":12,"turns":3},{"damage":0,"enemies":"Large Slime","floor":13,"turns":3},{"damage":0,"enemies":"Gremlin Gang","floor":14,"turns":4},{"damage":0,"enemies":"Slime Boss","floor":16,"turns":6},{"damage":0,"enemies":"2 Thieves","floor":18,"turns":3},{"damage":0,"enemies":"Chosen","floor":20,"turns":3},{"damage":1,"enemies":"Book of Stabbing","floor":23,"turns":4},{"damage":0,"enemies":"3 Cultists","floor":24,"turns":2},{"damage":0,"enemies":"Slavers","floor":25,"turns":3},{"damage":0,"enemies":"Book of Stabbing","floor":27,"turns":4},{"damage":5,"enemies":"Snake Plant","floor":28,"turns":3},{"damage":0,"enemies":"Snecko","floor":31,"turns":3},{"damage":18,"enemies":"Collector","floor":33,"turns":9},{"damage":0,"enemies":"Flame Bruiser 1 Orb","floor":35,"turns":2},{"damage":16,"enemies":"3 Darklings","floor":37,"turns":2},{"damage":0,"enemies":"Flame Bruiser 2 Orb","floor":38,"turns":2},{"damage":0,"enemies":"Sphere and 2 Shapes","floor":39,"turns":5},{"damage":27,"enemies":"2 Orb Walkers","floor":40,"turns":4},{"damage":6,"enemies":"3 Darklings","floor":42,"turns":4},{"damage":34,"enemies":"Nemesis","floor":46,"turns":5},{"damage":0,"enemies":"Transient","floor":48,"turns":5},{"damage":67,"enemies":"Time Eater","floor":50,"turns":12}],"relics_obtained":[{"floor":6,"key":"Molten Egg 2"},{"floor":8,"key":"Oddly Smooth Stone"},{"floor":9,"key":"Pear"},{"floor":10,"key":"Kunai"},{"floor":12,"key":"Strawberry"},{"floor":23,"key":"Omamori"},{"floor":25,"key":"Bottled Flame"},{"floor":26,"key":"DataDisk"},{"floor":27,"key":"Tiny Chest"},{"floor":30,"key":"Question Card"},{"floor":40,"key":"Meat on the Bone"},{"floor":43,"key":"Pantograph"},{"floor":46,"key":"Smiling Mask"}],"event_choices":[{"event_name":"Scrap Ooze","player_choice":"success","floor":3,"damage_taken":7},{"event_name":"Upgrade Shrine","player_choice":"Upgraded","floor":5,"damage_taken":0},{"event_name":"Golden Shrine","player_choice":"Pray","floor":19,"damage_taken":0},{"event_name":"The Mausoleum","player_choice":"Yes","floor":22,"damage_taken":0},{"event_name":"The Woman in Blue","player_choice":"Bought 0 Potions","floor":44,"damage_taken":0},{"event_name":"Winding Halls","player_choice":"Embrace Madness","floor":47,"damage_taken":0}],"boss_relics":[{"not_picked":["Eternal Feather","Ectoplasm"],"picked":"Cursed Key"},{"not_picked":["Runic Pyramid","Calling Bell"],"picked":"Orrery"}],"items_purged_floors":[],"potions_floor_spawned":[1,8,13,16,23,25,33,35,37,40,42],"seed_played":"-5453978498441609170","ascension_level":1,"potions_obtained":[{"floor":1,"key":"EssenceOfSteel"},{"floor":8,"key":"Weak Potion"},{"floor":13,"key":"Swift Potion"},{"floor":16,"key":"Fire Potion"},{"floor":23,"key":"Block Potion"},{"floor":25,"key":"Explosive Potion"},{"floor":33,"key":"Regen Potion"},{"floor":35,"key":"FairyPotion"},{"floor":37,"key":"Block Potion"},{"floor":40,"key":"Explosive Potion"},{"floor":42,"key":"PowerPotion"}],"is_trial":false}