{"gold_per_floor":[113,65,81,156,156,181,193,226,226,226,98,98,127,302,302,397,397,415,72,72,89,22,22,37,37,37,37,69,69],"floor_reached":29,"playtime":753,"items_purged":["Strike_B","Normality"],"score":295,"play_id":"8b0c8862-d80e-4672-be54-617c67893fe5","local_time":"20190203203613","is_ascension_mode":true,"campfire_choices":[{"data":"Creative AI","floor":10,"key":"SMITH"},{"data":"Dualcast","floor":12,"key":"SMITH"},{"floor":15,"key":"REST"},{"data":"Zap","floor":23,"key":"SMITH"},{"data":"Buffer","floor":25,"key":"SMITH"},{"data":"Buffer","floor":27,"key":"SMITH"}],"neow_cost":"NONE","seed_source_timestamp":466325131713988,"circlet_count":0,"master_deck":["Strike_B","Strike_B","Strike_B","Defend_B","Defend_B","Defend_B","Defend_B","Zap+1","Dualcast+1","Tempest","Ball Lightning","Doom and Gloom","Creative AI+1","Cold Snap","Doubt","Buffer+1","Clumsy","Parasite","Zap+1","Buffer+1"],"relics":["Cracked Core","Boot","PreservedInsect","WingedGreaves","Sundial","Darkstone Periapt","Calling Bell","Oddly Smooth Stone","Matryoshka","Gambling Chip","Cables","Shuriken","Gremlin Horn","Kunai"],"potions_floor_usage":[16,24,28],"damage_taken":[{"damage":6,"enemies":"Jaw Worm","floor":1,"turns":3},{"damage":0,"enemies":"2 Louse","floor":3,"turns":2},{"damage":30,"enemies":"3 Sentries","floor":6,"turns":7},{"damage":0,"enemies":"Cultist","floor":7,"turns":2},{"damage":14,"enemies":"Gremlin Nob","floor":8,"turns":3},{"damage":8,"enemies":"Lagavulin","floor":13,"turns":6},{"damage":24,"enemies":"The Guardian","floor":16,"turns":8},{"damage":13,"enemies":"3 Byrds","floor":18,"turns":4},{"damage":11,"enemies":"Spheric Guardian","floor":21,"turns":4},{"damage":30,"enemies":"Cultist and Chosen","floor":24,"turns":5},{"damage":6,"enemies":"Gremlin Leader","floor":28,"turns":4},{"damage":41,"enemies":"Slavers","floor":29,"turns":3}],"seed_played":"-7942115004479822556","potions_obtained":[{"floor":7,"key":"FocusPotion"},{"floor":13,"key":"Poison Potion"},{"floor":21,"key":"Explosive Potion"}],"is_trial":false,"path_per_floor":["M","$","M","?","?","E","M","E","T","R","$","R","E","?","R","B",null,"M","$","?","M","$","R","M","R","T","R","E","E"],"character_chosen":"DEFECT","items_purchased":["Ball Lightning","Cold Snap","Cables","Buffer"],"campfire_rested":1,"item_purchase_floors":[2,11,19,22],"current_hp_per_floor":[69,69,69,58,58,28,28,14,14,14,14,14,6,12,36,12,99,86,86,86,75,75,75,45,45,45,45,39,0],"gold":69,"neow_bonus":"RANDOM_COMMON_RELIC","is_prod":false,"is_daily":false,"chose_seed":false,"campfire_upgraded":5,"win_rate":0,"timestamp":1549186573,"path_taken":["M","$","M","?","?","E","M","E","T","R","$","R","E","?","R","BOSS","M","$","?","M","$","R","M","R","T","R","E","E"],"build_version":"2019-01-23","purchased_purges":2,"victory":false,"max_hp_per_floor":[75,75,75,75,75,75,75,75,75,75,75,75,75,81,81,81,99,99,99,99,99,99,99,99,99,99,99,99,99],"card_choices":[{"not_picked":["Sweeping Beam","Rebound"],"picked":"Tempest","floor":1},{"not_picked":["Skim","Genetic Algorithm","Rebound"],"picked":"SKIP","floor":3},{"not_picked":["Sweeping Beam","Auto Shields","Beam Cell"],"picked":"SKIP","floor":6},{"not_picked":["Lockon","Stack"],"picked":"Doom and Gloom","floor":7},{"not_picked":["Compile Driver","Steam"],"picked":"Creative AI","floor":8},{"not_picked":["Turbo","Barrage","Melter"],"picked":"SKIP","floor":13},{"not_picked":["Amplify","Fission"],"picked":"Buffer","floor":16},{"not_picked":["Go for the Eyes","Streamline","Hologram+1"],"picked":"SKIP","floor":18},{"not_picked":["Sweeping Beam+1","Hologram+1","Sunder"],"picked":"SKIP","floor":21},{"not_picked":["Skim","Doom and Gloom","Cold Snap"],"picked":"SKIP","floor":24},{"not_picked":["Scrape","Consume","Loop"],"picked":"SKIP","floor":28},{"not_picked":["Scrape","Consume","Loop"],"picked":"SKIP","floor":28}],"player_experience":1237689,"relics_obtained":[{"floor":6,"key":"PreservedInsect"},{"floor":8,"key":"WingedGreaves"},{"floor":9,"key":"Sundial"},{"floor":13,"key":"Darkstone Periapt"},{"floor":17,"key":"Oddly Smooth Stone"},{"floor":17,"key":"Matryoshka"},{"floor":17,"key":"Gambling Chip"},{"floor":26,"key":"Shuriken"},{"floor":26,"key":"Gremlin Horn"},{"floor":28,"key":"Kunai"}],"event_choices":[{"damage_healed":0,"gold_gain":75,"player_choice":"Gather Gold","damage_taken":11,"max_hp_gain":0,"max_hp_loss":0,"event_name":"World of Goop","floor":4,"gold_loss":0},{"damage_healed":0,"gold_gain":0,"player_choice":"Grow","damage_taken":0,"max_hp_gain":0,"max_hp_loss":0,"event_name":"Living Wall","floor":5,"gold_loss":0,"cards_upgraded":["Zap"]},{"damage_healed":0,"gold_gain":175,"player_choice":"AGREE","damage_taken":0,"max_hp_gain":0,"max_hp_loss":0,"event_name":"Liars Game","floor":14,"gold_loss":0,"cards_obtained":["Doubt"]},{"damage_healed":0,"gold_gain":0,"player_choice":"1 cards matched","damage_taken":0,"max_hp_gain":0,"max_hp_loss":0,"event_name":"Match and Keep!","floor":20,"gold_loss":0,"cards_obtained":["Zap"]}],"is_beta":true,"boss_relics":[{"not_picked":["FrozenCore","Pandora\u0027s Box"],"picked":"Calling Bell"}],"items_purged_floors":[11,19],"is_endless":false,"potions_floor_spawned":[7,13,21],"killed_by":"Slavers","ascension_level":1}