{"gold_per_floor":[116,136,149,224,241,241,261,261,261,286,10,30,44,74,74,171,171,187,197,217,233,15,40,40,40,40,40,65,81,111,131,131,232,232,246,246,10,10,22,49,49,62,62,76,76],"floor_reached":45,"playtime":2089,"items_purged":[],"score":522,"play_id":"a3816949-a8ec-4c65-b28b-79031b13c939","local_time":"20180816232941","is_ascension_mode":false,"campfire_choices":[{"floor":6,"key":"REST"},{"floor":8,"key":"REST"},{"floor":15,"key":"REST"},{"data":"Chaos","floor":25,"key":"SMITH"},{"data":"Coolheaded","floor":27,"key":"SMITH"},{"floor":32,"key":"REST"},{"floor":41,"key":"REST"}],"neow_cost":"","seed_source_timestamp":10189477318459,"circlet_count":0,"master_deck":["Strike_B","Strike_B","Strike_B","Strike_B","Defend_B","Defend_B","Defend_B","Defend_B","Zap","Dualcast","Melter","Ball Lightning","Beam Cell","Go for the Eyes","Gash","Ball Lightning","Genetic Algorithm","Beam Cell","Self Repair","Thunder Strike","Steam+1","Sweeping Beam+1","Chaos+1","Doom and Gloom","Coolheaded+1","Ball Lightning","Conserve Battery","Auto Shields+1","Glacier+1","Leap","Seek","Steam Power+1","Jack Of All Trades","Scrape","FTL","Flash of Steel","Steam","Madness","Madness","Beam Cell+1","Stack","Chaos","Shame","Stack+1"],"relics":["Cracked Core","Odd Mushroom","Oddly Smooth Stone","Ornamental Fan","Membership Card","Dodecahedron","Busted Crown","Pen Nib","Regal Pillow","Calipers","Red Mask","Vajra","Cursed Key","Gambling Chip","Anchor"],"potions_floor_usage":[5,7,7,12,16,20,21,28,28,40],"damage_taken":[{"damage":3,"enemies":"Jaw Worm","floor":1,"turns":3},{"damage":0,"enemies":"2 Louse","floor":2,"turns":3},{"damage":1,"enemies":"Cultist","floor":3,"turns":3},{"damage":20,"enemies":"Exordium Wildlife","floor":5,"turns":3},{"damage":15,"floor":7,"turns":4},{"damage":19,"enemies":"Lagavulin","floor":10,"turns":4},{"damage":0,"enemies":"Looter","floor":12,"turns":2},{"damage":16,"enemies":"Large Slime","floor":13,"turns":4},{"damage":10,"enemies":"Gremlin Nob","floor":14,"turns":3},{"damage":24,"enemies":"Slime Boss","floor":16,"turns":10},{"damage":12,"enemies":"Spheric Guardian","floor":18,"turns":4},{"damage":7,"enemies":"Shell Parasite","floor":19,"turns":4},{"damage":2,"enemies":"Centurion and Healer","floor":20,"turns":7},{"damage":1,"enemies":"Chosen and Byrds","floor":21,"turns":5},{"damage":15,"enemies":"Slavers","floor":23,"turns":5},{"damage":7,"floor":28,"turns":3},{"damage":0,"enemies":"3 Cultists","floor":29,"turns":4},{"damage":12,"enemies":"Book of Stabbing","floor":30,"turns":4},{"damage":26,"enemies":"Snecko","floor":31,"turns":5},{"damage":25,"enemies":"Automaton","floor":33,"turns":12},{"damage":3,"enemies":"3 Darklings","floor":35,"turns":5},{"damage":0,"enemies":"Flame Bruiser 1 Orb","floor":39,"turns":5},{"damage":63,"enemies":"2 Orb Walkers","floor":40,"turns":7},{"damage":6,"enemies":"Jaw Worm Horde","floor":42,"turns":5},{"damage":0,"enemies":"4 Shapes","floor":44,"turns":3},{"damage":65,"enemies":"Giant Head","floor":45,"turns":8}],"seed_played":"-3125860055212811318","potions_obtained":[{"floor":1,"key":"Poison Potion"},{"floor":3,"key":"Swift Potion"},{"floor":5,"key":"Weak Potion"},{"floor":14,"key":"Weak Potion"},{"floor":18,"key":"Strength Potion"},{"floor":19,"key":"Regen Potion"},{"floor":20,"key":"Weak Potion"},{"floor":23,"key":"SpeedPotion"},{"floor":33,"key":"SteroidPotion"},{"floor":35,"key":"SmokeBomb"},{"floor":39,"key":"Ancient Potion"}],"is_trial":false,"path_per_floor":["M","M","M","?","M","R","?","R","T","E","$","M","M","E","R","B",null,"M","M","M","M","$","E","?","R","T","R","?","M","E","M","R","B",null,"M","?","$","?","M","E","R","M","T","M"],"character_chosen":"DEFECT","items_purchased":["Membership Card","Genetic Algorithm","SteroidPotion","Pen Nib","Doom and Gloom","Coolheaded","Scrape","FTL","Flash of Steel","Steam"],"campfire_rested":5,"item_purchase_floors":[11,11,11,22,22,22,37,37,37,37],"current_hp_per_floor":[72,72,71,60,40,62,47,69,69,50,50,50,34,24,46,29,75,70,70,75,75,75,67,67,67,67,67,67,67,62,43,75,57,75,75,75,75,66,73,17,54,55,55,62,0],"gold":76,"neow_bonus":"","is_prod":false,"is_daily":false,"chose_seed":false,"campfire_upgraded":2,"win_rate":0.0,"timestamp":1534454981,"path_taken":["M","M","M","?","M","R","?","R","T","E","$","?","M","E","R","BOSS","M","M","M","M","$","E","?","R","T","R","?","M","E","M","R","BOSS","M","?","?","?","M","E","R","M","T","M","E"],"build_version":"2018-08-16","purchased_purges":0,"victory":false,"max_hp_per_floor":[75,75,75,75,75,75,75,75,75,75,75,75,75,75,75,75,75,75,75,75,75,75,75,75,75,75,75,75,75,75,75,75,75,75,75,75,75,75,75,75,75,75,75,75,75],"card_choices":[{"not_picked":["Force Field","Sweeping Beam"],"picked":"Melter","floor":1},{"not_picked":["Coolheaded","Multi-Cast"],"picked":"Ball Lightning","floor":2},{"not_picked":["Steam","Go for the Eyes"],"picked":"Beam Cell","floor":3},{"not_picked":["Force Field","Redo"],"picked":"Go for the Eyes","floor":5},{"not_picked":["Auto Shields","Redo"],"picked":"Gash","floor":7},{"not_picked":["Barrage","Electrodynamics"],"picked":"Ball Lightning","floor":10},{"not_picked":["Darkness","Fusion","Sweeping Beam"],"picked":"SKIP","floor":12},{"not_picked":["Fusion","Ball Lightning"],"picked":"Beam Cell","floor":13},{"not_picked":["Ball Lightning","Streamline"],"picked":"Self Repair","floor":14},{"not_picked":["Biased Cognition","Multi-Cast"],"picked":"Thunder Strike","floor":16},{"not_picked":[],"picked":"Steam+1","floor":18},{"not_picked":[],"picked":"Sweeping Beam+1","floor":19},{"not_picked":["Streamline+1"],"picked":"SKIP","floor":20},{"not_picked":[],"picked":"Chaos","floor":21},{"not_picked":[],"picked":"Ball Lightning","floor":23},{"not_picked":[],"picked":"Conserve Battery","floor":28},{"not_picked":[],"picked":"Auto Shields+1","floor":29},{"not_picked":[],"picked":"Glacier+1","floor":30},{"not_picked":[],"picked":"Leap","floor":31},{"not_picked":[],"picked":"Seek","floor":33},{"not_picked":[],"picked":"Steam Power+1","floor":35},{"not_picked":[],"picked":"Jack Of All Trades","floor":36},{"not_picked":[],"picked":"Beam Cell+1","floor":39},{"not_picked":[],"picked":"Stack","floor":40},{"not_picked":[],"picked":"Chaos","floor":42},{"not_picked":[],"picked":"Stack+1","floor":44}],"player_experience":7051,"relics_obtained":[{"floor":7,"key":"Odd Mushroom"},{"floor":9,"key":"Oddly Smooth Stone"},{"floor":10,"key":"Ornamental Fan"},{"floor":14,"key":"Dodecahedron"},{"floor":23,"key":"Regal Pillow"},{"floor":26,"key":"Calipers"},{"floor":28,"key":"Red Mask"},{"floor":30,"key":"Vajra"},{"floor":40,"key":"Gambling Chip"},{"floor":43,"key":"Anchor"}],"event_choices":[{"event_name":"World of Goop","player_choice":"Gather Gold","floor":4,"damage_taken":0},{"event_name":"Mushrooms","player_choice":"Fought Mushrooms","floor":7,"damage_taken":0},{"event_name":"Addict","player_choice":"Ignored","floor":24,"damage_taken":0},{"event_name":"Masked Bandits","player_choice":"Fought Bandits","floor":28,"damage_taken":0},{"event_name":"SensoryStone","player_choice":"Memory 1","floor":36,"damage_taken":0},{"event_name":"Winding Halls","player_choice":"Embrace Madness","floor":38,"damage_taken":0}],"is_beta":true,"boss_relics":[{"not_picked":["Eternal Feather","Coffee Dripper"],"picked":"Busted Crown"},{"not_picked":["Snecko Eye","Fusion Hammer"],"picked":"Cursed Key"}],"items_purged_floors":[],"is_endless":false,"potions_floor_spawned":[1,3,5,14,18,19,20,23,33,35,39],"killed_by":"Giant Head","ascension_level":0}