{"path_per_floor":["M","?","$","M","$","E","M","R","T","?","M","M","?","M","R","B",null,"M","M","$","M","?","?","?","$","T","M","M","M","?","M","R","B",null,"M","?","?","M","$","R","M","$","T","$","M","R","M","M","R"],"character_chosen":"DEFECT","items_purchased":["Defragment","Bottled Lightning","PowerPotion","Energy Potion"],"gold_per_floor":[119,119,49,66,66,96,107,107,107,207,219,239,189,205,205,308,308,291,306,55,69,69,69,69,20,20,38,57,75,0,16,16,121,121,132,132,0,16,16,16,36,36,66,15,26,26,36,48,48,48],"floor_reached":50,"campfire_rested":4,"playtime":2141,"item_purchase_floors":[3,20,25,44],"current_hp_per_floor":[75,63,63,59,59,19,19,41,41,41,46,42,42,38,60,38,75,45,27,27,30,30,30,30,30,30,42,40,40,40,41,63,37,75,73,64,64,54,54,66,56,56,56,56,46,58,39,33,67,0],"items_purged":[],"gold":48,"score":448,"play_id":"07297206-7498-4449-913d-e52b8a8e3fa0","local_time":"20180604003116","is_prod":false,"is_daily":false,"chose_seed":false,"is_ascension_mode":false,"campfire_upgraded":2,"win_rate":0.0,"timestamp":1528036276,"campfire_choices":[{"floor":8,"key":"REST"},{"floor":15,"key":"REST"},{"floor":32,"key":"REST"},{"data":"Creative AI","floor":40,"key":"SMITH"},{"data":"Amplify","floor":46,"key":"SMITH"},{"floor":49,"key":"REST"}],"path_taken":["M","?","$","M","$","E","M","R","T","?","M","?","?","M","R","BOSS","M","M","$","M","?","?","?","?","T","M","M","M","?","?","R","BOSS","M","?","?","M","$","R","M","$","T","?","M","R","M","M","R","BOSS"],"build_version":"2018-05-31","seed_source_timestamp":43364070457065,"purchased_purges":0,"victory":false,"master_deck":["Strike_B","Strike_B","Defend_B","Defend_B","Defend_B","Defend_B","Zap","Dualcast","Defragment","White Noise","Double Energy","Capacitor","Core Surge","Chill","Streamline","Storm","Meteor Strike","Reinforced Body","Creative AI+1","Chill+1","Consume+1","Genetic Algorithm","Amplify+1","Decay","Consume","Capacitor","Defragment","Rainbow","Rainbow","Madness","Madness","Chill+1"],"max_hp_per_floor":[75,75,75,75,75,75,75,75,75,75,75,75,75,75,75,75,75,75,75,75,75,75,75,75,75,75,75,75,75,75,75,75,75,75,75,75,75,75,75,75,75,75,75,75,75,75,75,75,75,75],"relics":["Cracked Core","Prayer Wheel","Happy Flower","Meat on the Bone","Velvet Choker","Bottled Lightning","Art of War","Eternal Feather","Red Mask","Tiny Chest"],"card_choices":[{"not_picked":["Barrage","Cold Snap","Skim"],"picked":"SKIP","floor":1},{"not_picked":["Compile Driver","Barrage"],"picked":"White Noise","floor":4},{"not_picked":["Steam","Lockon"],"picked":"Double Energy","floor":4},{"not_picked":["Scrape","Storm"],"picked":"Capacitor","floor":6},{"not_picked":["Aggregate","Sweeping Beam"],"picked":"Core Surge","floor":7},{"not_picked":["Capacitor","Ball Lightning"],"picked":"Chill","floor":7},{"not_picked":["Sweeping Beam","Coolheaded"],"picked":"Streamline","floor":11},{"not_picked":["Beam Cell","Barrage"],"picked":"Storm","floor":11},{"not_picked":["Conserve Battery","Blizzard","Sweeping Beam"],"picked":"SKIP","floor":12},{"not_picked":["Cold Snap","Stack","Compile Driver"],"picked":"SKIP","floor":12},{"not_picked":["Sweeping Beam","Steam"],"picked":"Meteor Strike","floor":14},{"not_picked":["Steam","Leap"],"picked":"Reinforced Body","floor":14},{"not_picked":["Reboot","Electrodynamics"],"picked":"Creative AI","floor":16},{"not_picked":["Redo+1","Ball Lightning+1"],"picked":"Chill+1","floor":18},{"not_picked":["Steam Power","Recycle","Go for the Eyes+1"],"picked":"SKIP","floor":18},{"not_picked":["Barrage","Genetic Algorithm"],"picked":"Consume+1","floor":19},{"not_picked":["Chaos+1","Ball Lightning"],"picked":"Genetic Algorithm","floor":19},{"not_picked":["Streamline","Turbo","Steam"],"picked":"SKIP","floor":21},{"not_picked":["Leap","Hologram","Stack+1"],"picked":"SKIP","floor":21},{"not_picked":["Stack","Darkness+1"],"picked":"Consume","floor":27},{"not_picked":["Beam Cell","Hologram","Static Discharge"],"picked":"SKIP","floor":27},{"not_picked":["Genetic Algorithm","Sunder"],"picked":"Capacitor","floor":28},{"not_picked":["Stack","Beam Cell"],"picked":"Defragment","floor":28},{"not_picked":["Blizzard+1","Steam"],"picked":"Rainbow","floor":29},{"not_picked":["Hologram","Gash","Leap"],"picked":"SKIP","floor":29},{"not_picked":["Cold Snap","Skim+1","Gash"],"picked":"SKIP","floor":31},{"not_picked":["Static Discharge","Hologram","Cold Snap"],"picked":"SKIP","floor":31},{"not_picked":["Core Surge","Hyperbeam"],"picked":"Rainbow","floor":33},{"not_picked":["Steam+1","Lockon+1","Ball Lightning+1"],"picked":"SKIP","floor":35},{"not_picked":["Conserve Battery","Turbo+1","Redo+1"],"picked":"SKIP","floor":35},{"not_picked":["Heatsinks+1","Double Energy","Gash+1"],"picked":"SKIP","floor":38},{"not_picked":["Ball Lightning","Sweeping Beam","Streamline"],"picked":"SKIP","floor":38},{"not_picked":["Aggregate","Barrage+1","Beam Cell"],"picked":"SKIP","floor":41},{"not_picked":["Conserve Battery","Stack","Compile Driver+1"],"picked":"SKIP","floor":41},{"not_picked":["Steam","Sweeping Beam+1","Scrape"],"picked":"SKIP","floor":45},{"not_picked":["Go for the Eyes","Rainbow","Sunder"],"picked":"SKIP","floor":45},{"not_picked":["Beam Cell","Gash+1","Turbo"],"picked":"SKIP","floor":47},{"not_picked":["Compile Driver+1","Glacier+1","Coolheaded+1"],"picked":"SKIP","floor":47},{"not_picked":["Conserve Battery","Gash"],"picked":"Chill+1","floor":48},{"not_picked":["FTL+1","Undo+1","Chill"],"picked":"SKIP","floor":48}],"player_experience":307226,"potions_floor_usage":[7,14,16,28,28,29,50,50],"damage_taken":[{"damage":0,"enemies":"Small Slimes","floor":1,"turns":3},{"damage":4,"enemies":"2 Louse","floor":4,"turns":3},{"damage":40,"enemies":"Lagavulin","floor":6,"turns":7},{"damage":0,"enemies":"Cultist","floor":7,"turns":2},{"damage":7,"enemies":"Blue Slaver","floor":11,"turns":2},{"damage":4,"enemies":"Red Slaver","floor":12,"turns":4},{"damage":13,"enemies":"Large Slime","floor":14,"turns":4},{"damage":22,"enemies":"The Guardian","floor":16,"turns":10},{"damage":30,"enemies":"2 Thieves","floor":18,"turns":4},{"damage":30,"enemies":"Shell Parasite","floor":19,"turns":6},{"damage":9,"enemies":"Centurion and Healer","floor":21,"turns":9},{"damage":0,"enemies":"Snecko","floor":27,"turns":4},{"damage":14,"enemies":"Chosen and Byrds","floor":28,"turns":6},{"damage":0,"enemies":"Centurion and Healer","floor":29,"turns":6},{"damage":11,"enemies":"Snecko","floor":31,"turns":6},{"damage":38,"enemies":"Collector","floor":33,"turns":8},{"damage":2,"enemies":"3 Darklings","floor":35,"turns":8},{"damage":10,"enemies":"3 Shapes","floor":38,"turns":5},{"damage":10,"enemies":"Maw","floor":41,"turns":7},{"damage":10,"enemies":"3 Darklings","floor":45,"turns":8},{"damage":19,"enemies":"Sphere and 2 Shapes","floor":47,"turns":7},{"damage":18,"enemies":"Maw","floor":48,"turns":6},{"damage":84,"enemies":"Awakened One","floor":50,"turns":5}],"relics_obtained":[{"floor":6,"key":"Happy Flower"},{"floor":9,"key":"Meat on the Bone"},{"floor":26,"key":"Art of War"},{"floor":43,"key":"Tiny Chest"}],"event_choices":[{"event_name":"Scrap Ooze","player_choice":"success","floor":2,"damage_taken":12},{"event_name":"Golden Shrine","player_choice":"Pray","floor":10,"damage_taken":0},{"event_name":"The Cleric","player_choice":"Card Removal","floor":13,"damage_taken":0},{"event_name":"Purifier","player_choice":"One Purge","floor":22,"damage_taken":0},{"event_name":"The Library","player_choice":"Read","floor":23,"damage_taken":0},{"event_name":"Wheel of Change","player_choice":"Curse","floor":24,"damage_taken":0},{"event_name":"Masked Bandits","player_choice":"Paid Bandits 75 gold","floor":30,"damage_taken":0},{"event_name":"Winding Halls","player_choice":"Embrace Madness","floor":36,"damage_taken":0},{"event_name":"Tomb of Lord Red Mask","player_choice":"Paid","floor":37,"damage_taken":0}],"boss_relics":[{"not_picked":["Tiny House","Lizard Tail"],"picked":"Velvet Choker"},{"not_picked":["Pandora\u0027s Box","Philosopher\u0027s Stone"],"picked":"Eternal Feather"}],"items_purged_floors":[],"potions_floor_spawned":[6,7,12,19,21,31,47,48],"seed_played":"-8954772871813283660","killed_by":"Awakened One","ascension_level":0,"potions_obtained":[{"floor":6,"key":"Poison Potion"},{"floor":7,"key":"Regen Potion"},{"floor":12,"key":"SkillPotion"},{"floor":19,"key":"Fire Potion"},{"floor":21,"key":"SteroidPotion"},{"floor":31,"key":"FearPotion"},{"floor":47,"key":"GamblersBrew"},{"floor":48,"key":"Regen Potion"}],"is_trial":false}