{"gold_per_floor":[119,133,149,73,73,73,90,90,113,148,148,180,180,191,191,288,288,304,46,46,46,46,81,81,97,97,130,130,141,151,165,165,263,263,279,297,309,54,54,54,73,104,104,104,116,16,16,16,16,16],"floor_reached":51,"playtime":4294,"items_purged":["Strike_G","Writhe"],"score":675,"play_id":"bc6fee0d-527b-45fe-877d-8d17494fa40c","local_time":"20190206171112","is_ascension_mode":false,"campfire_choices":[{"data":"Well Laid Plans","floor":8.0,"key":"SMITH"},{"data":"Backstab","floor":11.0,"key":"SMITH"},{"data":"Neutralize","floor":13.0,"key":"SMITH"},{"data":"Blade Dance","floor":15.0,"key":"SMITH"},{"data":"Footwork","floor":24.0,"key":"SMITH"},{"floor":32,"key":"REST"},{"data":"Adrenaline","floor":40,"key":"SMITH"},{"data":"Terror","floor":47,"key":"SMITH"},{"data":"Noxious Fumes","floor":49,"key":"SMITH"}],"neow_cost":"NONE","seed_source_timestamp":0,"circlet_count":0,"master_deck":["Defend_G","Defend_G","Defend_G","Defend_G","Defend_G","Strike_G","Strike_G","Strike_G","Strike_G","Survivor","Neutralize+1","Backstab+1","PiercingWail","Well Laid Plans+1","Noxious Fumes+1","Choke","PiercingWail","Deadly Poison","Blade Dance+1","Malaise","Dagger Spray+1","Footwork+1","Backstab","Terror+1","Blur+1","Backflip+1","Leg Sweep+1","Adrenaline+1","Finisher+1","Deflect+1","PiercingWail","Injury","Footwork+1"],"special_seed":0,"relics":["Ring of the Snake","NeowsBlessing","PreservedInsect","Ancient Tea Set","Nunchaku","WristBlade","Pen Nib","Bag of Marbles","Pear","Sundial","Cursed Key","Bottled Lightning","Happy Flower","Anchor"],"potions_floor_usage":[33,33,33,50],"damage_taken":[{"damage":0.0,"enemies":"Jaw Worm","floor":1.0,"turns":1.0},{"damage":0.0,"enemies":"Cultist","floor":2.0,"turns":1.0},{"damage":0.0,"enemies":"2 Louse","floor":3.0,"turns":1.0},{"damage":6.0,"enemies":"Lots of Slimes","floor":7.0,"turns":5.0},{"damage":1.0,"enemies":"3 Sentries","floor":10.0,"turns":6.0},{"damage":8.0,"enemies":"Gremlin Nob","floor":12.0,"turns":4.0},{"damage":11.0,"enemies":"Large Slime","floor":14.0,"turns":6.0},{"damage":9.0,"enemies":"The Guardian","floor":16.0,"turns":11.0},{"damage":0.0,"enemies":"3 Byrds","floor":18.0,"turns":5.0},{"damage":21.0,"enemies":"Book of Stabbing","floor":23.0,"turns":7.0},{"damage":0.0,"enemies":"Chosen","floor":25.0,"turns":3.0},{"damage":5.0,"enemies":"Gremlin Leader","floor":27.0,"turns":7.0},{"damage":6.0,"enemies":"Sentry and Sphere","floor":29.0,"turns":6.0},{"damage":0.0,"enemies":"3 Cultists","floor":30.0,"turns":5.0},{"damage":0.0,"enemies":"Centurion and Healer","floor":31.0,"turns":6.0},{"damage":18,"enemies":"Collector","floor":33,"turns":12},{"damage":0,"enemies":"Orb Walker","floor":35,"turns":1},{"damage":1,"enemies":"3 Shapes","floor":36,"turns":3},{"damage":0,"enemies":"Maw","floor":37,"turns":6},{"damage":7,"enemies":"3 Darklings","floor":41,"turns":10},{"damage":32,"enemies":"Reptomancer","floor":42,"turns":4},{"damage":5,"enemies":"4 Shapes","floor":45,"turns":9},{"damage":11,"enemies":"Donu and Deca","floor":50,"turns":13}],"seed_played":"-2860698544443410827","potions_obtained":[{"floor":10.0,"key":"SteroidPotion"},{"floor":12.0,"key":"Explosive Potion"},{"floor":16.0,"key":"Fire Potion"},{"floor":25.0,"key":"Swift Potion"},{"floor":30.0,"key":"Fire Potion"},{"floor":33,"key":"PowerPotion"},{"floor":41,"key":"SpeedPotion"}],"is_trial":false,"path_per_floor":["M","M","M","$","?","?","M","R","T","E","R","E","R","M","R","B",null,"M","$","?","?","?","E","R","M","T","E","?","M","M","M","R","B",null,"M","M","M","$","?","R","M","E","T","?","M","$","R","$","R","B",null],"character_chosen":"THE_SILENT","items_purchased":["Noxious Fumes","Footwork","Backstab","Terror","Bottled Lightning"],"campfire_rested":1,"item_purchase_floors":[4,19,19,19,38],"current_hp_per_floor":[70,70,70,70,70,70,64,64,64,63,63,55,55,44,44,35,70,70,70,70,70,70,49,49,49,59,54,54,48,48,48,72,54,80,80,79,79,79,79,79,72,40,40,80,75,75,75,75,75,64],"gold":16,"neow_bonus":"THREE_ENEMY_KILL","is_prod":false,"is_daily":false,"chose_seed":false,"campfire_upgraded":8,"win_rate":0,"timestamp":1549469472,"path_taken":["M","M","M","$","?","?","M","R","T","E","R","E","R","M","R","BOSS","M","$","?","?","?","E","R","M","T","E","?","M","M","M","R","BOSS","M","M","M","$","?","R","?","E","T","?","?","$","R","$","R","BOSS"],"build_version":"2019-01-23","purchased_purges":2,"victory":true,"max_hp_per_floor":[70,70,70,70,70,70,70,70,70,70,70,70,70,70,70,70,70,70,70,70,70,70,70,70,70,80,80,80,80,80,80,80,80,80,80,80,80,80,80,80,80,80,80,80,80,80,80,80,80,80],"card_choices":[{"not_picked":["Dodge and Roll","Backflip"],"picked":"Backstab","floor":1.0},{"not_picked":["Dodge and Roll","Tactician"],"picked":"PiercingWail","floor":2.0},{"not_picked":["Underhanded Strike","Flying Knee"],"picked":"Well Laid Plans","floor":3.0},{"not_picked":["Distraction","Sucker Punch","Quick Slash"],"picked":"SKIP","floor":7.0},{"not_picked":["Well Laid Plans","Slice"],"picked":"PiercingWail","floor":10.0},{"not_picked":["Night Terror","Dagger Spray"],"picked":"Deadly Poison","floor":12.0},{"not_picked":["Quick Slash","All Out Attack"],"picked":"Blade Dance","floor":14.0},{"not_picked":["Venomology","Burst"],"picked":"Malaise","floor":16.0},{"not_picked":["Prepared","Poisoned Stab"],"picked":"Dagger Spray+1","floor":18.0},{"not_picked":["Well Laid Plans+1","Eviscerate","Terror"],"picked":"SKIP","floor":23.0},{"not_picked":["Masterful Stab","Backflip"],"picked":"Blur+1","floor":25.0},{"not_picked":["Quick Slash","Dagger Throw","Deadly Poison"],"picked":"SKIP","floor":27.0},{"not_picked":["Skewer","Deflect"],"picked":"Backflip+1","floor":29.0},{"not_picked":["Catalyst","Slice"],"picked":"Leg Sweep+1","floor":30.0},{"not_picked":["Prepared","Expertise+1","Dagger Spray"],"picked":"SKIP","floor":31.0},{"not_picked":["Malaise","Phantasmal Killer"],"picked":"Adrenaline","floor":33},{"not_picked":["Heel Hook","Skewer+1"],"picked":"Finisher+1","floor":35},{"not_picked":["Flechettes","Blur"],"picked":"Deflect+1","floor":36},{"not_picked":["Dagger Throw","Quick Slash+1"],"picked":"PiercingWail","floor":37},{"not_picked":["Caltrops","Slice"],"picked":"Flechettes","floor":41},{"not_picked":["Bane+1","Flechettes","Blade Dance"],"picked":"SKIP","floor":42},{"not_picked":["Poisoned Stab","Leg Sweep"],"picked":"Footwork+1","floor":45}],"player_experience":30160,"relics_obtained":[{"floor":9.0,"key":"PreservedInsect"},{"floor":10.0,"key":"Ancient Tea Set"},{"floor":12.0,"key":"Nunchaku"},{"floor":23.0,"key":"Bag of Marbles"},{"floor":26.0,"key":"Pear"},{"floor":27.0,"key":"Sundial"},{"floor":42,"key":"Happy Flower"},{"floor":43,"key":"Anchor"}],"event_choices":[{"damage_healed":0.0,"max_hp_gain":0.0,"max_hp_loss":0.0,"gold_gain":0.0,"event_name":"Liars Game","player_choice":"Ignored","floor":5.0,"gold_loss":0.0,"damage_taken":0.0},{"damage_healed":0.0,"max_hp_gain":0.0,"max_hp_loss":0.0,"gold_gain":0.0,"event_name":"Match and Keep!","player_choice":"1 cards matched","floor":6.0,"gold_loss":0.0,"damage_taken":0.0,"cards_obtained":["Choke"]},{"damage_healed":0.0,"max_hp_gain":0.0,"max_hp_loss":0.0,"gold_gain":0.0,"event_name":"Ghosts","player_choice":"Ignored","floor":20.0,"gold_loss":0.0,"damage_taken":0.0},{"damage_healed":0.0,"max_hp_gain":0.0,"max_hp_loss":0.0,"gold_gain":0.0,"event_name":"The Mausoleum","player_choice":"Opened","floor":21.0,"gold_loss":0.0,"damage_taken":0.0,"relics_obtained":["Pen Nib"],"cards_obtained":["Writhe"]},{"damage_healed":0.0,"max_hp_gain":0.0,"max_hp_loss":0.0,"gold_gain":0.0,"event_name":"The Woman in Blue","player_choice":"Bought 0 Potions","floor":28.0,"gold_loss":0.0,"damage_taken":0.0},{"damage_healed":0,"gold_gain":0,"player_choice":"Ignored","damage_taken":0,"max_hp_gain":0,"max_hp_loss":0,"event_name":"SecretPortal","floor":39,"gold_loss":0},{"cards_removed":["Flechettes"],"damage_healed":40,"gold_gain":0,"player_choice":"Offered Uncommon","damage_taken":0,"max_hp_gain":0,"max_hp_loss":0,"event_name":"Bonfire Elementals","floor":44,"gold_loss":0}],"is_beta":false,"boss_relics":[{"not_picked":["Empty Cage","Velvet Choker"],"picked":"WristBlade"},{"not_picked":["Snecko Eye","Philosopher\u0027s Stone"],"picked":"Cursed Key"}],"items_purged_floors":[19,46],"is_endless":false,"potions_floor_spawned":[10,12,16,25,27,30,33,41],"ascension_level":0}