{"gold_per_floor":[114,39,54,54,69,69,96,96,96,126,126,161,101,113,113,185,185,201,201,211,235,235,235,263,275,366,378],"floor_reached":27,"playtime":1360,"items_purged":["Normality"],"score":494,"play_id":"6d2f5923-6f3d-4e2d-ab9f-f7e43b662bf0","local_time":"20181219144614","is_ascension_mode":true,"campfire_choices":[{"data":"Bludgeon","floor":6.0,"key":"SMITH"},{"floor":11.0,"key":"DIG"},{"floor":15.0,"key":"REST"},{"floor":23.0,"key":"DIG"}],"neow_cost":"CURSE","seed_source_timestamp":0,"circlet_count":0,"master_deck":["AscendersBane","Defend_R","Defend_R","Defend_R","Defend_R","Bash+1","Bludgeon+1","Metallicize","Ghostly Armor","Dual Wield","Reaper","Pommel Strike","Reaper","Pommel Strike","Bite","Bite","Bite","Bite","Bite"],"special_seed":0,"relics":["Burning Blood","Letter Opener","Sundial","PreservedInsect","Shovel","Girya","Bag of Preparation","Busted Crown","Strawberry","FossilizedHelix","MawBank","Matryoshka"],"potions_floor_usage":[27],"damage_taken":[{"damage":5.0,"enemies":"2 Louse","floor":1.0,"turns":3.0},{"damage":10.0,"enemies":"Small Slimes","floor":3.0,"turns":3.0},{"damage":7.0,"enemies":"Jaw Worm","floor":5.0,"turns":2.0},{"damage":5.0,"enemies":"Gremlin Nob","floor":7.0,"turns":3.0},{"damage":9.0,"enemies":"Lagavulin","floor":10.0,"turns":6.0},{"damage":26.0,"enemies":"Gremlin Nob","floor":12.0,"turns":4.0},{"damage":19.0,"enemies":"Large Slime","floor":14.0,"turns":5.0},{"damage":39.0,"enemies":"Slime Boss","floor":16.0,"turns":11.0},{"damage":9.0,"enemies":"Spheric Guardian","floor":18.0,"turns":5.0},{"damage":23.0,"enemies":"3 Byrds","floor":20.0,"turns":8.0},{"damage":61.0,"enemies":"Slavers","floor":24.0,"turns":9.0},{"damage":39,"enemies":"Sentry and Sphere","floor":27,"turns":5}],"seed_played":"2007760111700947576","potions_obtained":[{"floor":3.0,"key":"AttackPotion"},{"floor":7.0,"key":"Swift Potion"},{"floor":12.0,"key":"AttackPotion"},{"floor":14.0,"key":"FearPotion"},{"floor":20.0,"key":"Swift Potion"}],"is_trial":false,"path_per_floor":["M","$","M","?","M","R","E","?","T","E","R","E","?","M","R","B",null,"M","?","M","T","?","R","E","$","T","M"],"character_chosen":"IRONCLAD","items_purchased":[],"campfire_rested":1,"item_purchase_floors":[],"current_hp_per_floor":[69,69,65,54,53,53,54,54,54,51,51,31,31,26,48,29,64,61,52,52,59,59,59,21,21,21,0],"gold":378,"neow_bonus":"THREE_RARE_CARDS","is_prod":false,"is_daily":false,"chose_seed":false,"campfire_upgraded":1,"win_rate":0,"timestamp":1545259574,"path_taken":["M","$","M","?","M","R","E","?","T","E","R","E","?","M","R","BOSS","M","?","M","?","?","R","E","$","T","M"],"build_version":"2018-12-13","purchased_purges":1,"victory":false,"max_hp_per_floor":[75,75,75,75,75,75,75,75,75,75,75,75,75,75,75,75,75,75,52,52,59,59,59,59,59,59,59],"card_choices":[{"not_picked":["Exhume","Berserk"],"picked":"Bludgeon","floor":0.0},{"not_picked":["Warcry","Entrench","Perfected Strike"],"picked":"SKIP","floor":1.0},{"not_picked":["Iron Wave","Seeing Red"],"picked":"Metallicize","floor":3.0},{"not_picked":["Cleave","Dual Wield"],"picked":"Ghostly Armor","floor":5.0},{"not_picked":["Combust","Iron Wave"],"picked":"Dual Wield","floor":7.0},{"not_picked":["Hemokinesis","Headbutt"],"picked":"Reaper","floor":10.0},{"not_picked":["Sentinel","Bloodletting","Sword Boomerang"],"picked":"SKIP","floor":12.0},{"not_picked":["Twin Strike","Iron Wave"],"picked":"Pommel Strike","floor":14.0},{"not_picked":["Double Tap","Bludgeon"],"picked":"Reaper","floor":16.0},{"not_picked":[],"picked":"Pommel Strike","floor":18.0},{"not_picked":["Body Slam"],"picked":"SKIP","floor":20.0},{"not_picked":["Headbutt"],"picked":"SKIP","floor":24.0}],"player_experience":1587862,"relics_obtained":[{"floor":7.0,"key":"Sundial"},{"floor":9.0,"key":"PreservedInsect"},{"floor":10.0,"key":"Shovel"},{"floor":11.0,"key":"Girya"},{"floor":12.0,"key":"Bag of Preparation"},{"floor":21.0,"key":"Strawberry"},{"floor":23.0,"key":"FossilizedHelix"},{"floor":24.0,"key":"MawBank"},{"floor":26.0,"key":"Matryoshka"}],"event_choices":[{"damage_healed":0.0,"max_hp_gain":0.0,"max_hp_loss":0.0,"gold_gain":0.0,"event_name":"Scrap Ooze","player_choice":"Success","floor":4.0,"gold_loss":0.0,"damage_taken":11.0,"relics_obtained":["Letter Opener"]},{"damage_healed":0.0,"max_hp_gain":0.0,"max_hp_loss":0.0,"gold_gain":0.0,"event_name":"Living Wall","player_choice":"Grow","floor":8.0,"gold_loss":0.0,"damage_taken":0.0,"cards_upgraded":["Bash"]},{"damage_healed":0.0,"max_hp_gain":0.0,"max_hp_loss":0.0,"gold_gain":0.0,"event_name":"World of Goop","player_choice":"Left Gold","floor":13.0,"gold_loss":60.0,"damage_taken":0.0},{"damage_healed":0.0,"max_hp_gain":0.0,"max_hp_loss":23.0,"gold_gain":0.0,"event_name":"Vampires","player_choice":"Became a vampire","floor":19.0,"gold_loss":0.0,"damage_taken":0.0,"cards_obtained":["Bite","Bite","Bite","Bite","Bite"]},{"damage_healed":0.0,"max_hp_gain":0.0,"max_hp_loss":0.0,"gold_gain":0.0,"event_name":"Beggar","player_choice":"Ignored","floor":22.0,"gold_loss":0.0,"damage_taken":0.0}],"is_beta":false,"boss_relics":[{"not_picked":["Cursed Key","Empty Cage"],"picked":"Busted Crown"}],"items_purged_floors":[2],"is_endless":false,"potions_floor_spawned":[3,7,12,14,20],"killed_by":"Sentry and Sphere","ascension_level":18}