{"gold_per_floor":[218,218,235,250,14,14,45,45,92,92,107,119,119,135,135,240,240,255,255,265,275,36,61,61,81,81,96,96,96,124,136,136,236,236,256,274,329,346,3,32,32,63,63,73,173,20,46,58,58,58,58,58,10,44,44],"floor_reached":56,"playtime":4863,"items_purged":["Strike_B"],"score":1816,"play_id":"86df35fe-01f6-47d1-aa26-5bfe3d6c6270","local_time":"20190126005633","is_ascension_mode":true,"campfire_choices":[{"floor":6.0,"key":"REST"},{"data":"Sunder","floor":10.0,"key":"SMITH"},{"data":"Zap","floor":13.0,"key":"SMITH"},{"data":"Darkness","floor":15.0,"key":"SMITH"},{"data":"Echo Form","floor":24.0,"key":"SMITH"},{"floor":28.0,"key":"RECALL"},{"floor":32.0,"key":"REST"},{"floor":41.0,"key":"REST"},{"floor":49.0,"key":"REST"},{"floor":52,"key":"REST"}],"neow_cost":"NONE","seed_source_timestamp":336559573660563,"circlet_count":0,"master_deck":["AscendersBane","Strike_B","Strike_B","Defend_B+1","Defend_B","Defend_B","Defend_B+1","Zap+1","Dualcast","Darkness+1","Cold Snap","Gash","Melter","Self Repair","Chill","Sunder+1","Conserve Battery","Glacier","Glacier","Echo Form+1","Genetic Algorithm","Electrodynamics","Darkness","Static Discharge","Blizzard","Gash+1","Seek","Go for the Eyes+1","Defragment+1","Conserve Battery+1","Loop"],"special_seed":0,"relics":["Cracked Core","Pen Nib","DataDisk","Runic Pyramid","Bottled Tornado","Happy Flower","Mummified Hand","Nilry\u0027s Codex","Bottled Flame","Nuclear Battery","Turnip","Torii","PreservedInsect","Cables","Bag of Preparation","Dodecahedron"],"potions_floor_usage":[50,50,55],"damage_taken":[{"damage":7.0,"enemies":"Small Slimes","floor":1.0,"turns":3.0},{"damage":7.0,"enemies":"Jaw Worm","floor":3.0,"turns":3.0},{"damage":0.0,"enemies":"Cultist","floor":4.0,"turns":4.0},{"damage":10.0,"enemies":"Gremlin Nob","floor":7.0,"turns":4.0},{"damage":0.0,"enemies":"3 Louse","floor":11.0,"turns":3.0},{"damage":2.0,"enemies":"Blue Slaver","floor":12.0,"turns":4.0},{"damage":8.0,"enemies":"Looter","floor":14.0,"turns":3.0},{"damage":11.0,"enemies":"Hexaghost","floor":16.0,"turns":12.0},{"damage":3.0,"enemies":"3 Byrds","floor":18.0,"turns":5.0},{"damage":0.0,"enemies":"Spheric Guardian","floor":20.0,"turns":1.0},{"damage":9.0,"enemies":"Snake Plant","floor":21.0,"turns":6.0},{"damage":6.0,"enemies":"Slavers","floor":23.0,"turns":6.0},{"damage":12.0,"enemies":"Shelled Parasite and Fungi","floor":25.0,"turns":3.0},{"damage":6.0,"enemies":"Centurion and Healer","floor":27.0,"turns":6.0},{"damage":36.0,"enemies":"Gremlin Leader","floor":30.0,"turns":7.0},{"damage":3.0,"enemies":"Snecko","floor":31.0,"turns":6.0},{"damage":38.0,"enemies":"Champ","floor":33.0,"turns":8.0},{"damage":20.0,"enemies":"3 Darklings","floor":35.0,"turns":3.0},{"damage":0.0,"enemies":"Orb Walker","floor":36.0,"turns":3.0},{"damage":28.0,"enemies":"2 Orb Walkers","floor":37.0,"turns":6.0},{"damage":0.0,"enemies":"Maw","floor":38.0,"turns":8.0},{"damage":17.0,"enemies":"Giant Head","floor":40.0,"turns":9.0},{"damage":9.0,"enemies":"Reptomancer","floor":42.0,"turns":7.0},{"damage":19.0,"enemies":"4 Shapes","floor":44.0,"turns":5.0},{"damage":24.0,"enemies":"Nemesis","floor":47.0,"turns":7.0},{"damage":0.0,"enemies":"Jaw Worm Horde","floor":48.0,"turns":3.0},{"damage":43,"enemies":"Time Eater","floor":50,"turns":9},{"damage":17,"enemies":"Shield and Spear","floor":54,"turns":8},{"damage":48,"enemies":"The Heart","floor":55,"turns":11}],"seed_played":"7503768114372598396","potions_obtained":[{"floor":1.0,"key":"EssenceOfSteel"},{"floor":11.0,"key":"SkillPotion"},{"floor":16.0,"key":"AttackPotion"},{"floor":18.0,"key":"FearPotion"},{"floor":20.0,"key":"Weak Potion"},{"floor":23.0,"key":"GamblersBrew"},{"floor":31.0,"key":"Swift Potion"},{"floor":35.0,"key":"Energy Potion"},{"floor":40.0,"key":"Swift Potion"}],"is_trial":false,"path_per_floor":["M","?","M","M","$","R","E","$","T","R","M","M","R","M","R","B",null,"M","?","M","M","$","E","R","M","T","M","R","?","E","M","R","B",null,"M","M","?","M","$","E","R","E","T","M","?","$","E","M","R","B",null,"R","$","E","B",null],"character_chosen":"DEFECT","items_purchased":["Melter","AttackPotion","Self Repair","Chill","Bottled Tornado","Torii","FearPotion","Regen Potion","Weak Potion"],"campfire_rested":5,"item_purchase_floors":[5,5,5,5,22,39,39,46,53],"current_hp_per_floor":[61,46,39,39,39,61,58,58,58,58,65,70,70,62,62,58,71,75,75,75,73,73,74,74,75,75,75,75,59,37,48,70,46,68,48,62,48,69,69,66,75,75,75,70,70,70,60,60,75,54,70,75,75,72,31],"gold":44,"neow_bonus":"HUNDRED_GOLD","is_prod":false,"is_daily":false,"chose_seed":false,"campfire_upgraded":4,"win_rate":0,"timestamp":1548482193,"path_taken":["M","?","M","M","$","R","E","$","T","R","M","M","R","M","R","BOSS","M","?","M","?","$","E","R","M","T","M","R","?","E","M","R","BOSS","M","M","?","M","$","E","R","E","T","M","?","$","E","?","R","BOSS","R","$","E","BOSS"],"build_version":"2019-01-23","purchased_purges":1,"victory":true,"max_hp_per_floor":[75,75,75,75,75,75,75,75,75,75,75,75,75,75,75,75,75,75,75,75,75,75,75,75,75,75,75,75,75,75,75,75,75,75,75,75,75,75,75,75,75,75,75,75,75,75,75,75,75,75,75,75,75,75,75],"card_choices":[{"not_picked":["Genetic Algorithm","Beam Cell"],"picked":"Darkness","floor":1.0},{"not_picked":["Barrage","Conserve Battery"],"picked":"Cold Snap","floor":3.0},{"not_picked":["Chill","Barrage"],"picked":"Gash","floor":4.0},{"not_picked":["Cold Snap","Chill"],"picked":"Sunder","floor":7.0},{"not_picked":["Streamline","Storm"],"picked":"Conserve Battery","floor":11.0},{"not_picked":["Go for the Eyes","Hologram"],"picked":"Glacier","floor":12.0},{"not_picked":["Beam Cell","Sunder"],"picked":"Glacier","floor":14.0},{"not_picked":["Hyperbeam","Electrodynamics"],"picked":"Echo Form","floor":16.0},{"not_picked":["Scrape","Streamline+1"],"picked":"Genetic Algorithm","floor":18.0},{"not_picked":["Cold Snap","Redo+1"],"picked":"Electrodynamics","floor":20.0},{"not_picked":["Melter","Leap"],"picked":"Darkness","floor":21.0},{"not_picked":["Rip and Tear","Redo","Recycle"],"picked":"SKIP","floor":23.0},{"not_picked":["Steam","Lockon"],"picked":"Static Discharge","floor":25.0},{"not_picked":["Cold Snap","Auto Shields"],"picked":"Blizzard","floor":27.0},{"not_picked":["Barrage","Loop"],"picked":"Gash+1","floor":30.0},{"not_picked":["Streamline","Barrage","Storm"],"picked":"SKIP","floor":31.0},{"not_picked":["Hyperbeam","Reboot"],"picked":"Seek","floor":33.0},{"not_picked":["Blizzard","Redo","Fusion"],"picked":"SKIP","floor":35.0},{"not_picked":["Consume","Hologram+1","Steam"],"picked":"SKIP","floor":36.0},{"not_picked":["Tempest+1","Rip and Tear+1","Sweeping Beam"],"picked":"SKIP","floor":38.0},{"not_picked":["Streamline","Chaos"],"picked":"Go for the Eyes+1","floor":40.0},{"not_picked":["Beam Cell+1","Redo"],"picked":"Defragment+1","floor":42.0},{"not_picked":["Electrodynamics","Steam Power","Rebound"],"picked":"SKIP","floor":44.0},{"not_picked":["Chill","Cold Snap"],"picked":"Conserve Battery+1","floor":47.0},{"not_picked":["Beam Cell","Compile Driver","Steam Power+1"],"picked":"SKIP","floor":48.0},{"not_picked":["Beam Cell+1","Skim"],"picked":"Loop","floor":54}],"player_experience":625954,"relics_obtained":[{"floor":7.0,"key":"Pen Nib"},{"floor":9.0,"key":"DataDisk"},{"floor":23.0,"key":"Happy Flower"},{"floor":26.0,"key":"Mummified Hand"},{"floor":29.0,"key":"Nilry\u0027s Codex"},{"floor":30.0,"key":"Bottled Flame"},{"floor":37.0,"key":"Turnip"},{"floor":40.0,"key":"PreservedInsect"},{"floor":42.0,"key":"Cables"},{"floor":47.0,"key":"Bag of Preparation"},{"floor":54,"key":"Dodecahedron"}],"event_choices":[{"damage_healed":0.0,"max_hp_gain":0.0,"max_hp_loss":0.0,"gold_gain":0.0,"event_name":"Shining Light","player_choice":"Entered Light","floor":2.0,"gold_loss":0.0,"damage_taken":15.0,"cards_upgraded":["Defend_B","Defend_B"]},{"cards_removed":["Strike_B"],"damage_healed":0.0,"max_hp_gain":0.0,"max_hp_loss":0.0,"gold_gain":0.0,"event_name":"Bonfire Elementals","player_choice":"Offered Basic","floor":19.0,"gold_loss":0.0,"damage_taken":0.0},{"damage_healed":0.0,"max_hp_gain":0.0,"max_hp_loss":0.0,"gold_gain":0.0,"event_name":"Cursed Tome","player_choice":"Obtained Book","floor":29.0,"gold_loss":0.0,"damage_taken":16.0},{"damage_healed":0.0,"max_hp_gain":0.0,"max_hp_loss":0.0,"gold_gain":0.0,"event_name":"Mysterious Sphere","player_choice":"Fight","floor":37.0,"gold_loss":0.0,"damage_taken":0.0},{"damage_healed":0.0,"max_hp_gain":0.0,"max_hp_loss":0.0,"gold_gain":100.0,"event_name":"Golden Shrine","player_choice":"Pray","floor":45.0,"gold_loss":0.0,"damage_taken":0.0}],"is_beta":false,"boss_relics":[{"not_picked":["White Beast Statue","Calling Bell"],"picked":"Runic Pyramid"},{"not_picked":["Empty Cage","Runic Dome"],"picked":"Nuclear Battery"}],"items_purged_floors":[46],"is_endless":false,"potions_floor_spawned":[1,11,16,18,20,23,31,35,40],"ascension_level":12}