{"gold_per_floor":[113,113,113,129,129,129,160,160,183,217,217,260,274,294,294,387,387,403,422,422],"floor_reached":20,"playtime":958,"items_purged":[],"score":412,"play_id":"d58ca6d6-c7cc-4055-8469-6c457969520c","local_time":"20190102092021","is_ascension_mode":true,"campfire_choices":[{"data":"Spot Weakness","floor":6,"key":"SMITH"},{"data":"Battle Trance","floor":8,"key":"SMITH"},{"data":"Armaments","floor":11,"key":"SMITH"},{"data":"Sword Boomerang","floor":15,"key":"SMITH"}],"neow_cost":"NONE","seed_source_timestamp":1041111327763306,"circlet_count":0,"master_deck":["AscendersBane","Strike_R+1","Strike_R","Strike_R","Strike_R+1","Strike_R","Defend_R","Defend_R","Defend_R","Defend_R","Bash","Spot Weakness+1","Battle Trance+1","Feel No Pain","Armaments+1","Pummel","Sword Boomerang+1","Clothesline","Offering","True Grit"],"relics":["Black Blood","NeowsBlessing","Golden Idol","Shuriken","The Courier","Blood Vial","StoneCalendar","Whetstone"],"potions_floor_usage":[12,16,19,19],"damage_taken":[{"damage":0,"enemies":"Jaw Worm","floor":1,"turns":1},{"damage":0,"enemies":"Small Slimes","floor":4,"turns":1},{"damage":0,"enemies":"Gremlin Nob","floor":7,"turns":1},{"damage":13,"enemies":"3 Sentries","floor":10,"turns":8},{"damage":27,"enemies":"Lagavulin","floor":12,"turns":7},{"damage":1,"enemies":"Cultist","floor":13,"turns":3},{"damage":5,"enemies":"2 Fungi Beasts","floor":14,"turns":3},{"damage":36,"enemies":"Slime Boss","floor":16,"turns":9},{"damage":29,"enemies":"Shell Parasite","floor":18,"turns":5},{"damage":24,"enemies":"Chosen","floor":19,"turns":7},{"damage":46,"enemies":"3 Cultists","floor":20,"turns":5}],"seed_played":"-6200507177861071017","potions_obtained":[{"floor":1,"key":"Poison Potion"},{"floor":4,"key":"SpeedPotion"},{"floor":13,"key":"SkillPotion"},{"floor":16,"key":"Weak Potion"}],"is_trial":false,"path_per_floor":["M","?","?","M","?","R","E","R","T","E","R","E","M","M","R","B",null,"M","M","M"],"character_chosen":"IRONCLAD","items_purchased":[],"campfire_rested":0,"item_purchase_floors":[],"current_hp_per_floor":[74,48,48,54,49,49,55,55,55,50,50,31,38,41,41,13,60,43,31,0],"gold":422,"neow_bonus":"THREE_ENEMY_KILL","is_prod":false,"is_daily":false,"chose_seed":false,"campfire_upgraded":4,"win_rate":0,"timestamp":1546449621,"path_taken":["M","?","?","?","?","R","E","R","T","E","R","E","M","M","R","BOSS","M","M","M"],"build_version":"2018-12-20","purchased_purges":0,"victory":false,"max_hp_per_floor":[75,75,75,75,75,75,75,75,75,75,75,75,75,75,75,75,75,75,75,75],"card_choices":[{"not_picked":["Hemokinesis","Power Through"],"picked":"Spot Weakness","floor":1},{"not_picked":["Sever Soul","Feel No Pain"],"picked":"Battle Trance","floor":4},{"not_picked":["Heavy Blade","Offering"],"picked":"Feel No Pain","floor":7},{"not_picked":["Heavy Blade","Searing Blow"],"picked":"Armaments","floor":10},{"not_picked":["Heavy Blade","Combust"],"picked":"Pummel","floor":12},{"not_picked":["Havoc","Wild Strike"],"picked":"Sword Boomerang","floor":13},{"not_picked":["Intimidate","Clash"],"picked":"Clothesline","floor":14},{"not_picked":["Bludgeon","Barricade"],"picked":"Offering","floor":16},{"not_picked":["Sever Soul","Clothesline","Clash"],"picked":"SKIP","floor":18},{"not_picked":["Rupture","Havoc"],"picked":"True Grit","floor":19}],"player_experience":1623235,"relics_obtained":[{"floor":7,"key":"The Courier"},{"floor":9,"key":"Blood Vial"},{"floor":10,"key":"StoneCalendar"},{"floor":12,"key":"Whetstone"}],"event_choices":[{"damage_healed":0,"gold_gain":0,"player_choice":"Take Damage","damage_taken":26,"relics_obtained":["Golden Idol"],"max_hp_gain":0,"max_hp_loss":0,"event_name":"Golden Idol","floor":2,"gold_loss":0},{"damage_healed":0,"gold_gain":0,"player_choice":"0 cards matched","damage_taken":0,"max_hp_gain":0,"max_hp_loss":0,"event_name":"Match and Keep!","floor":3,"gold_loss":0,"cards_obtained":[]},{"damage_healed":0,"gold_gain":0,"player_choice":"Success","damage_taken":5,"relics_obtained":["Shuriken"],"max_hp_gain":0,"max_hp_loss":0,"event_name":"Scrap Ooze","floor":5,"gold_loss":0}],"is_beta":false,"boss_relics":[{"not_picked":["Busted Crown","Calling Bell"],"picked":"Black Blood"}],"items_purged_floors":[],"is_endless":false,"potions_floor_spawned":[1,4,13,16,18],"killed_by":"3 Cultists","ascension_level":18}