{"gold_per_floor":[109,109,129,140,155,183,183,211,211,19,53,53,71,71,71,200,200,220,220,42,67,166,202,202,226,226,261,285,328,341,362,362,481,481,494,11,27,48,48,81,22,22,22,45,45,72,112,0,0,0],"floor_reached":51,"playtime":3097,"items_purged":["Strike_G"],"score":1085,"play_id":"dc59250a-1cc1-4e76-83c9-cade023223d0","local_time":"20190207125351","is_ascension_mode":true,"campfire_choices":[{"floor":7,"key":"REST"},{"data":"Crippling Poison","floor":12,"key":"SMITH"},{"floor":15,"key":"REST"},{"floor":24,"key":"REST"},{"floor":32,"key":"REST"},{"floor":42,"key":"REST"},{"data":"Apotheosis","floor":45,"key":"SMITH"},{"floor":49,"key":"REST"}],"neow_cost":"NONE","seed_source_timestamp":2323749321640215,"circlet_count":0,"master_deck":["Defend_G","Defend_G","Defend_G","Defend_G","Defend_G","Strike_G","Strike_G","Strike_G","Survivor","Neutralize","Well Laid Plans","All Out Attack","Sucker Punch+1","PiercingWail","Dagger Throw","Crippling Poison+1","Deadly Poison","Footwork+1","Die Die Die+1","Deflect","Noxious Fumes","Expertise+1","Dodge and Roll","Leg Sweep","Concentrate","Backflip","Die Die Die","Outmaneuver","Predator","Finisher+1","Choke","Noxious Fumes+1","Acrobatics+1","Apotheosis+1","Adrenaline","Outmaneuver+1","Blur+1","Noxious Fumes"],"relics":["Ring of the Snake","Ancient Tea Set","Torii","Pear","Lee\u0027s Waffle","Sundial","Golden Idol","Philosopher\u0027s Stone","Oddly Smooth Stone","Incense Burner","Whetstone","Ice Cream","Blue Candle","Vajra","Orrery","PreservedInsect","Centennial Puzzle","Meat on the Bone","Ninja Scroll","Blood Vial","Art of War","Red Mask"],"potions_floor_usage":[8,16,16,23,23,29,33,50,50,50],"damage_taken":[{"damage":0,"enemies":"Small Slimes","floor":1,"turns":5},{"damage":2,"enemies":"Cultist","floor":3,"turns":4},{"damage":2,"enemies":"Jaw Worm","floor":4,"turns":5},{"damage":1,"enemies":"3 Louse","floor":5,"turns":3},{"damage":39,"enemies":"Gremlin Nob","floor":6,"turns":5},{"damage":32,"enemies":"Lagavulin","floor":8,"turns":7},{"damage":39,"enemies":"Gremlin Nob","floor":11,"turns":5},{"damage":8,"enemies":"Looter","floor":13,"turns":2},{"damage":35,"enemies":"Slime Boss","floor":16,"turns":12},{"damage":2,"enemies":"2 Thieves","floor":18,"turns":4},{"damage":4,"enemies":"3 Byrds","floor":21,"turns":4},{"damage":29,"enemies":"Book of Stabbing","floor":23,"turns":6},{"damage":0,"enemies":"Gremlin Leader","floor":27,"turns":6},{"damage":1,"enemies":"Snake Plant","floor":28,"turns":5},{"damage":3,"enemies":"Slavers","floor":29,"turns":4},{"damage":2,"enemies":"Chosen and Byrds","floor":30,"turns":6},{"damage":15,"enemies":"Sentry and Sphere","floor":31,"turns":7},{"damage":47,"enemies":"Collector","floor":33,"turns":12},{"damage":16,"enemies":"3 Darklings","floor":35,"turns":3},{"damage":4,"enemies":"3 Shapes","floor":37,"turns":3},{"damage":2,"enemies":"Maw","floor":38,"turns":6},{"damage":30,"enemies":"Giant Head","floor":40,"turns":7},{"damage":2,"enemies":"Jaw Worm Horde","floor":44,"turns":3},{"damage":1,"enemies":"Reptomancer","floor":47,"turns":4},{"damage":37,"enemies":"Donu and Deca","floor":50,"turns":8}],"seed_played":"2389710572869226440","potions_obtained":[{"floor":0,"key":"FairyPotion"},{"floor":0,"key":"GhostInAJar"},{"floor":0,"key":"Ancient Potion"},{"floor":1,"key":"SkillPotion"},{"floor":8,"key":"Dexterity Potion"},{"floor":11,"key":"AttackPotion"},{"floor":21,"key":"SkillPotion"},{"floor":27,"key":"LiquidBronze"},{"floor":28,"key":"Ancient Potion"},{"floor":31,"key":"Fire Potion"},{"floor":33,"key":"Dexterity Potion"},{"floor":40,"key":"Weak Potion"}],"is_trial":false,"path_per_floor":["M","?","M","M","M","E","R","E","T","$","E","R","M","?","R","B",null,"M","?","$","M","?","E","R","T","T","E","M","E","M","M","R","B",null,"M","$","M","M","?","E","?","R","T","M","R","T","E","?","R","B",null],"character_chosen":"THE_SILENT","items_purchased":["Lee\u0027s Waffle","Oddly Smooth Stone","Noxious Fumes","Apotheosis","Adrenaline","PreservedInsect"],"campfire_rested":6,"item_purchase_floors":[10,20,20,36,36,36],"current_hp_per_floor":[63,63,61,59,58,19,40,8,18,87,48,48,40,19,45,10,68,66,66,66,62,62,33,59,59,59,59,58,55,53,38,64,17,70,54,54,50,48,48,18,18,44,44,54,54,54,55,55,81,46],"gold":0,"neow_bonus":"THREE_SMALL_POTIONS","is_prod":false,"is_daily":false,"chose_seed":false,"campfire_upgraded":2,"win_rate":0,"timestamp":1549504431,"path_taken":["M","?","M","M","M","E","R","E","T","?","E","R","M","?","R","BOSS","M","?","$","?","?","E","R","?","T","E","M","E","M","M","R","BOSS","M","$","M","M","?","E","?","R","T","?","R","?","E","?","R","BOSS"],"build_version":"2019-01-23","purchased_purges":1,"victory":true,"max_hp_per_floor":[70,70,70,70,70,70,70,70,80,87,87,87,87,87,87,87,87,87,87,87,87,87,87,87,87,87,87,87,87,87,87,87,87,87,87,87,87,87,87,87,87,87,87,87,87,87,87,87,87,87],"card_choices":[{"not_picked":["Underhanded Strike","Eviscerate"],"picked":"Well Laid Plans","floor":1},{"not_picked":["Flying Knee","Skewer"],"picked":"All Out Attack","floor":3},{"not_picked":["Flechettes","Doppelganger"],"picked":"Sucker Punch","floor":4},{"not_picked":["Outmaneuver","Prepared"],"picked":"PiercingWail","floor":5},{"not_picked":["Distraction","Masterful Stab"],"picked":"Dagger Throw","floor":6},{"not_picked":["Backflip","Endless Agony"],"picked":"Crippling Poison","floor":8},{"not_picked":["Prepared","Storm of Steel"],"picked":"Deadly Poison","floor":11},{"not_picked":["Acrobatics","Underhanded Strike"],"picked":"Footwork","floor":13},{"not_picked":["Burst","Wraith Form v2"],"picked":"Die Die Die","floor":16},{"not_picked":["Acrobatics","Dagger Throw"],"picked":"Deflect","floor":18},{"not_picked":["Underhanded Strike+1","Concentrate","Accuracy+1"],"picked":"SKIP","floor":21},{"not_picked":["Poisoned Stab","Flying Knee"],"picked":"Expertise+1","floor":23},{"not_picked":["Acrobatics","Dagger Spray+1"],"picked":"Dodge and Roll","floor":27},{"not_picked":["Expertise+1","Bouncing Flask"],"picked":"Leg Sweep","floor":28},{"not_picked":["Dagger Spray","Prepared"],"picked":"Concentrate","floor":29},{"not_picked":["Well Laid Plans","Endless Agony","Expertise"],"picked":"SKIP","floor":30},{"not_picked":["Prepared","Deflect+1"],"picked":"Backflip","floor":31},{"not_picked":["Wraith Form v2","A Thousand Cuts"],"picked":"Die Die Die","floor":33},{"not_picked":["Accuracy","Dodge and Roll+1"],"picked":"Outmaneuver","floor":34},{"not_picked":["Dash","Deadly Poison"],"picked":"Predator","floor":34},{"not_picked":["PiercingWail+1","Outmaneuver"],"picked":"Finisher+1","floor":34},{"not_picked":["Dash+1","Bouncing Flask"],"picked":"Choke","floor":34},{"not_picked":["Eviscerate","Backflip"],"picked":"Noxious Fumes+1","floor":34},{"not_picked":["Tactician+1","Outmaneuver"],"picked":"Acrobatics+1","floor":35},{"not_picked":["Cloak And Dagger+1","Sucker Punch","Masterful Stab+1"],"picked":"SKIP","floor":37},{"not_picked":["Dagger Spray+1","Crippling Poison"],"picked":"Outmaneuver+1","floor":38},{"not_picked":["Prepared","Setup+1"],"picked":"Blur+1","floor":40},{"not_picked":["Sucker Punch","Prepared","Quick Slash+1"],"picked":"SKIP","floor":44},{"not_picked":["All Out Attack","Backflip"],"picked":"Noxious Fumes","floor":47}],"player_experience":288974,"relics_obtained":[{"floor":6,"key":"Ancient Tea Set"},{"floor":8,"key":"Torii"},{"floor":9,"key":"Pear"},{"floor":11,"key":"Sundial"},{"floor":23,"key":"Incense Burner"},{"floor":25,"key":"Whetstone"},{"floor":26,"key":"Ice Cream"},{"floor":27,"key":"Blue Candle"},{"floor":29,"key":"Vajra"},{"floor":40,"key":"Centennial Puzzle"},{"floor":43,"key":"Ninja Scroll"},{"floor":46,"key":"Blood Vial"},{"floor":47,"key":"Art of War"}],"event_choices":[{"damage_healed":0,"gold_gain":0,"player_choice":"Bought 0 Potions","damage_taken":0,"max_hp_gain":0,"max_hp_loss":0,"event_name":"The Woman in Blue","floor":2,"gold_loss":0},{"damage_healed":0,"gold_gain":0,"player_choice":"Take Damage","damage_taken":21,"relics_obtained":["Golden Idol"],"max_hp_gain":0,"max_hp_loss":0,"event_name":"Golden Idol","floor":14,"gold_loss":0},{"damage_healed":0,"gold_gain":0,"player_choice":"Upgraded","damage_taken":0,"max_hp_gain":0,"max_hp_loss":0,"event_name":"Upgrade Shrine","floor":19,"gold_loss":0,"cards_upgraded":["Footwork"]},{"damage_healed":0,"gold_gain":99,"player_choice":"Stole From Cult","damage_taken":0,"max_hp_gain":0,"max_hp_loss":0,"event_name":"Nest","floor":22,"gold_loss":0},{"cards_removed":["Strike_G"],"damage_healed":0,"gold_gain":0,"player_choice":"Removed Attack","damage_taken":0,"max_hp_gain":0,"max_hp_loss":0,"event_name":"Falling","floor":39,"gold_loss":0},{"damage_healed":0,"gold_gain":0,"player_choice":"Paid Gold","damage_taken":0,"relics_obtained":["Meat on the Bone"],"max_hp_gain":0,"max_hp_loss":0,"event_name":"WeMeetAgain","floor":41,"gold_loss":59},{"damage_healed":0,"gold_gain":0,"player_choice":"Paid","damage_taken":0,"relics_obtained":["Red Mask"],"max_hp_gain":0,"max_hp_loss":0,"event_name":"Tomb of Lord Red Mask","floor":48,"gold_loss":112}],"is_beta":false,"boss_relics":[{"not_picked":["Tiny House","Runic Pyramid"],"picked":"Philosopher\u0027s Stone"},{"not_picked":["Velvet Choker","White Beast Statue"],"picked":"Orrery"}],"items_purged_floors":[36],"is_endless":false,"potions_floor_spawned":[1,8,11,13,21,27,28,31,33,40,47],"ascension_level":6}