{"gold_per_floor":[109,184,184,73,23,48,11,11,59,59,78,78,93,18,18,119,119,139,54,54,68,68,82,82,82,82,34,48,77,77,91,91,186,186,200,247,55,74,74,74,107,121,121,121,131,131,141,154,154,154],"floor_reached":51,"playtime":1612,"items_purged":["Strike_B","Strike_B"],"score":810,"play_id":"606e538e-0c5a-45d8-9ea5-b4a50b03de5c","local_time":"20190108213435","is_ascension_mode":true,"campfire_choices":[{"data":"Ball Lightning","floor":8,"key":"SMITH"},{"data":"Dualcast","floor":10,"key":"SMITH"},{"data":"Cold Snap","floor":12,"key":"SMITH"},{"data":"FTL","floor":15,"key":"SMITH"},{"floor":24,"key":"REST"},{"floor":30,"key":"REST"},{"floor":32,"key":"REST"},{"floor":40,"key":"REST"},{"floor":49,"key":"REST"}],"neow_cost":"NONE","seed_source_timestamp":2880186218988,"circlet_count":0,"master_deck":["Strike_B","Defend_B","Defend_B","Zap+1","Dualcast+1","Defragment","Ball Lightning+1","Finesse","Gash","FTL+1","Cold Snap+1","Melter","Seek","Coolheaded","Self Repair","RitualDagger","Ball Lightning","Conserve Battery","Ball Lightning+1","Gash+1","Electrodynamics","Heatsinks+1","Swift Strike","Gash+1","BootSequence","Chill+1","Flash of Steel","Swift Strike","Swift Strike","White Noise+1","Cold Snap+1"],"relics":["Cracked Core","NeowsBlessing","Art of War","Blood Vial","Fusion Hammer","Mango","Enchiridion","Shuriken","Lantern","Empty Cage","Unceasing Top","Bronze Scales","Bird Faced Urn"],"potions_floor_usage":[23,33,33,36,38,41,48,50,50],"damage_taken":[{"damage":0,"enemies":"Small Slimes","floor":1,"turns":1},{"damage":0,"enemies":"Gremlin Nob","floor":6,"turns":1},{"damage":0,"enemies":"2 Louse","floor":11,"turns":1},{"damage":0,"enemies":"Jaw Worm","floor":13,"turns":2},{"damage":24,"enemies":"Hexaghost","floor":16,"turns":9},{"damage":16,"enemies":"2 Thieves","floor":18,"turns":3},{"damage":4,"enemies":"Shell Parasite","floor":21,"turns":4},{"damage":2,"enemies":"Snake Plant","floor":23,"turns":4},{"damage":3,"enemies":"Snecko","floor":28,"turns":4},{"damage":7,"enemies":"Book of Stabbing","floor":29,"turns":5},{"damage":0,"enemies":"3 Cultists","floor":31,"turns":4},{"damage":32,"enemies":"Collector","floor":33,"turns":6},{"damage":10,"enemies":"3 Darklings","floor":35,"turns":2},{"damage":27,"enemies":"2 Orb Walkers","floor":36,"turns":4},{"damage":2,"enemies":"3 Shapes","floor":38,"turns":3},{"damage":20,"enemies":"Giant Head","floor":41,"turns":6},{"damage":0,"enemies":"Jaw Worm Horde","floor":42,"turns":2},{"damage":20,"enemies":"Writhing Mass","floor":45,"turns":4},{"damage":10,"enemies":"Spire Growth","floor":47,"turns":3},{"damage":7,"enemies":"3 Darklings","floor":48,"turns":4},{"damage":95,"enemies":"Time Eater","floor":50,"turns":8}],"seed_played":"-6760154648606580218","potions_obtained":[{"floor":6,"key":"Swift Potion"},{"floor":11,"key":"Ancient Potion"},{"floor":23,"key":"Weak Potion"},{"floor":29,"key":"Energy Potion"},{"floor":33,"key":"FocusPotion"},{"floor":36,"key":"Weak Potion"},{"floor":38,"key":"Energy Potion"},{"floor":45,"key":"Weak Potion"},{"floor":47,"key":"Explosive Potion"},{"floor":48,"key":"Fruit Juice"}],"is_trial":false,"path_per_floor":["M","?","?","$","?","E","$","R","T","R","M","R","M","$","R","B",null,"M","?","?","M","?","M","R","?","T","$","M","E","R","M","R","B",null,"M","?","$","M","?","R","E","M","T","?","M","?","M","M","R","B",null],"character_chosen":"DEFECT","items_purchased":["Ball Lightning","Finesse","FTL","Ball Lightning","Swift Strike"],"campfire_rested":5,"item_purchase_floors":[4,4,7,27,37],"current_hp_per_floor":[75,64,64,64,64,64,64,64,64,64,66,66,68,68,68,46,75,59,73,57,55,38,45,73,67,67,67,73,75,94,94,94,69,94,91,73,73,80,80,94,81,83,83,73,72,72,72,87,94,10],"gold":154,"neow_bonus":"THREE_ENEMY_KILL","is_prod":false,"is_daily":false,"chose_seed":false,"campfire_upgraded":4,"win_rate":0,"timestamp":1546979675,"path_taken":["M","?","?","$","?","E","?","R","T","R","M","R","?","$","R","BOSS","M","?","?","M","?","?","R","?","T","$","M","E","R","M","R","BOSS","M","?","$","M","?","R","E","M","T","?","M","?","M","M","R","BOSS"],"build_version":"2019-01-07","purchased_purges":2,"victory":true,"max_hp_per_floor":[75,75,75,75,75,75,75,75,75,75,75,75,75,75,75,75,75,75,89,89,89,94,94,94,94,94,94,94,94,94,94,94,94,94,94,94,94,94,94,94,94,94,94,94,94,89,89,94,94,94],"card_choices":[{"not_picked":["Leap","Redo"],"picked":"Defragment","floor":1},{"not_picked":["Turbo","Beam Cell"],"picked":"Gash","floor":6},{"not_picked":["Turbo","Barrage"],"picked":"Cold Snap","floor":11},{"not_picked":["Compile Driver","Redo"],"picked":"Melter","floor":13},{"not_picked":["Amplify","Multi-Cast"],"picked":"Seek","floor":16},{"not_picked":["Steam","Turbo"],"picked":"Coolheaded","floor":18},{"not_picked":["Blizzard","Stack"],"picked":"Self Repair","floor":21},{"not_picked":["Barrage","Blizzard","Stack"],"picked":"SKIP","floor":23},{"not_picked":["Aggregate","Turbo+1"],"picked":"Conserve Battery","floor":28},{"not_picked":["Scrape","Defragment"],"picked":"Ball Lightning+1","floor":29},{"not_picked":["Amplify","Double Energy"],"picked":"Gash+1","floor":31},{"not_picked":["Amplify","Hyperbeam"],"picked":"Electrodynamics","floor":33},{"not_picked":["Reprogram+1","Hello World"],"picked":"Heatsinks+1","floor":35},{"not_picked":["Ball Lightning+1","Conserve Battery+1"],"picked":"Gash+1","floor":38},{"not_picked":["Doom and Gloom","Steam Power"],"picked":"BootSequence","floor":41},{"not_picked":["BootSequence+1","Consume+1"],"picked":"Chill+1","floor":42},{"not_picked":["Enlightenment","Apotheosis"],"picked":"Flash of Steel","floor":44},{"not_picked":["Deep Breath","Forethought"],"picked":"Swift Strike","floor":44},{"not_picked":["Mind Blast","Trip"],"picked":"Swift Strike","floor":44},{"not_picked":["Coolheaded","Static Discharge","Barrage"],"picked":"SKIP","floor":45},{"not_picked":["Gash+1","Blizzard+1"],"picked":"White Noise+1","floor":47},{"not_picked":["Ball Lightning","Echo Form"],"picked":"Cold Snap+1","floor":48}],"player_experience":169315,"relics_obtained":[{"floor":6,"key":"Art of War"},{"floor":9,"key":"Blood Vial"},{"floor":20,"key":"Enchiridion"},{"floor":26,"key":"Shuriken"},{"floor":29,"key":"Lantern"},{"floor":36,"key":"Unceasing Top"},{"floor":41,"key":"Bronze Scales"},{"floor":43,"key":"Bird Faced Urn"}],"event_choices":[{"damage_healed":0,"gold_gain":75,"player_choice":"Gather Gold","damage_taken":11,"max_hp_gain":0,"max_hp_loss":0,"event_name":"World of Goop","floor":2,"gold_loss":0},{"damage_healed":0,"gold_gain":0,"player_choice":"Grow","damage_taken":0,"max_hp_gain":0,"max_hp_loss":0,"event_name":"Living Wall","floor":3,"gold_loss":0,"cards_upgraded":["Zap"]},{"cards_removed":["Strike_B"],"damage_healed":0,"gold_gain":0,"player_choice":"Card Removal","damage_taken":0,"max_hp_gain":0,"max_hp_loss":0,"event_name":"The Cleric","floor":5,"gold_loss":50},{"damage_healed":0,"gold_gain":0,"player_choice":"Obtained Relic","damage_taken":0,"relics_obtained":["Mango"],"max_hp_gain":0,"max_hp_loss":0,"event_name":"Addict","floor":19,"gold_loss":85},{"damage_healed":0,"gold_gain":0,"player_choice":"Obtained Book","damage_taken":16,"max_hp_gain":0,"max_hp_loss":0,"event_name":"Cursed Tome","floor":20,"gold_loss":0},{"damage_healed":0,"gold_gain":0,"player_choice":"Shed Blood","damage_taken":22,"max_hp_gain":5,"max_hp_loss":0,"event_name":"Forgotten Altar","floor":22,"gold_loss":0},{"damage_healed":0,"gold_gain":0,"player_choice":"Joined the Cult","damage_taken":6,"max_hp_gain":0,"max_hp_loss":0,"event_name":"Nest","floor":25,"gold_loss":0,"cards_obtained":["RitualDagger"]},{"damage_healed":0,"gold_gain":0,"player_choice":"Fight","damage_taken":0,"max_hp_gain":0,"max_hp_loss":0,"event_name":"Mysterious Sphere","floor":36,"gold_loss":0},{"damage_healed":0,"gold_gain":0,"player_choice":"Ignored","damage_taken":0,"max_hp_gain":0,"max_hp_loss":0,"event_name":"Tomb of Lord Red Mask","floor":39,"gold_loss":0},{"damage_healed":0,"gold_gain":0,"player_choice":"Memory 3","damage_taken":10,"max_hp_gain":0,"max_hp_loss":0,"event_name":"SensoryStone","floor":44,"gold_loss":0},{"damage_healed":0,"gold_gain":0,"player_choice":"Max HP","damage_taken":0,"max_hp_gain":0,"max_hp_loss":5,"event_name":"Winding Halls","floor":46,"gold_loss":0}],"is_beta":true,"boss_relics":[{"not_picked":["White Beast Statue","Cursed Key"],"picked":"Fusion Hammer"},{"not_picked":["Runic Pyramid","Snecko Eye"],"picked":"Empty Cage"}],"items_purged_floors":[14,37],"is_endless":false,"potions_floor_spawned":[6,11,23,29,31,33,36,38,45,47,48],"ascension_level":2}