{"gold_per_floor":[117,42,42,3,3,3,36,36,36,36,71,91,105,120,120,216,216,216,216,216,216,141,141,141,141,141,141,21,21],"floor_reached":29,"playtime":1326,"items_purged":[],"score":557,"play_id":"d3020e63-4b21-43f7-b253-1f02dcd10e61","local_time":"20181208092006","is_ascension_mode":true,"campfire_choices":[{"data":"Well Laid Plans","floor":6,"key":"SMITH"},{"data":"Cloak And Dagger","floor":10,"key":"SMITH"},{"data":"Sucker Punch","floor":15,"key":"SMITH"},{"floor":23,"key":"REST"}],"neow_cost":"NONE","seed_source_timestamp":1017425561295809,"circlet_count":0,"master_deck":["AscendersBane","Defend_G","Defend_G","Defend_G","Defend_G","Defend_G","Strike_G","Strike_G","Strike_G","Survivor","Neutralize+1","Cloak And Dagger","Well Laid Plans+1","Cloak And Dagger+1","Sucker Punch+1","Glass Knife","Cloak And Dagger+1","Caltrops","Backflip","Blur","Infinite Blades+1"],"relics":["Ring of the Snake","NeowsBlessing","Golden Idol","Dream Catcher","Bottled Tornado","Ornamental Fan","Ectoplasm","Frozen Egg 2","Paper Crane","Anchor"],"potions_floor_usage":[16,16],"damage_taken":[{"damage":0,"enemies":"Jaw Worm","floor":1,"turns":1},{"damage":0,"enemies":"3 Sentries","floor":7,"turns":1},{"damage":0,"enemies":"Lagavulin","floor":11,"turns":1},{"damage":0,"enemies":"2 Louse","floor":12,"turns":3},{"damage":0,"enemies":"Small Slimes","floor":13,"turns":4},{"damage":1,"enemies":"Exordium Thugs","floor":14,"turns":7},{"damage":25,"enemies":"Slime Boss","floor":16,"turns":14},{"damage":3,"enemies":"Shell Parasite","floor":18,"turns":6},{"damage":1,"enemies":"3 Byrds","floor":20,"turns":7},{"damage":24,"enemies":"Sentry and Sphere","floor":21,"turns":10},{"damage":7,"enemies":"Snecko","floor":24,"turns":7},{"damage":18,"enemies":"Book of Stabbing","floor":25,"turns":6},{"damage":20,"enemies":"Cultist and Chosen","floor":29,"turns":5}],"seed_played":"7232498170291859779","potions_obtained":[{"floor":1,"key":"Block Potion"},{"floor":7,"key":"Fire Potion"}],"is_trial":false,"path_per_floor":["M","?","?","$","$","R","E","?","T","R","E","M","M","M","R","B",null,"M","?","M","M","?","R","M","E","T","T","$","M"],"character_chosen":"THE_SILENT","items_purchased":["Well Laid Plans","Blur","Infinite Blades+1"],"campfire_rested":1,"item_purchase_floors":[4,28,28],"current_hp_per_floor":[59,59,36,36,36,36,36,36,36,36,36,36,36,35,35,10,52,49,49,48,24,24,43,36,18,18,18,18,0],"gold":21,"neow_bonus":"THREE_ENEMY_KILL","is_prod":false,"is_daily":false,"chose_seed":false,"campfire_upgraded":3,"win_rate":0,"timestamp":1544289606,"path_taken":["M","?","?","?","$","R","E","?","T","R","E","M","M","M","R","BOSS","M","?","M","?","?","R","M","E","T","?","$","M"],"build_version":"2018-12-06","purchased_purges":0,"victory":false,"max_hp_per_floor":[66,66,66,66,66,66,66,66,66,66,66,66,66,66,66,66,66,66,66,66,66,66,66,66,66,66,66,66,66],"card_choices":[{"not_picked":["Calculated Gamble","Prepared"],"picked":"Cloak And Dagger","floor":1},{"not_picked":["Flying Knee","Bane"],"picked":"Cloak And Dagger","floor":7},{"not_picked":["Deflect","Reflex","Prepared"],"picked":"SKIP","floor":11},{"not_picked":["Grand Finale","Bane","Underhanded Strike"],"picked":"SKIP","floor":12},{"not_picked":["Cloak And Dagger","Prepared"],"picked":"Sucker Punch","floor":13},{"not_picked":["Quick Slash","Outmaneuver","Dagger Spray"],"picked":"SKIP","floor":14},{"not_picked":["Phantasmal Killer","Corpse Explosion"],"picked":"Glass Knife","floor":16},{"not_picked":["Outmaneuver+1","Dagger Spray","Flying Knee"],"picked":"SKIP","floor":18},{"not_picked":["Blade Dance","All Out Attack","Bouncing Flask"],"picked":"SKIP","floor":20},{"not_picked":["Dagger Throw","Dagger Spray"],"picked":"Caltrops","floor":21},{"not_picked":["Well Laid Plans","Outmaneuver"],"picked":"Backflip","floor":24},{"not_picked":["Dagger Spray","Phantasmal Killer","All Out Attack"],"picked":"SKIP","floor":25}],"player_experience":961138,"relics_obtained":[{"floor":7,"key":"Dream Catcher"},{"floor":9,"key":"Bottled Tornado"},{"floor":11,"key":"Ornamental Fan"},{"floor":25,"key":"Frozen Egg 2"},{"floor":26,"key":"Paper Crane"},{"floor":27,"key":"Anchor"}],"event_choices":[{"cards_removed":["Strike_G"],"damage_healed":0,"gold_gain":0,"player_choice":"Card Removal","damage_taken":0,"max_hp_gain":0,"max_hp_loss":0,"event_name":"The Cleric","floor":2,"gold_loss":75},{"damage_healed":0,"gold_gain":0,"player_choice":"Take Damage","damage_taken":23,"relics_obtained":["Golden Idol"],"max_hp_gain":0,"max_hp_loss":0,"event_name":"Golden Idol","floor":3,"gold_loss":0},{"damage_healed":0,"gold_gain":0,"player_choice":"Forge","damage_taken":0,"max_hp_gain":0,"max_hp_loss":0,"event_name":"Accursed Blacksmith","floor":8,"gold_loss":0,"cards_upgraded":["Neutralize"]},{"damage_healed":0,"gold_gain":0,"player_choice":"Copied","damage_taken":0,"max_hp_gain":0,"max_hp_loss":0,"event_name":"Duplicator","floor":19,"gold_loss":0,"cards_obtained":["Cloak And Dagger"]},{"cards_removed":["Strike_G"],"damage_healed":0,"gold_gain":0,"player_choice":"Gave Gold","damage_taken":0,"max_hp_gain":0,"max_hp_loss":0,"event_name":"Beggar","floor":22,"gold_loss":75}],"is_beta":true,"boss_relics":[{"not_picked":["Velvet Choker","Runic Dome"],"picked":"Ectoplasm"}],"items_purged_floors":[],"is_endless":false,"potions_floor_spawned":[1,7,14],"killed_by":"Cultist and Chosen","ascension_level":17}