{"gold_per_floor":[109,128,93,110,110,138,155,155,155,155,166,176,176,206,206,282,282,297,316,335,335,351,383,383,483,483,11,11,11,30,44,44,44],"floor_reached":33,"playtime":1113,"items_purged":[],"score":558,"play_id":"a603a973-f804-4ebd-b9aa-41688ad61825","local_time":"20190203104528","is_ascension_mode":true,"campfire_choices":[{"floor":8.0,"key":"REST"},{"data":"Whirlwind","floor":10.0,"key":"SMITH"},{"data":"Uppercut","floor":15.0,"key":"SMITH"},{"floor":24.0,"key":"REST"},{"floor":32.0,"key":"RECALL"}],"neow_cost":"PERCENT_DAMAGE","seed_source_timestamp":394620345531,"circlet_count":0,"master_deck":["AscendersBane","Strike_R","Strike_R","Strike_R","Strike_R","Defend_R","Defend_R","Bash","Pommel Strike","Uppercut+1","Impervious","Whirlwind+1","Hemokinesis","Offering","Flame Barrier","Seeing Red","Reaper","Magnetism+1"],"special_seed":0,"relics":["Burning Blood","Ice Cream","Meat on the Bone","Sundial","Anchor","Fusion Hammer","Paper Frog","StoneCalendar","Shuriken","Frozen Egg 2","Gremlin Horn"],"potions_floor_usage":[33],"damage_taken":[{"damage":12.0,"enemies":"2 Louse","floor":1.0,"turns":2.0},{"damage":6.0,"enemies":"Cultist","floor":2.0,"turns":3.0},{"damage":11.0,"enemies":"Jaw Worm","floor":4.0,"turns":3.0},{"damage":18.0,"enemies":"Lagavulin","floor":6.0,"turns":5.0},{"damage":16.0,"enemies":"Gremlin Gang","floor":7.0,"turns":3.0},{"damage":7.0,"enemies":"Exordium Wildlife","floor":11.0,"turns":4.0},{"damage":3.0,"enemies":"Large Slime","floor":12.0,"turns":3.0},{"damage":34.0,"enemies":"3 Sentries","floor":14.0,"turns":3.0},{"damage":41.0,"enemies":"Slime Boss","floor":16.0,"turns":6.0},{"damage":24.0,"enemies":"3 Byrds","floor":18.0,"turns":4.0},{"damage":14.0,"enemies":"Shell Parasite","floor":19.0,"turns":4.0},{"damage":3.0,"enemies":"Snake Plant","floor":20.0,"turns":3.0},{"damage":30.0,"enemies":"Shelled Parasite and Fungi","floor":22.0,"turns":4.0},{"damage":28.0,"enemies":"Slavers","floor":23.0,"turns":3.0},{"damage":6.0,"enemies":"Colosseum Slavers","floor":25.0,"turns":2.0},{"damage":10.0,"enemies":"Colosseum Nobs","floor":25.0,"turns":3.0},{"damage":13.0,"enemies":"3 Cultists","floor":30.0,"turns":3.0},{"damage":17.0,"enemies":"Centurion and Healer","floor":31.0,"turns":4.0},{"damage":57,"enemies":"Champ","floor":33,"turns":8}],"seed_played":"-5102298000486745386","potions_obtained":[{"floor":4.0,"key":"Block Potion"},{"floor":7.0,"key":"PowerPotion"},{"floor":16.0,"key":"Ancient Potion"},{"floor":18.0,"key":"Explosive Potion"},{"floor":23.0,"key":"Swift Potion"},{"floor":25.0,"key":"GamblersBrew"},{"floor":30.0,"key":"FearPotion"}],"is_trial":false,"path_per_floor":["M","M","?","M","?","E","M","R","T","R","M","M","?","E","R","B",null,"M","M","M","?","M","E","R","?","T","$","?","?","M","M","R","B"],"character_chosen":"IRONCLAD","items_purchased":["Gremlin Horn","Magnetism+1"],"campfire_rested":2,"item_purchase_floors":[27,27],"current_hp_per_floor":[44,44,62,57,57,45,35,57,57,57,56,59,59,43,43,20,61,55,47,50,50,38,28,50,46,46,46,25,25,42,56,56,7],"gold":44,"neow_bonus":"REMOVE_TWO","is_prod":false,"is_daily":false,"chose_seed":false,"campfire_upgraded":2,"win_rate":0,"timestamp":1549215928,"path_taken":["M","M","?","M","?","E","M","R","T","R","M","?","?","E","R","BOSS","M","?","M","?","M","E","R","?","T","$","?","?","M","M","R","BOSS"],"build_version":"2019-01-23","purchased_purges":0,"victory":false,"max_hp_per_floor":[75,75,75,75,75,75,75,75,75,75,75,75,75,75,75,75,75,75,75,75,75,75,75,75,75,75,75,80,80,80,80,80,80],"card_choices":[{"not_picked":["Twin Strike","Heavy Blade"],"picked":"Pommel Strike","floor":1.0},{"not_picked":["Wild Strike","Dropkick"],"picked":"Uppercut","floor":2.0},{"not_picked":["Headbutt","Anger"],"picked":"Impervious","floor":4.0},{"not_picked":["Perfected Strike","Cleave"],"picked":"Whirlwind","floor":6.0},{"not_picked":["Sword Boomerang","Second Wind","Heavy Blade"],"picked":"SKIP","floor":7.0},{"not_picked":["Sword Boomerang","Twin Strike"],"picked":"Hemokinesis","floor":11.0},{"not_picked":["Havoc","Iron Wave","Rupture"],"picked":"SKIP","floor":12.0},{"not_picked":["Clash","Fire Breathing","Rampage"],"picked":"SKIP","floor":14.0},{"not_picked":["Bludgeon","Double Tap"],"picked":"Offering","floor":16.0},{"not_picked":["Rage","Clothesline"],"picked":"Flame Barrier","floor":18.0},{"not_picked":["Twin Strike","Warcry","Shrug It Off"],"picked":"SKIP","floor":19.0},{"not_picked":["Intimidate","Body Slam","Battle Trance"],"picked":"SKIP","floor":20.0},{"not_picked":["Hemokinesis","Havoc","Perfected Strike"],"picked":"SKIP","floor":22.0},{"not_picked":["Spot Weakness","Clash"],"picked":"Seeing Red","floor":23.0},{"not_picked":["Flex","Sever Soul"],"picked":"Reaper","floor":25.0},{"not_picked":["Spot Weakness+1","Battle Trance","Pommel Strike"],"picked":"SKIP","floor":30.0},{"not_picked":["True Grit","Cleave","Bloodletting"],"picked":"SKIP","floor":31.0}],"player_experience":756278,"relics_obtained":[{"floor":6.0,"key":"Ice Cream"},{"floor":9.0,"key":"Meat on the Bone"},{"floor":14.0,"key":"Anchor"},{"floor":23.0,"key":"Paper Frog"},{"floor":25.0,"key":"StoneCalendar"},{"floor":25.0,"key":"Shuriken"},{"floor":26.0,"key":"Frozen Egg 2"}],"event_choices":[{"damage_healed":18.0,"max_hp_gain":0.0,"max_hp_loss":0.0,"gold_gain":0.0,"event_name":"The Cleric","player_choice":"Healed","floor":3.0,"gold_loss":35.0,"damage_taken":0.0},{"cards_removed":["Strike_R"],"damage_healed":0.0,"max_hp_gain":0.0,"max_hp_loss":0.0,"gold_gain":0.0,"event_name":"Purifier","player_choice":"Purged","floor":5.0,"gold_loss":0.0,"damage_taken":0.0},{"damage_healed":0.0,"max_hp_gain":0.0,"max_hp_loss":0.0,"gold_gain":0.0,"event_name":"WeMeetAgain","player_choice":"Gave Potion","floor":13.0,"gold_loss":0.0,"damage_taken":0.0,"relics_obtained":["Sundial"]},{"damage_healed":0.0,"max_hp_gain":0.0,"max_hp_loss":0.0,"gold_gain":0.0,"event_name":"Ghosts","player_choice":"Ignored","floor":21.0,"gold_loss":0.0,"damage_taken":0.0},{"damage_healed":0.0,"max_hp_gain":0.0,"max_hp_loss":0.0,"gold_gain":0.0,"event_name":"Colosseum","player_choice":"Fight","floor":25.0,"gold_loss":0.0,"damage_taken":0.0},{"damage_healed":0.0,"max_hp_gain":0.0,"max_hp_loss":0.0,"gold_gain":0.0,"event_name":"Colosseum","player_choice":"Fought Nobs","floor":25.0,"gold_loss":0.0,"damage_taken":0.0},{"damage_healed":0.0,"max_hp_gain":5.0,"max_hp_loss":0.0,"gold_gain":0.0,"event_name":"Forgotten Altar","player_choice":"Shed Blood","floor":28.0,"gold_loss":0.0,"damage_taken":26.0},{"damage_healed":0.0,"max_hp_gain":0.0,"max_hp_loss":0.0,"gold_gain":0.0,"event_name":"Beggar","player_choice":"Ignored","floor":29.0,"gold_loss":0.0,"damage_taken":0.0}],"is_beta":false,"boss_relics":[{"not_picked":["Pandora\u0027s Box","Snecko Eye"],"picked":"Fusion Hammer"}],"items_purged_floors":[],"is_endless":false,"potions_floor_spawned":[4,7,16,18,23,25,25,30],"killed_by":"Champ","ascension_level":20}