{"gold_per_floor":[112,125,139,149,74,74,108,108,108,108,108,136,136,150,150,150],"floor_reached":16,"playtime":478,"items_purged":[],"score":220,"play_id":"e738c487-4074-412f-9225-da2590c69ed8","local_time":"20181110011457","is_ascension_mode":true,"campfire_choices":[{"data":"Armaments","floor":6,"key":"SMITH"},{"floor":8,"key":"REST"},{"floor":11,"key":"REST"},{"data":"Bash","floor":15,"key":"SMITH"}],"neow_cost":"NONE","seed_source_timestamp":688332194089476,"circlet_count":0,"master_deck":["AscendersBane","Strike_R","Strike_R","Strike_R","Defend_R","Defend_R","Defend_R","Defend_R","Bash+1","Thunderclap","Havoc","Armaments+1","Heavy Blade","Offering"],"relics":["Burning Blood","PreservedInsect","Oddly Smooth Stone","The Courier","Bag of Preparation"],"potions_floor_usage":[7,12,16],"damage_taken":[{"damage":2,"enemies":"2 Louse","floor":1,"turns":3},{"damage":4,"enemies":"Small Slimes","floor":2,"turns":3},{"damage":7,"enemies":"Cultist","floor":3,"turns":4},{"damage":32,"enemies":"Exordium Thugs","floor":4,"turns":4},{"damage":46,"enemies":"Lagavulin","floor":7,"turns":8},{"damage":8,"enemies":"Gremlin Nob","floor":12,"turns":3},{"damage":3,"enemies":"Red Slaver","floor":14,"turns":5},{"damage":40,"enemies":"Slime Boss","floor":16,"turns":7}],"seed_played":"1697506228965659820","potions_obtained":[{"floor":3,"key":"Swift Potion"},{"floor":4,"key":"FearPotion"},{"floor":7,"key":"Weak Potion"},{"floor":13,"key":"BloodPotion"}],"is_trial":false,"path_per_floor":["M","M","M","M","?","R","E","R","T","?","R","E","?","M","R","B"],"character_chosen":"IRONCLAD","items_purchased":[],"campfire_rested":2,"item_purchase_floors":[],"current_hp_per_floor":[72,74,73,47,47,47,7,29,29,24,46,44,44,47,47,7],"gold":150,"neow_bonus":"REMOVE_CARD","is_prod":false,"is_daily":false,"chose_seed":false,"campfire_upgraded":2,"win_rate":0,"timestamp":1541841297,"path_taken":["M","M","M","M","?","R","E","R","T","?","R","E","?","?","R","BOSS"],"build_version":"2018-11-08","purchased_purges":0,"victory":false,"max_hp_per_floor":[75,75,75,75,75,75,75,75,75,75,75,75,75,75,75,75],"card_choices":[{"not_picked":["Perfected Strike","Iron Wave"],"picked":"Thunderclap","floor":1},{"not_picked":["Perfected Strike","Combust"],"picked":"Havoc","floor":2},{"not_picked":["Perfected Strike","Flex","Combust"],"picked":"SKIP","floor":3},{"not_picked":["Clash","Anger"],"picked":"Armaments","floor":4},{"not_picked":["Twin Strike","Seeing Red"],"picked":"Heavy Blade","floor":7},{"not_picked":["Seeing Red","Reckless Charge"],"picked":"Offering","floor":12},{"not_picked":["Sever Soul","Armaments","Reckless Charge"],"picked":"SKIP","floor":14}],"player_experience":929888,"relics_obtained":[{"floor":7,"key":"PreservedInsect"},{"floor":9,"key":"Oddly Smooth Stone"},{"floor":12,"key":"Bag of Preparation"}],"event_choices":[{"cards_removed":["Strike_R"],"damage_healed":0,"gold_gain":0,"player_choice":"Card Removal","damage_taken":0,"max_hp_gain":0,"max_hp_loss":0,"event_name":"The Cleric","floor":5,"gold_loss":75},{"damage_healed":0,"gold_gain":0,"player_choice":"Success","damage_taken":5,"relics_obtained":["The Courier"],"max_hp_gain":0,"max_hp_loss":0,"event_name":"Scrap Ooze","floor":10,"gold_loss":0},{"damage_healed":0,"gold_gain":0,"player_choice":"Got Potions","damage_taken":0,"max_hp_gain":0,"max_hp_loss":0,"event_name":"Lab","floor":13,"gold_loss":0}],"is_beta":true,"boss_relics":[],"items_purged_floors":[],"is_endless":false,"potions_floor_spawned":[3,4,7],"killed_by":"Slime Boss","ascension_level":20}