{"gold_per_floor":[118,128,140,157,170,170,187,219,266,266,325,325],"floor_reached":12,"playtime":586,"items_purged":[],"score":164,"play_id":"7698b160-bb4d-41cd-93a8-6d76906431ce","local_time":"20190206151206","is_ascension_mode":true,"campfire_choices":[{"data":"Sword Boomerang","floor":6,"key":"SMITH"},{"data":"Bash","floor":10,"key":"SMITH"}],"neow_cost":"NONE","seed_source_timestamp":595074330394932,"circlet_count":0,"master_deck":["AscendersBane","Strike_R","Strike_R","Strike_R+1","Strike_R","Strike_R","Defend_R","Defend_R","Defend_R","Defend_R","Bash+1","Dramatic Entrance+1","Pommel Strike","Sword Boomerang+1","Battle Trance","Shockwave","Spot Weakness","Dropkick","Rage","Armaments"],"relics":["Burning Blood","Ice Cream","Whetstone","Darkstone Periapt"],"potions_floor_usage":[],"damage_taken":[{"damage":2,"enemies":"2 Louse","floor":1,"turns":3},{"damage":10,"enemies":"Small Slimes","floor":2,"turns":3},{"damage":1,"enemies":"Cultist","floor":3,"turns":3},{"damage":8,"enemies":"Exordium Wildlife","floor":4,"turns":2},{"damage":14,"enemies":"Blue Slaver","floor":5,"turns":4},{"damage":8,"enemies":"Exordium Thugs","floor":7,"turns":3},{"damage":40,"enemies":"3 Sentries","floor":8,"turns":6},{"damage":26,"enemies":"3 Sentries","floor":11,"turns":6},{"damage":7,"enemies":"Lagavulin","floor":12,"turns":2}],"seed_played":"6505801909866829285","potions_obtained":[{"floor":5,"key":"Ancient Potion"},{"floor":7,"key":"Energy Potion"},{"floor":8,"key":"Block Potion"}],"is_trial":false,"path_per_floor":["M","M","M","M","M","R","M","E","T","R","?","E"],"character_chosen":"IRONCLAD","items_purchased":[],"campfire_rested":0,"item_purchase_floors":[],"current_hp_per_floor":[72,68,73,71,63,63,61,27,27,27,7,0],"gold":325,"neow_bonus":"RANDOM_COLORLESS","is_prod":false,"is_daily":false,"chose_seed":false,"campfire_upgraded":2,"win_rate":0,"timestamp":1549494726,"path_taken":["M","M","M","M","M","R","M","E","T","R","?","E"],"build_version":"2019-01-23","purchased_purges":0,"victory":false,"max_hp_per_floor":[75,75,75,75,75,75,75,75,75,75,75,75],"card_choices":[{"not_picked":["Anger","Body Slam"],"picked":"Pommel Strike","floor":1},{"not_picked":["Burning Pact","Blood for Blood"],"picked":"Sword Boomerang","floor":2},{"not_picked":["Dropkick","Pommel Strike"],"picked":"Battle Trance","floor":3},{"not_picked":["Iron Wave","Headbutt"],"picked":"Shockwave","floor":4},{"not_picked":["Anger","Havoc"],"picked":"Spot Weakness","floor":5},{"not_picked":["Combust","Wild Strike"],"picked":"Dropkick","floor":7},{"not_picked":["Cleave","Heavy Blade"],"picked":"Rage","floor":8},{"not_picked":["Rupture","Pommel Strike"],"picked":"Armaments","floor":11}],"player_experience":1831312,"relics_obtained":[{"floor":8,"key":"Ice Cream"},{"floor":9,"key":"Whetstone"},{"floor":11,"key":"Darkstone Periapt"}],"event_choices":[{"damage_healed":0,"gold_gain":0,"player_choice":"Searched \u00272\u0027 times","damage_taken":0,"max_hp_gain":0,"max_hp_loss":0,"event_name":"Dead Adventurer","floor":11,"gold_loss":0}],"is_beta":false,"boss_relics":[],"items_purged_floors":[],"is_endless":false,"potions_floor_spawned":[5,7,8,11],"killed_by":"Lagavulin","ascension_level":20}