{"gold_per_floor":[111,0,0,16,26,26,53,53,53,79,154,154,169,194,194,194],"floor_reached":16,"playtime":540,"items_purged":[],"score":218,"play_id":"ffc9e3b9-975c-485a-9258-bfee59fc3c84","local_time":"20190207012331","is_ascension_mode":true,"campfire_choices":[{"data":"Zap","floor":6.0,"key":"SMITH"},{"data":"White Noise","floor":8.0,"key":"SMITH"},{"floor":15,"key":"REST"}],"neow_cost":"NONE","seed_source_timestamp":0,"circlet_count":0,"master_deck":["AscendersBane","Strike_B","Strike_B","Strike_B","Strike_B","Defend_B","Defend_B","Defend_B","Defend_B","Zap+1","Dualcast","Coolheaded","White Noise+1","Cold Snap","Meteor Strike","Leap","Hologram","Glacier","Thunder Strike","BootSequence"],"special_seed":0,"relics":["Cracked Core","NeowsBlessing","Emotion Chip","Letter Opener","The Courier","Ancient Tea Set"],"potions_floor_usage":[14,14],"damage_taken":[{"damage":0.0,"enemies":"Small Slimes","floor":1.0,"turns":1.0},{"damage":0.0,"enemies":"Cultist","floor":4.0,"turns":1.0},{"damage":0.0,"enemies":"2 Louse","floor":5.0,"turns":1.0},{"damage":3.0,"enemies":"Lagavulin","floor":7.0,"turns":5.0},{"damage":11.0,"enemies":"Gremlin Nob","floor":10.0,"turns":4.0},{"damage":1.0,"enemies":"Blue Slaver","floor":13.0,"turns":5.0},{"damage":14,"enemies":"Lagavulin","floor":14,"turns":6},{"damage":50,"enemies":"The Guardian","floor":16,"turns":4}],"seed_played":"4908166729527328925","potions_obtained":[{"floor":1.0,"key":"Fire Potion"},{"floor":4.0,"key":"Block Potion"},{"floor":7.0,"key":"SteroidPotion"},{"floor":13.0,"key":"FocusPotion"}],"is_trial":false,"path_per_floor":["M","$","?","M","M","R","E","R","T","E","?","?","M","E","R","B"],"character_chosen":"DEFECT","items_purchased":["White Noise","Cold Snap"],"campfire_rested":1,"item_purchase_floors":[2,2],"current_hp_per_floor":[64,64,64,64,64,64,61,61,61,50,39,39,38,24,45,0],"gold":194,"neow_bonus":"THREE_ENEMY_KILL","is_prod":false,"is_daily":false,"chose_seed":false,"campfire_upgraded":2,"win_rate":0,"timestamp":1549527811,"path_taken":["M","$","?","?","M","R","E","R","T","E","?","?","M","E","R","BOSS"],"build_version":"2019-01-23","purchased_purges":0,"victory":false,"max_hp_per_floor":[71,71,71,71,71,71,71,71,71,71,71,71,71,71,71,71],"card_choices":[{"not_picked":["Doom and Gloom","Heatsinks"],"picked":"Coolheaded","floor":1.0},{"not_picked":["Rebound","Lockon"],"picked":"Leap","floor":4.0},{"not_picked":["Go for the Eyes","Sweeping Beam"],"picked":"Hologram","floor":5.0},{"not_picked":["Rip and Tear","Steam"],"picked":"Glacier","floor":7.0},{"not_picked":["Sweeping Beam","Rip and Tear"],"picked":"Thunder Strike","floor":10.0},{"not_picked":["Rebound","Compile Driver"],"picked":"BootSequence","floor":13.0},{"not_picked":["Consume","Hologram","Multi-Cast"],"picked":"SKIP","floor":14}],"player_experience":776668,"relics_obtained":[{"floor":7.0,"key":"Emotion Chip"},{"floor":9.0,"key":"Letter Opener"},{"floor":10.0,"key":"The Courier"},{"floor":14,"key":"Ancient Tea Set"}],"event_choices":[{"damage_healed":0.0,"max_hp_gain":0.0,"max_hp_loss":0.0,"gold_gain":0.0,"event_name":"Match and Keep!","player_choice":"1 cards matched","floor":3.0,"gold_loss":0.0,"damage_taken":0.0,"cards_obtained":["Meteor Strike"]},{"damage_healed":0.0,"max_hp_gain":0.0,"max_hp_loss":0.0,"gold_gain":75.0,"event_name":"World of Goop","player_choice":"Gather Gold","floor":11.0,"gold_loss":0.0,"damage_taken":11.0},{"damage_healed":0.0,"max_hp_gain":0.0,"max_hp_loss":0.0,"gold_gain":0.0,"event_name":"Shining Light","player_choice":"Ignored","floor":12.0,"gold_loss":0.0,"damage_taken":0.0}],"is_beta":false,"boss_relics":[],"items_purged_floors":[],"is_endless":false,"potions_floor_spawned":[1,4,7,13],"killed_by":"The Guardian","ascension_level":17}