{"gold_per_floor":[110,110,110,125,140,140,171,191,241,241,256,20,53,18,18,118,118,128,128,144,69,169,169,169],"floor_reached":24,"playtime":821,"items_purged":["Shame"],"score":245,"play_id":"64d738f4-9709-4e60-a89f-c0a09e208112","local_time":"20180825122718","is_ascension_mode":true,"campfire_choices":[{"data":"Perfected Strike","floor":6,"key":"SMITH"},{"floor":15,"key":"REST"},{"floor":23,"key":"REST"}],"neow_cost":"NONE","seed_source_timestamp":14097324211631,"circlet_count":0,"master_deck":["Strike_R","Strike_R","Strike_R","Strike_R","Defend_R","Defend_R","Defend_R","Defend_R","Bash+1","Spot Weakness","Thunderclap","Perfected Strike+1","Dropkick","Warcry","Flex","The Bomb","Sword Boomerang","Fiend Fire","Parasite","Clash+1","Shrug It Off","Rupture+1"],"relics":["Burning Blood","Ancient Tea Set","Frozen Egg 2","Centennial Puzzle","Regal Pillow","Bag of Preparation","Calling Bell","Potion Belt","Mummified Hand","Peace Pipe","Bird Faced Urn","Letter Opener"],"potions_floor_usage":[4,11,16,22],"damage_taken":[{"damage":7,"enemies":"Jaw Worm","floor":1,"turns":3},{"damage":0,"enemies":"2 Louse","floor":4,"turns":2},{"damage":1,"enemies":"Cultist","floor":5,"turns":3},{"damage":30,"enemies":"3 Sentries","floor":7,"turns":7},{"damage":13,"enemies":"Blue Slaver","floor":8,"turns":2},{"damage":10,"enemies":"Large Slime","floor":11,"turns":4},{"damage":20,"enemies":"Lagavulin","floor":13,"turns":4},{"damage":1,"enemies":"Slime Boss","floor":16,"turns":8},{"damage":26,"enemies":"Shell Parasite","floor":18,"turns":3},{"damage":11,"enemies":"Spheric Guardian","floor":20,"turns":3},{"damage":8,"enemies":"Colosseum Slavers","floor":22,"turns":3},{"damage":50,"enemies":"Colosseum Nobs","floor":22,"turns":4},{"damage":52,"enemies":"Book of Stabbing","floor":24,"turns":4}],"seed_played":"-7221326847023594869","potions_obtained":[{"floor":1,"key":"Fire Potion"},{"floor":7,"key":"Swift Potion"},{"floor":11,"key":"Block Potion"},{"floor":20,"key":"SkillPotion"}],"is_trial":false,"path_per_floor":["M","?","?","M","M","R","E","M","T","T","M","$","E","?","R","B",null,"M","?","M","$","?","R"],"character_chosen":"IRONCLAD","items_purchased":["Flex","The Bomb"],"campfire_rested":2,"item_purchase_floors":[12,12],"current_hp_per_floor":[79,72,72,78,80,80,56,49,49,49,45,45,31,51,80,80,80,60,60,55,55,9,48,0],"gold":169,"neow_bonus":"RANDOM_COMMON_RELIC","is_prod":false,"is_daily":false,"chose_seed":false,"campfire_upgraded":1,"win_rate":0,"timestamp":1535192838,"path_taken":["M","?","?","M","M","R","E","M","T","?","M","$","E","?","R","BOSS","M","?","M","$","?","R","E"],"build_version":"2018-08-23v2","purchased_purges":1,"victory":false,"max_hp_per_floor":[80,80,80,80,80,80,80,80,80,80,80,80,80,80,80,80,80,80,80,80,80,80,80,80],"card_choices":[{"not_picked":["Flame Barrier","Flex"],"picked":"Spot Weakness","floor":1},{"not_picked":["Ghostly Armor","Sword Boomerang"],"picked":"Thunderclap","floor":4},{"not_picked":["Feel No Pain","Impervious"],"picked":"Perfected Strike","floor":5},{"not_picked":["Sever Soul","Dual Wield"],"picked":"Dropkick","floor":7},{"not_picked":["Power Through","Havoc","True Grit"],"picked":"SKIP","floor":8},{"not_picked":["Anger","Clash"],"picked":"Warcry","floor":11},{"not_picked":["Sever Soul","Searing Blow"],"picked":"Sword Boomerang","floor":13},{"not_picked":["Limit Break","Dark Embrace+1"],"picked":"Fiend Fire","floor":16},{"not_picked":["Heavy Blade","Headbutt"],"picked":"Clash+1","floor":18},{"not_picked":["Ghostly Armor+1","Carnage"],"picked":"Shrug It Off","floor":20},{"not_picked":["Iron Wave+1","Wild Strike"],"picked":"Rupture+1","floor":22}],"player_experience":51291,"relics_obtained":[{"floor":7,"key":"Frozen Egg 2"},{"floor":9,"key":"Centennial Puzzle"},{"floor":10,"key":"Regal Pillow"},{"floor":13,"key":"Bag of Preparation"},{"floor":17,"key":"Potion Belt"},{"floor":17,"key":"Mummified Hand"},{"floor":17,"key":"Peace Pipe"},{"floor":22,"key":"Bird Faced Urn"},{"floor":22,"key":"Letter Opener"}],"event_choices":[{"event_name":"Golden Wing","player_choice":"Card Removal","floor":2,"damage_taken":0},{"event_name":"Living Wall","player_choice":"Grow","floor":3,"damage_taken":0},{"event_name":"The Cleric","player_choice":"Healed","floor":14,"damage_taken":0},{"event_name":"Back to Basics","player_choice":"Elegance","floor":19,"damage_taken":0},{"event_name":"Colosseum","player_choice":"Fight","floor":22,"damage_taken":0},{"event_name":"Colosseum","player_choice":"Fought Nobs","floor":22,"damage_taken":0}],"is_beta":true,"boss_relics":[{"not_picked":["Runic Pyramid","Tiny House"],"picked":"Calling Bell"}],"items_purged_floors":[21],"is_endless":false,"potions_floor_spawned":[1,7,11,20],"killed_by":"Book of Stabbing","ascension_level":4}