{"path_per_floor":["M","$","M","?","M","E","M","E","T","M","E","?","M","?","R"],"character_chosen":"IRONCLAD","items_purchased":["Inflame"],"gold_per_floor":[109,31,50,0,19,75,85,120,145,163,188,188,204,281,281],"floor_reached":16,"campfire_rested":1,"playtime":1270,"current_hp_per_floor":[77,77,80,80,80,59,58,44,44,37,29,29,18,18,40],"items_purged":[],"gold":281,"play_id":"43392aaa-0da5-4ac4-82c8-673a89db32ff","is_prod":false,"is_daily":false,"is_ascension_mode":false,"campfire_upgraded":0,"path_taken":["M","$","M","?","M","E","M","E","T","M","E","?","?","?","R","BOSS"],"build_version":"2018-01-25-PROD3","purchased_purges":0,"victory":false,"master_deck":["Strike_R","Strike_R","Strike_R","Strike_R","Defend_R","Defend_R","Defend_R","Defend_R","Bash","Sentinel","Inflame","Armaments","Heavy Blade","Flame Barrier","Twin Strike","Feed","Inflame"],"max_hp_per_floor":[80,80,80,80,80,80,80,80,80,80,80,74,74,74,74],"relics":["Burning Blood","Tiny Chest","Mercury Hourglass","Prayer Wheel","Matryoshka","Golden Idol"],"card_choices":[{"not_picked":["Anger","Warcry"],"picked":"Sentinel"},{"not_picked":["Battle Trance","Sentinel"],"picked":"Armaments"},{"not_picked":["Shrug It Off","Iron Wave"],"picked":"Heavy Blade"},{"not_picked":["Sword Boomerang","Clothesline"],"picked":"Flame Barrier"},{"not_picked":["Power Through","Sword Boomerang"],"picked":"Twin Strike"},{"not_picked":["Battle Trance","Sword Boomerang"],"picked":"Feed"},{"not_picked":["Perfected Strike","Cleave"],"picked":"Inflame"}],"player_experience":205968,"potions_floor_usage":[8,11,13],"damage_taken":[{"damage":9,"enemies":"Jaw Worm","floor":1,"turns":4},{"damage":1,"enemies":"Cultist","floor":3,"turns":3},{"damage":5,"enemies":"Small Slimes","floor":5,"turns":4},{"damage":27,"enemies":"Gremlin Nob","floor":6,"turns":4},{"damage":7,"enemies":"3 Louse","floor":7,"turns":4},{"damage":20,"enemies":"3 Sentries","floor":8,"turns":6},{"damage":13,"enemies":"Gremlin Gang","floor":10,"turns":4},{"damage":14,"enemies":"Lagavulin","floor":11,"turns":8},{"damage":17,"enemies":"Exordium Wildlife","floor":13,"turns":5},{"damage":43,"enemies":"The Guardian","floor":16,"turns":5}],"event_choices":[{"event_name":"The Cleric","player_choice":"Card Removal","floor":4,"damage_taken":0},{"event_name":"Golden Idol","player_choice":"Lose Max HP","floor":12,"damage_taken":0},{"event_name":"Golden Wing","player_choice":"Gained Gold","floor":14,"damage_taken":0}],"boss_relics":[],"potions_floor_spawned":[1,3,10,11],"seed_played":"-1224370603819670590","killed_by":"The Guardian","ascension_level":0,"is_trial":false}