{"gold_per_floor":[112,112,23,23,23,23,37,58,58,58,92,110,110,124,124,124],"floor_reached":16,"playtime":542,"items_purged":[],"score":196,"play_id":"ad5498b0-465e-4e65-815d-130346b5a440","local_time":"20190106230536","is_ascension_mode":true,"campfire_choices":[{"data":"Zap","floor":6,"key":"SMITH"},{"data":"Loop","floor":10,"key":"SMITH"},{"data":"Storm","floor":15,"key":"SMITH"}],"neow_cost":"NONE","seed_source_timestamp":76283310493838,"circlet_count":0,"master_deck":["AscendersBane","Strike_B","Strike_B","Strike_B","Defend_B","Defend_B","Defend_B","Defend_B+1","Zap+1","Dualcast+1","Tempest","Defragment+1","Chill","Loop+1","Storm+1","Ball Lightning","Seek"],"relics":["Cracked Core","Odd Mushroom","Orichalcum","Dodecahedron"],"potions_floor_usage":[11,16],"damage_taken":[{"damage":1,"enemies":"Cultist","floor":1,"turns":3},{"damage":5,"enemies":"Small Slimes","floor":7,"turns":3},{"damage":0,"enemies":"The Mushroom Lair","floor":8,"turns":3},{"damage":5,"enemies":"Gremlin Nob","floor":11,"turns":3},{"damage":1,"enemies":"2 Louse","floor":12,"turns":2},{"damage":22,"enemies":"Lots of Slimes","floor":14,"turns":3},{"damage":22,"enemies":"Slime Boss","floor":16,"turns":6}],"seed_played":"-3543773517275908065","potions_obtained":[{"floor":7,"key":"GamblersBrew"},{"floor":12,"key":"FairyPotion"},{"floor":14,"key":"SkillPotion"}],"is_trial":false,"path_per_floor":["M","?","$","?","?","R","M","?","T","R","E","M","?","M","R","B"],"character_chosen":"DEFECT","items_purchased":["Defragment"],"campfire_rested":0,"item_purchase_floors":[3],"current_hp_per_floor":[63,42,42,42,42,42,37,37,37,37,32,31,31,9,9,0],"gold":124,"neow_bonus":"REMOVE_CARD","is_prod":false,"is_daily":false,"chose_seed":false,"campfire_upgraded":3,"win_rate":0,"timestamp":1546776336,"path_taken":["M","?","$","?","?","R","M","?","T","R","E","M","?","M","R","BOSS"],"build_version":"2018-11-15","purchased_purges":0,"victory":false,"max_hp_per_floor":[71,71,71,71,71,71,71,71,71,71,71,71,71,71,71,71],"card_choices":[{"not_picked":["Barrage","Rip and Tear"],"picked":"Tempest","floor":1},{"not_picked":["Turbo","Barrage"],"picked":"Chill","floor":7},{"not_picked":["Leap","Stack"],"picked":"Loop","floor":8},{"not_picked":["Gash","Consume"],"picked":"Storm","floor":11},{"not_picked":["Streamline","Sweeping Beam"],"picked":"Ball Lightning","floor":12},{"not_picked":["Barrage","Scrape"],"picked":"Seek","floor":14}],"player_experience":1005979,"relics_obtained":[{"floor":8,"key":"Odd Mushroom"},{"floor":9,"key":"Orichalcum"},{"floor":11,"key":"Dodecahedron"}],"event_choices":[{"damage_healed":0,"gold_gain":0,"player_choice":"Entered Light","damage_taken":21,"max_hp_gain":0,"max_hp_loss":0,"event_name":"Shining Light","floor":2,"gold_loss":0,"cards_upgraded":["Defend_B","Dualcast"]},{"damage_healed":0,"gold_gain":0,"player_choice":"Grow","damage_taken":0,"max_hp_gain":0,"max_hp_loss":0,"event_name":"Living Wall","floor":4,"gold_loss":0,"cards_upgraded":["Defragment"]},{"damage_healed":0,"gold_gain":0,"player_choice":"Ignored","damage_taken":0,"max_hp_gain":0,"max_hp_loss":0,"event_name":"Liars Game","floor":5,"gold_loss":0},{"damage_healed":0,"gold_gain":0,"player_choice":"Fought Mushrooms","damage_taken":0,"max_hp_gain":0,"max_hp_loss":0,"event_name":"Mushrooms","floor":8,"gold_loss":0},{"damage_healed":0,"gold_gain":0,"player_choice":"Ignored","damage_taken":0,"max_hp_gain":0,"max_hp_loss":0,"event_name":"Golden Idol","floor":13,"gold_loss":0}],"is_beta":true,"boss_relics":[],"items_purged_floors":[],"is_endless":false,"potions_floor_spawned":[7,12,14],"killed_by":"Slime Boss","ascension_level":20}