{"gold_per_floor":[109,129,94,105,117,147,147,158,158,58,58,58,68,85,85,190,190,130,55,68,80,80,80,95,95,95,95],"floor_reached":27,"playtime":2554,"items_purged":["Feel No Pain+1"],"score":217,"play_id":"2d4831b6-2656-4b7e-854b-f4a504ebeb7e","local_time":"20180916183845","is_ascension_mode":false,"campfire_choices":[{"data":"Armaments","floor":11,"key":"SMITH"},{"data":"Finesse","floor":15,"key":"SMITH"},{"floor":23,"key":"REST"}],"neow_cost":"","seed_source_timestamp":256316502866413,"circlet_count":0,"master_deck":["Strike_R","Strike_R","Strike_R","Strike_R","Defend_R","Defend_R","Defend_R","Defend_R","Bash","Cleave","Perfected Strike","Anger","Armaments+1","Finesse+1","Barricade+1","Clash","Impervious","True Grit+1","Warcry+1","Clash","Iron Wave+1","Thunderclap"],"relics":["Burning Blood","Boot","Frozen Egg 2","Astrolabe","Molten Egg 2"],"potions_floor_usage":[21,22,24],"damage_taken":[{"damage":2,"enemies":"2 Louse","floor":1,"turns":5},{"damage":0,"enemies":"Jaw Worm","floor":2,"turns":4},{"damage":1,"enemies":"Cultist","floor":4,"turns":4},{"damage":5,"enemies":"3 Louse","floor":5,"turns":2},{"damage":11,"enemies":"Gremlin Nob","floor":6,"turns":4},{"damage":6,"enemies":"Large Slime","floor":8,"turns":6},{"damage":6,"enemies":"Red Slaver","floor":13,"turns":3},{"damage":4,"enemies":"3 Louse","floor":14,"turns":3},{"damage":50,"enemies":"The Guardian","floor":16,"turns":13},{"damage":21,"enemies":"2 Thieves","floor":18,"turns":4},{"damage":14,"enemies":"3 Byrds","floor":20,"turns":6},{"damage":53,"enemies":"Cultist and Chosen","floor":21,"turns":12},{"damage":0,"enemies":"3 Cultists","floor":22,"turns":1},{"damage":36,"enemies":"Snecko","floor":24,"turns":14},{"damage":13,"enemies":"Shelled Parasite and Fungi","floor":27,"turns":3}],"seed_played":"-8120722937835197929","potions_obtained":[{"floor":2,"key":"AttackPotion"},{"floor":4,"key":"SmokeBomb"},{"floor":6,"key":"Ancient Potion"},{"floor":20,"key":"PowerPotion"},{"floor":21,"key":"Weak Potion"}],"is_trial":false,"path_per_floor":["M","M","?","M","M","E","?","M","T","$","R","$","M","M","R","B",null,"M","$","M","M","M","R","M","?","T"],"character_chosen":"IRONCLAD","items_purchased":["Finesse"],"campfire_rested":1,"item_purchase_floors":[10],"current_hp_per_floor":[80,80,80,80,80,75,75,75,75,75,75,75,75,77,77,33,80,65,65,57,10,16,40,10,10,10,0],"gold":95,"neow_bonus":"","is_prod":false,"is_daily":false,"chose_seed":false,"campfire_upgraded":2,"win_rate":0.0,"timestamp":1537141125,"path_taken":["M","M","?","M","?","E","?","?","T","$","R","$","M","M","R","BOSS","M","$","M","M","M","R","M","?","T","M"],"build_version":"2018-09-06","purchased_purges":1,"victory":false,"max_hp_per_floor":[80,80,80,80,80,80,80,80,80,80,80,80,80,80,80,80,80,80,80,80,80,80,80,80,80,80,80],"card_choices":[{"not_picked":["Clash","Searing Blow"],"picked":"Iron Wave","floor":1},{"not_picked":["Body Slam","Burning Pact"],"picked":"Cleave","floor":2},{"not_picked":["Searing Blow","Flex"],"picked":"Perfected Strike","floor":4},{"not_picked":["True Grit","Flex"],"picked":"Anger","floor":5},{"not_picked":["Infernal Blade","Feel No Pain"],"picked":"Carnage","floor":6},{"not_picked":["Anger","Shrug It Off"],"picked":"Armaments","floor":8},{"not_picked":["Burning Pact","Iron Wave"],"picked":"Barricade+1","floor":13},{"not_picked":["Iron Wave","Twin Strike"],"picked":"Clash","floor":14},{"not_picked":["Demon Form+1","Fiend Fire"],"picked":"Impervious","floor":16},{"not_picked":["Shockwave","Power Through"],"picked":"Clash","floor":18},{"not_picked":["Clash","Anger"],"picked":"Iron Wave+1","floor":20},{"not_picked":["Clash","Rupture+1"],"picked":"Power Through","floor":21},{"not_picked":["Fiend Fire","Feel No Pain+1"],"picked":"Thunderclap","floor":24}],"player_experience":528,"relics_obtained":[{"floor":6,"key":"Boot"},{"floor":9,"key":"Frozen Egg 2"},{"floor":26,"key":"Molten Egg 2"}],"event_choices":[{"event_name":"The Cleric","player_choice":"Healed","floor":3,"damage_taken":0},{"event_name":"Liars Game","player_choice":"disagreed","floor":7,"damage_taken":0},{"event_name":"Back to Basics","player_choice":"Elegance","floor":25,"damage_taken":0}],"is_beta":false,"boss_relics":[{"not_picked":["Fusion Hammer","Mark of Pain"],"picked":"Astrolabe"}],"items_purged_floors":[19],"is_endless":false,"potions_floor_spawned":[2,4,6,16,20,21],"killed_by":"Shelled Parasite and Fungi","ascension_level":0}