{"gold_per_floor":[110,110,124,194,204,237,247,247,247,265,290,290,365,379,379,379],"floor_reached":16,"playtime":578,"items_purged":[],"score":224,"play_id":"d92efcba-e7c3-4e3e-bd45-b9f7947d480e","local_time":"20181105022604","is_ascension_mode":true,"campfire_choices":[{"floor":8,"key":"REST"},{"data":"Flame Barrier","floor":12,"key":"SMITH"},{"data":"Bash","floor":15,"key":"SMITH"}],"neow_cost":"NONE","seed_source_timestamp":640514289899949,"circlet_count":0,"master_deck":["Strike_R","Strike_R","Strike_R","Strike_R","Strike_R","Defend_R","Defend_R","Defend_R","Defend_R","Bash+1","AscendersBane","Clothesline","Regret","Warcry","Impervious","Body Slam+1","Headbutt+1","Whirlwind+1","Flame Barrier+1","Thunderclap+1"],"relics":["Burning Blood","PreservedInsect","Molten Egg 2","Mercury Hourglass","Thread and Needle","Prayer Wheel"],"potions_floor_usage":[6,6,16,16],"damage_taken":[{"damage":5,"enemies":"2 Louse","floor":1,"turns":4},{"damage":19,"enemies":"Jaw Worm","floor":3,"turns":4},{"damage":7,"enemies":"Small Slimes","floor":5,"turns":4},{"damage":26,"enemies":"Lagavulin","floor":6,"turns":8},{"damage":12,"enemies":"Exordium Thugs","floor":7,"turns":5},{"damage":6,"enemies":"Looter","floor":10,"turns":3},{"damage":8,"enemies":"Gremlin Nob","floor":11,"turns":3},{"damage":7,"enemies":"Large Slime","floor":14,"turns":6},{"damage":41,"enemies":"Hexaghost","floor":16,"turns":9}],"seed_played":"-6862564840866705735","potions_obtained":[{"floor":0,"key":"EssenceOfSteel"},{"floor":0,"key":"EssenceOfSteel"},{"floor":11,"key":"SkillPotion"},{"floor":14,"key":"Energy Potion"}],"is_trial":false,"path_per_floor":["M","?","M","T","M","E","M","R","T","M","E","R","?","M","R","B"],"character_chosen":"IRONCLAD","items_purchased":[],"campfire_rested":1,"item_purchase_floors":[],"current_hp_per_floor":[69,69,56,56,55,35,29,51,51,51,49,49,38,37,37,0],"gold":379,"neow_bonus":"THREE_SMALL_POTIONS","is_prod":false,"is_daily":false,"chose_seed":false,"campfire_upgraded":2,"win_rate":0,"timestamp":1541402764,"path_taken":["M","?","M","?","M","E","M","R","T","M","E","R","?","M","R","BOSS"],"build_version":"2018-10-30","purchased_purges":0,"victory":false,"max_hp_per_floor":[75,75,75,75,75,75,75,75,75,75,75,75,75,75,75,75],"card_choices":[{"not_picked":["Armaments","Pommel Strike"],"picked":"Clothesline","floor":1},{"not_picked":["Twin Strike","Infernal Blade"],"picked":"Warcry","floor":3},{"not_picked":["Clothesline+1","Warcry"],"picked":"Impervious","floor":5},{"not_picked":["Clothesline+1","Twin Strike+1"],"picked":"Body Slam+1","floor":6},{"not_picked":["Bloodletting","Armaments"],"picked":"Headbutt+1","floor":7},{"not_picked":["Heavy Blade+1","Combust"],"picked":"Whirlwind+1","floor":10},{"not_picked":["Ghostly Armor","Body Slam+1"],"picked":"Flame Barrier","floor":11},{"not_picked":["Sword Boomerang+1","Wild Strike+1"],"picked":"Thunderclap+1","floor":14},{"not_picked":["Twin Strike+1","Rage","Headbutt+1"],"picked":"SKIP","floor":14}],"player_experience":918668,"relics_obtained":[{"floor":4,"key":"Molten Egg 2"},{"floor":6,"key":"Mercury Hourglass"},{"floor":9,"key":"Thread and Needle"},{"floor":11,"key":"Prayer Wheel"}],"event_choices":[{"damage_healed":0,"gold_gain":0,"player_choice":"Box","damage_taken":0,"relics_obtained":["PreservedInsect"],"max_hp_gain":0,"max_hp_loss":0,"event_name":"Big Fish","floor":2,"gold_loss":0,"cards_obtained":["Regret"]},{"damage_healed":0,"gold_gain":75,"player_choice":"Gather Gold","damage_taken":11,"max_hp_gain":0,"max_hp_loss":0,"event_name":"World of Goop","floor":13,"gold_loss":0}],"is_beta":true,"boss_relics":[],"items_purged_floors":[],"is_endless":false,"potions_floor_spawned":[1,11,14],"killed_by":"Hexaghost","ascension_level":20}