{"path_per_floor":["M","?","$","M","?","R","E","M","T","R","$","M","R","M","R","B",null,"M","?","$","?","?","R","E","M","T","M","R","M","M","$","R","B",null,"M","?","M","$","?","R","M","R","T","M","E","R","M","M","R","B"],"character_chosen":"THE_SILENT","items_purchased":["Noxious Fumes","Kunai","Slice","GhostInAJar"],"gold_per_floor":[361,361,42,62,62,62,90,109,133,133,12,28,28,48,48,145,145,127,127,127,42,42,42,69,82,109,122,122,141,159,83,83,185,215,225,225,244,244,244,244,262,262,262,273,308,308,319,329,329,329],"floor_reached":51,"campfire_rested":2,"playtime":16221,"item_purchase_floors":[],"current_hp_per_floor":[62,67,67,59,59,59,21,21,21,21,21,14,34,26,46,22,57,45,45,45,45,45,53,40,37,37,37,45,45,42,42,50,40,66,65,65,41,41,41,51,49,59,59,61,38,48,50,52,64,41],"items_purged":["Strike_G"],"gold":329,"score":1003,"play_id":"1801cc08-02b8-4cce-a62b-f3f6d9d09431","local_time":"20180531134555","is_prod":false,"is_daily":false,"chose_seed":false,"is_ascension_mode":true,"campfire_upgraded":9,"win_rate":0,"timestamp":1527799555,"campfire_choices":[{"data":"Noxious Fumes","floor":6.0,"key":"SMITH"},{"data":"Malaise","floor":10.0,"key":"SMITH"},{"floor":13.0,"key":"REST"},{"floor":15.0,"key":"REST"},{"data":"Cloak And Dagger","floor":23.0,"key":"SMITH"},{"data":"Neutralize","floor":28.0,"key":"SMITH"},{"data":"Dagger Spray","floor":32.0,"key":"SMITH"},{"data":"After Image","floor":40.0,"key":"SMITH"},{"data":"Blade Dance","floor":42.0,"key":"SMITH"},{"data":"Leg Sweep","floor":46,"key":"SMITH"},{"data":"Noxious Fumes","floor":49,"key":"SMITH"}],"path_taken":["M","?","$","M","?","R","E","M","T","R","$","?","R","M","R","BOSS","M","?","$","?","?","R","E","M","T","M","R","M","M","$","R","BOSS","M","?","M","$","?","R","M","R","T","?","E","R","M","M","R","BOSS"],"build_version":"2018-05-24","seed_source_timestamp":0,"purchased_purges":1,"victory":true,"master_deck":["Defend_G+1","Defend_G+1","Defend_G+1","Defend_G+1","Defend_G+1","Strike_G+1","Strike_G+1","Strike_G+1","Survivor","Neutralize+1","AscendersBane","Dagger Spray+1","Noxious Fumes+1","Malaise+1","Well Laid Plans+1","Noxious Fumes+1","Slice","Leg Sweep+1","Cloak And Dagger+1","Die Die Die","Backflip+1","Blur","After Image+1","Footwork+1","Dodge and Roll+1","Blade Dance+1","PiercingWail","Catalyst+1","Backflip+1","Cloak And Dagger"],"max_hp_per_floor":[63,68,68,68,68,68,68,68,68,68,68,68,68,68,68,68,68,68,68,68,68,68,68,68,68,68,68,68,68,68,68,68,68,73,73,73,73,73,73,73,73,73,73,73,73,73,73,73,73,73],"relics":["Ring of the Snake","Kunai","Art of War","Ancient Tea Set","Eternal Feather","Dream Catcher","Meat on the Bone","Boot","Tiny House","Blood Vial","Bag of Preparation"],"card_choices":[{"not_picked":["Quick Slash","Prepared"],"picked":"Dagger Spray","floor":1.0},{"not_picked":["Skewer","Heel Hook"],"picked":"Malaise","floor":4.0},{"not_picked":["PiercingWail","Masterful Stab"],"picked":"Well Laid Plans","floor":7.0},{"not_picked":["Well Laid Plans","Dodge and Roll"],"picked":"Noxious Fumes","floor":8.0},{"not_picked":["Eviscerate","Dagger Spray"],"picked":"Leg Sweep","floor":12.0},{"not_picked":["Slice","PiercingWail"],"picked":"Cloak And Dagger","floor":14.0},{"not_picked":["Storm of Steel","Phantasmal Killer"],"picked":"Die Die Die","floor":16.0},{"not_picked":["Deflect","Poisoned Stab+1","Dagger Throw"],"picked":"SKIP","floor":18.0},{"not_picked":["Sucker Punch","Masterful Stab","Flechettes"],"picked":"SKIP","floor":24.0},{"not_picked":["Outmaneuver","Deadly Poison","Deflect"],"picked":"SKIP","floor":25.0},{"not_picked":["Deadly Poison+1","Slice+1"],"picked":"Backflip+1","floor":27.0},{"not_picked":["Underhanded Strike+1","Terror","Crippling Poison"],"picked":"SKIP","floor":29.0},{"not_picked":["Predator+1","Flechettes"],"picked":"Blur","floor":30.0},{"not_picked":["A Thousand Cuts","Burst"],"picked":"After Image","floor":33.0},{"not_picked":["Flying Knee","Cloak And Dagger+1"],"picked":"Footwork+1","floor":34.0},{"not_picked":["Outmaneuver+1","Sucker Punch+1"],"picked":"Dodge and Roll+1","floor":35.0},{"not_picked":["Acrobatics+1","Deadly Poison+1"],"picked":"Catalyst+1","floor":37.0},{"not_picked":["Well Laid Plans+1","Die Die Die","Flying Knee+1"],"picked":"SKIP","floor":41.0},{"not_picked":["Underhanded Strike+1","Calculated Gamble+1","Dagger Throw"],"picked":"SKIP","floor":44},{"not_picked":["Dagger Spray","Backflip","Sucker Punch"],"picked":"SKIP","floor":45},{"not_picked":["Masterful Stab+1","Flying Knee+1"],"picked":"Backflip+1","floor":47},{"not_picked":["Storm of Steel","PiercingWail"],"picked":"Cloak And Dagger","floor":48}],"player_experience":750588,"potions_floor_usage":[45,45,50,50],"damage_taken":[{"damage":1.0,"enemies":"Small Slimes","floor":1.0,"turns":5.0},{"damage":8.0,"enemies":"Jaw Worm","floor":4.0,"turns":6.0},{"damage":38.0,"enemies":"Gremlin Nob","floor":7.0,"turns":6.0},{"damage":0.0,"enemies":"Cultist","floor":8.0,"turns":5.0},{"damage":7.0,"enemies":"3 Louse","floor":12.0,"turns":3.0},{"damage":8.0,"enemies":"Exordium Wildlife","floor":14.0,"turns":5.0},{"damage":24.0,"enemies":"Slime Boss","floor":16.0,"turns":11.0},{"damage":12.0,"enemies":"2 Thieves","floor":18.0,"turns":4.0},{"damage":13.0,"enemies":"Book of Stabbing","floor":24.0,"turns":8.0},{"damage":15.0,"enemies":"3 Byrds","floor":25.0,"turns":5.0},{"damage":0.0,"enemies":"Snake Plant","floor":27.0,"turns":7.0},{"damage":0.0,"enemies":"Centurion and Healer","floor":29.0,"turns":7.0},{"damage":15.0,"enemies":"3 Cultists","floor":30.0,"turns":6.0},{"damage":10.0,"enemies":"Collector","floor":33.0,"turns":13.0},{"damage":1.0,"enemies":"Orb Walker","floor":35.0,"turns":7.0},{"damage":36.0,"enemies":"3 Darklings","floor":37.0,"turns":6.0},{"damage":2.0,"enemies":"Maw","floor":41.0,"turns":11.0},{"damage":0,"enemies":"4 Shapes","floor":44,"turns":9},{"damage":25,"enemies":"Giant Head","floor":45,"turns":13},{"damage":0,"enemies":"3 Darklings","floor":47,"turns":8},{"damage":0,"enemies":"Sphere and 2 Shapes","floor":48,"turns":7},{"damage":37,"enemies":"Time Eater","floor":50,"turns":17}],"relics_obtained":[{"floor":7.0,"key":"Art of War"},{"floor":9.0,"key":"Ancient Tea Set"},{"floor":24.0,"key":"Meat on the Bone"},{"floor":26.0,"key":"Boot"},{"floor":43.0,"key":"Blood Vial"},{"floor":45,"key":"Bag of Preparation"}],"event_choices":[{"event_name":"Big Fish","player_choice":"Donut","floor":2.0,"damage_taken":0.0},{"event_name":"Bonfire Elementals","player_choice":"BASIC","floor":5.0,"damage_taken":0.0},{"event_name":"Beggar","player_choice":"Ignored","floor":19.0,"damage_taken":0.0},{"event_name":"Addict","player_choice":"Obtained Relic","floor":21.0,"damage_taken":0.0},{"event_name":"Back to Basics","player_choice":"Simplicity","floor":22.0,"damage_taken":0.0},{"event_name":"Match and Keep!","player_choice":"2 cards matched","floor":36.0,"damage_taken":0.0},{"event_name":"The Lab","player_choice":"Got Potions","floor":39.0,"damage_taken":0.0}],"boss_relics":[],"items_purged_floors":[],"potions_floor_spawned":[7,8,12,14,24,27,29,35,44,45,48],"seed_played":"231331526404181596","ascension_level":11,"potions_obtained":[{"floor":7.0,"key":"Dexterity Potion"},{"floor":8.0,"key":"Strength Potion"},{"floor":12.0,"key":"AttackPotion"},{"floor":14.0,"key":"Strength Potion"},{"floor":24.0,"key":"AttackPotion"},{"floor":29.0,"key":"Energy Potion"},{"floor":34.0,"key":"AttackPotion"},{"floor":35.0,"key":"Strength Potion"},{"floor":39.0,"key":"Energy Potion"},{"floor":45,"key":"SmokeBomb"},{"floor":48,"key":"Weak Potion"}],"is_trial":false}