{"gold_per_floor":[118,293,293,308,324,351,351,383,406,406,439,459,487,3,3,103,103,118,137,137,147,31,31,66,66,113,148,165,264,279,6,6,104,104,115,115,135,145,145,164,164],"floor_reached":41,"playtime":2217,"items_purged":["Corruption","Strike_R"],"score":576,"play_id":"603b6246-de73-40f7-9ad6-b18d79892b1f","local_time":"20180826180941","is_ascension_mode":true,"campfire_choices":[{"data":"Rampage","floor":7.0,"key":"SMITH"},{"floor":10.0,"key":"REST"},{"floor":15,"key":"REST"},{"data":"Pommel Strike","floor":23,"key":"SMITH"},{"floor":25,"key":"REST"},{"floor":32,"key":"REST"}],"neow_cost":"NONE","seed_source_timestamp":0,"circlet_count":0,"master_deck":["Strike_R","Strike_R","Strike_R","Defend_R","Defend_R","Defend_R","Bash","Rampage+1","Inflame","Headbutt","Shrug It Off","Ghostly Armor","Pommel Strike+1","Rage","Seeing Red","Inflame","Warcry","Pommel Strike","Limit Break","Dropkick+1","Battle Trance","Rampage","Offering","Warcry","Thunderclap","Offering","Rage","Feed","Uppercut+1"],"special_seed":0,"relics":["Burning Blood","Dream Catcher","Anchor","Pen Nib","Darkstone Periapt","Regal Pillow","Membership Card","Omamori","Empty Cage","Orichalcum","Happy Flower","Bag of Preparation","Juzu Bracelet","DollysMirror","Busted Crown","Nunchaku"],"potions_floor_usage":[24,33,33,35,38,39,41],"damage_taken":[{"damage":0.0,"enemies":"2 Louse","floor":1.0,"turns":2.0},{"damage":7.0,"enemies":"Jaw Worm","floor":4.0,"turns":4.0},{"damage":1.0,"enemies":"Cultist","floor":5.0,"turns":3.0},{"damage":25.0,"enemies":"Lagavulin","floor":6.0,"turns":5.0},{"damage":37.0,"enemies":"3 Sentries","floor":8.0,"turns":8.0},{"damage":27.0,"enemies":"Lagavulin","floor":11.0,"turns":6.0},{"damage":0.0,"enemies":"Large Slime","floor":12.0,"turns":5.0},{"damage":20.0,"enemies":"3 Sentries","floor":13.0,"turns":7.0},{"damage":48,"enemies":"The Guardian","floor":16,"turns":8},{"damage":0,"enemies":"Spheric Guardian","floor":18,"turns":3},{"damage":16,"enemies":"3 Byrds","floor":19,"turns":6},{"damage":5,"enemies":"Snecko","floor":21,"turns":4},{"damage":54,"enemies":"Slavers","floor":24,"turns":5},{"damage":43,"enemies":"Book of Stabbing","floor":27,"turns":5},{"damage":24,"enemies":"Snake Plant","floor":28,"turns":4},{"damage":6,"enemies":"Centurion and Healer","floor":30,"turns":3},{"damage":81,"enemies":"Automaton","floor":33,"turns":8},{"damage":14,"enemies":"3 Darklings","floor":35,"turns":4},{"damage":20,"enemies":"3 Shapes","floor":37,"turns":3},{"damage":43,"enemies":"Maw","floor":38,"turns":6},{"damage":6,"enemies":"Mind Bloom Boss Battle","floor":39,"turns":3},{"damage":32,"enemies":"Jaw Worm Horde","floor":40,"turns":4},{"damage":32,"enemies":"Transient","floor":41,"turns":3}],"seed_played":"3173105463747903416","potions_obtained":[{"floor":0.0,"key":"Fruit Juice"},{"floor":0.0,"key":"FairyPotion"},{"floor":0.0,"key":"Poison Potion"},{"floor":4.0,"key":"Weak Potion"},{"floor":5.0,"key":"PowerPotion"},{"floor":6.0,"key":"Regen Potion"},{"floor":11.0,"key":"SteroidPotion"},{"floor":12.0,"key":"Poison Potion"},{"floor":21,"key":"BloodPotion"},{"floor":24,"key":"Dexterity Potion"},{"floor":30,"key":"Energy Potion"},{"floor":33,"key":"Block Potion"},{"floor":35,"key":"Block Potion"},{"floor":37,"key":"FearPotion"},{"floor":40,"key":"EssenceOfSteel"}],"is_trial":false,"path_per_floor":["M","?","?","M","M","E","R","E","T","R","E","M","E","$","R","B",null,"M","M","?","M","$","R","E","R","T","E","M","?","M","$","R","B",null,"M","?","M","M","?","M"],"character_chosen":"IRONCLAD","items_purchased":["Membership Card","Omamori","Inflame","Warcry","Orichalcum","Thunderclap","DollysMirror"],"campfire_rested":4,"item_purchase_floors":[14,14,14,14,22,31,31],"current_hp_per_floor":[85,85,78,77,82,63,63,47,47,72,51,57,43,43,83,41,74,80,70,70,71,71,71,31,71,71,34,16,16,16,16,56,14,67,59,80,66,32,35,9,0],"gold":164,"neow_bonus":"THREE_SMALL_POTIONS","is_prod":false,"is_daily":false,"chose_seed":false,"campfire_upgraded":2,"win_rate":0,"timestamp":1535299781,"path_taken":["M","?","?","M","?","E","R","E","T","R","E","M","E","$","R","BOSS","M","M","?","M","$","R","E","R","T","E","M","?","M","$","R","BOSS","M","?","M","M","?","M","M"],"build_version":"2018-08-23v2","purchased_purges":2,"victory":false,"max_hp_per_floor":[85,85,85,85,85,85,85,85,85,85,85,85,85,85,85,85,85,85,85,85,85,85,85,85,85,85,85,85,85,85,85,85,85,85,85,85,85,88,91,91,91],"card_choices":[{"not_picked":["Burning Pact","Havoc"],"picked":"Rampage","floor":1.0},{"not_picked":["Sever Soul","Thunderclap"],"picked":"Inflame","floor":4.0},{"not_picked":["Combust","Havoc"],"picked":"Headbutt","floor":5.0},{"not_picked":["Fire Breathing","Limit Break"],"picked":"Shrug It Off","floor":6.0},{"not_picked":["Evolve","Twin Strike"],"picked":"Ghostly Armor","floor":8.0},{"not_picked":["Searing Blow","Combust"],"picked":"Pommel Strike","floor":10.0},{"not_picked":["Sever Soul","Thunderclap"],"picked":"Rage","floor":11.0},{"not_picked":["Metallicize","Shockwave"],"picked":"Corruption","floor":12.0},{"not_picked":["Infernal Blade","Armaments"],"picked":"Seeing Red","floor":13.0},{"not_picked":["Carnage","Iron Wave"],"picked":"Pommel Strike","floor":15},{"not_picked":["Juggernaut","Bludgeon"],"picked":"Limit Break","floor":16},{"not_picked":["Ghostly Armor","Cleave+1","Iron Wave"],"picked":"SKIP","floor":18},{"not_picked":["Havoc","Body Slam+1"],"picked":"Dropkick+1","floor":19},{"not_picked":["Clothesline","Metallicize","Armaments"],"picked":"SKIP","floor":21},{"not_picked":["Clash+1","Feel No Pain","Sentinel"],"picked":"SKIP","floor":24},{"not_picked":["Bloodletting","Pommel Strike"],"picked":"Rampage","floor":25},{"not_picked":["Iron Wave+1","Wild Strike"],"picked":"Offering","floor":27},{"not_picked":["Shockwave","Clothesline","Fire Breathing"],"picked":"SKIP","floor":28},{"not_picked":["Fire Breathing+1","Headbutt+1"],"picked":"Warcry","floor":30},{"not_picked":["Intimidate","Anger+1"],"picked":"Rage","floor":32},{"not_picked":["Demon Form","Offering"],"picked":"Feed","floor":33},{"not_picked":["Second Wind+1"],"picked":"SKIP","floor":35},{"not_picked":["Wild Strike"],"picked":"SKIP","floor":37},{"not_picked":["Wild Strike"],"picked":"SKIP","floor":38},{"not_picked":[],"picked":"Uppercut+1","floor":39},{"not_picked":["Heavy Blade"],"picked":"SKIP","floor":40}],"player_experience":61259,"relics_obtained":[{"floor":6.0,"key":"Dream Catcher"},{"floor":8.0,"key":"Anchor"},{"floor":9.0,"key":"Pen Nib"},{"floor":11.0,"key":"Darkstone Periapt"},{"floor":13.0,"key":"Regal Pillow"},{"floor":24,"key":"Happy Flower"},{"floor":26,"key":"Bag of Preparation"},{"floor":27,"key":"Juzu Bracelet"},{"floor":39,"key":"Nunchaku"}],"event_choices":[{"event_name":"Liars Game","player_choice":"agreed","floor":2.0,"damage_taken":0.0},{"event_name":"Golden Wing","player_choice":"Card Removal","floor":3.0,"damage_taken":0.0},{"event_name":"The Library","player_choice":"Read","floor":20,"damage_taken":0},{"event_name":"Nest","player_choice":"Stole From Cult","floor":29,"damage_taken":0},{"event_name":"Winding Halls","player_choice":"Writhe","floor":36,"damage_taken":0},{"event_name":"MindBloom","player_choice":"Fight","floor":39,"damage_taken":0}],"is_beta":true,"boss_relics":[{"not_picked":["Astrolabe","Black Blood"],"picked":"Empty Cage"},{"not_picked":["Fusion Hammer","White Beast Statue"],"picked":"Busted Crown"}],"items_purged_floors":[14,31],"is_endless":false,"potions_floor_spawned":[4,5,6,11,12,21,24,30,33,35,37,40],"killed_by":"Transient","ascension_level":5}