{"path_per_floor":["M","?","?","M","?","E","R","E","T","M"],"character_chosen":"DEFECT","items_purchased":[],"gold_per_floor":[110,110,110,120,195,224,224,253,253,267,267],"floor_reached":11,"campfire_rested":1,"playtime":299,"item_purchase_floors":[],"current_hp_per_floor":[73,73,55,54,43,11,33,3,3,2,0],"items_purged":[],"gold":267,"score":93,"play_id":"869f0e86-0243-43da-873f-27b578571f70","local_time":"20180611223700","is_prod":false,"is_daily":false,"chose_seed":false,"is_ascension_mode":true,"campfire_upgraded":0,"win_rate":0,"timestamp":1528774620,"campfire_choices":[{"floor":7,"key":"REST"}],"path_taken":["M","?","?","M","?","E","R","E","T","?","M"],"build_version":"2018-06-07v3","seed_source_timestamp":130834084643834,"purchased_purges":0,"victory":false,"master_deck":["Strike_B","Strike_B","Strike_B","Strike_B","Defend_B","Defend_B","Defend_B","Defend_B","Zap","Dualcast","Defragment+1","Ball Lightning","Aggregate","Conserve Battery","All For One"],"max_hp_per_floor":[75,75,75,75,75,75,75,75,75,75,75],"relics":["Cracked Core","Pantograph","Turnip","Du-Vu Doll","Boot"],"card_choices":[{"not_picked":["Sweeping Beam","FTL"],"picked":"Defragment","floor":1},{"not_picked":["Reprogram","Gash"],"picked":"Ball Lightning","floor":4},{"not_picked":["Darkness","Auto Shields"],"picked":"Aggregate","floor":6},{"not_picked":["Gash","Melter"],"picked":"Conserve Battery","floor":8},{"not_picked":["Hologram","Rebound"],"picked":"All For One","floor":10}],"player_experience":269618,"potions_floor_usage":[1,4,6,8,10],"damage_taken":[{"damage":2,"enemies":"Jaw Worm","floor":1,"turns":4},{"damage":1,"enemies":"Cultist","floor":4,"turns":3},{"damage":32,"enemies":"Gremlin Nob","floor":6,"turns":4},{"damage":30,"enemies":"Lagavulin","floor":8,"turns":5},{"damage":1,"enemies":"2 Louse","floor":10,"turns":3},{"damage":12,"enemies":"Exordium Wildlife","floor":11,"turns":1}],"relics_obtained":[{"floor":6,"key":"Turnip"},{"floor":8,"key":"Du-Vu Doll"},{"floor":9,"key":"Boot"}],"event_choices":[{"event_name":"Accursed Blacksmith","player_choice":"Forge","floor":2,"damage_taken":0},{"event_name":"Scrap Ooze","player_choice":"success","floor":3,"damage_taken":18},{"event_name":"World of Goop","player_choice":"Gather Gold","floor":5,"damage_taken":0}],"boss_relics":[],"items_purged_floors":[],"potions_floor_spawned":[4,6],"seed_played":"5622931240610242108","killed_by":"Exordium Wildlife","ascension_level":3,"potions_obtained":[{"floor":4,"key":"Block Potion"},{"floor":6,"key":"AttackPotion"}],"is_trial":false}