{"gold_per_floor":[116,116,128,143,68,68,85,74,100,85,131,154,166,188,200,315,327,352,383,273,273,373,373,383,383,437,312,312,312,345,195,195,298,298,311,311,311,311,327,327,361,361,361,164,190,209,34,49,49,49],"floor_reached":50,"playtime":3315,"items_purged":["Strike_R","Strike_R","Strike_R","Strike_R","Body Slam"],"score":513,"play_id":"473c8d77-f393-409d-8e8d-865f3147dced","local_time":"20180921104035","is_ascension_mode":false,"campfire_choices":[{"data":"Bash","floor":6.0,"key":"SMITH"},{"floor":13.0,"key":"REST"},{"data":"Shockwave","floor":15.0,"key":"SMITH"},{"floor":23.0,"key":"REST"},{"floor":25.0,"key":"REST"},{"floor":32.0,"key":"REST"},{"floor":40,"key":"REST"},{"floor":42,"key":"REST"},{"floor":49,"key":"REST"}],"neow_cost":"","seed_source_timestamp":0,"circlet_count":0,"master_deck":["Strike_R","Defend_R+1","Defend_R","Defend_R+1","Defend_R+1","Bash+1","Body Slam+1","Shockwave+1","Iron Wave","Iron Wave","Headbutt","Demon Form","Pommel Strike","Secret Weapon","Whirlwind+1","Shrug It Off+1"],"special_seed":0,"relics":["Burning Blood","MawBank","Vajra","Fusion Hammer","Red Skull","War Paint","Orichalcum","Prayer Wheel","Omamori","Mercury Hourglass","Lee\u0027s Waffle","Oddly Smooth Stone"],"potions_floor_usage":[41,41,41,41,41,50],"damage_taken":[{"damage":2.0,"enemies":"2 Louse","floor":1.0,"turns":3.0},{"damage":3.0,"enemies":"Small Slimes","floor":3.0,"turns":3.0},{"damage":5.0,"enemies":"Cultist","floor":4.0,"turns":4.0},{"damage":17.0,"enemies":"Large Slime","floor":7.0,"turns":9.0},{"damage":8.0,"enemies":"Exordium Thugs","floor":8.0,"turns":4.0},{"damage":33.0,"enemies":"3 Sentries","floor":11.0,"turns":12.0},{"damage":2.0,"enemies":"Looter","floor":12.0,"turns":3.0},{"damage":5.0,"enemies":"2 Fungi Beasts","floor":14.0,"turns":3.0},{"damage":48.0,"enemies":"Slime Boss","floor":16.0,"turns":10.0},{"damage":7.0,"enemies":"Shell Parasite","floor":18.0,"turns":4.0},{"damage":10.0,"enemies":"2 Thieves","floor":19.0,"turns":5.0},{"damage":15.0,"enemies":"Snake Plant","floor":24.0,"turns":3.0},{"damage":21.0,"enemies":"Slavers","floor":30.0,"turns":9.0},{"damage":54.0,"enemies":"Collector","floor":33.0,"turns":9.0},{"damage":18.0,"enemies":"Orb Walker","floor":35.0,"turns":4.0},{"damage":13,"enemies":"Mind Bloom Boss Battle","floor":37,"turns":6},{"damage":10,"enemies":"3 Shapes","floor":39,"turns":5},{"damage":76,"enemies":"2 Orb Walkers","floor":41,"turns":6},{"damage":17,"enemies":"Spire Growth","floor":46,"turns":4},{"damage":16,"enemies":"Reptomancer","floor":48,"turns":4},{"damage":93,"enemies":"Awakened One","floor":50,"turns":11}],"seed_played":"-1518200817915375800","potions_obtained":[{"floor":3.0,"key":"Regen Potion"},{"floor":4.0,"key":"Block Potion"},{"floor":11.0,"key":"AttackPotion"},{"floor":12.0,"key":"LiquidBronze"},{"floor":16.0,"key":"EntropicBrew"},{"floor":19.0,"key":"SpeedPotion"},{"floor":35.0,"key":"Regen Potion"},{"floor":41,"key":"FearPotion"}],"is_trial":false,"path_per_floor":["M","?","M","M","$","R","M","M","T","?","E","M","R","M","R","B",null,"M","M","$","?","?","R","M","R","T","$","T","?","E","$","R","B",null,"M","?","?","?","M","R","E","R","T","$","T","M","$","M","R"],"character_chosen":"IRONCLAD","items_purchased":["Pommel Strike","Lee\u0027s Waffle"],"campfire_rested":7,"item_purchase_floors":[20,44],"current_hp_per_floor":[80,64,67,68,68,68,57,55,55,55,40,44,68,69,69,27,80,79,75,75,75,75,80,71,80,80,80,80,80,65,65,80,32,80,68,68,61,61,57,76,18,40,40,83,83,72,72,62,83,0],"gold":49,"neow_bonus":"","is_prod":false,"is_daily":false,"chose_seed":false,"campfire_upgraded":2,"win_rate":0.0,"timestamp":1537544435,"path_taken":["M","?","?","M","$","R","M","M","T","?","E","M","R","M","R","BOSS","M","M","$","?","?","R","?","R","T","?","?","?","E","$","R","BOSS","M","?","?","?","?","R","E","R","T","$","?","M","?","M","R","BOSS"],"build_version":"2018-09-20","purchased_purges":5,"victory":false,"max_hp_per_floor":[80,80,80,80,80,80,80,80,80,80,80,80,80,80,80,80,80,80,80,80,80,80,80,80,80,80,80,80,80,80,80,80,80,80,80,76,76,76,76,76,76,76,76,83,83,83,83,83,83,83],"card_choices":[{"not_picked":["Clothesline","Searing Blow"],"picked":"Body Slam","floor":1.0},{"not_picked":["Metallicize","Dropkick","Thunderclap"],"picked":"SKIP","floor":3.0},{"not_picked":["Armaments","Burning Pact","Cleave"],"picked":"SKIP","floor":4.0},{"not_picked":["Anger","Corruption"],"picked":"Shockwave","floor":7.0},{"not_picked":["Armaments","Carnage"],"picked":"Iron Wave","floor":8.0},{"not_picked":["Clash","Burning Pact"],"picked":"Iron Wave","floor":11.0},{"not_picked":["Anger","Rampage"],"picked":"Body Slam","floor":12.0},{"not_picked":["Iron Wave","Infernal Blade"],"picked":"Headbutt","floor":14.0},{"not_picked":["Fiend Fire","Dark Embrace"],"picked":"Demon Form","floor":16.0},{"not_picked":["Corruption","Reckless Charge","Feel No Pain"],"picked":"SKIP","floor":18.0},{"not_picked":["Ghostly Armor","Pommel Strike","Anger"],"picked":"SKIP","floor":19.0},{"not_picked":["Burning Pact","Infernal Blade","Fire Breathing+1"],"picked":"SKIP","floor":24.0},{"not_picked":["Second Wind+1","Reckless Charge","Burning Pact"],"picked":"SKIP","floor":30.0},{"not_picked":["Flex+1","Intimidate+1","Warcry+1"],"picked":"SKIP","floor":35.0},{"not_picked":["Dark Shackles","Purity"],"picked":"Secret Weapon","floor":38},{"not_picked":["Corruption+1","Hemokinesis+1","Rampage"],"picked":"SKIP","floor":39},{"not_picked":["Iron Wave","Heavy Blade","Evolve+1"],"picked":"SKIP","floor":39},{"not_picked":["Searing Blow","Exhume"],"picked":"Whirlwind+1","floor":41},{"not_picked":["True Grit+1","Iron Wave+1","Inflame"],"picked":"SKIP","floor":46},{"not_picked":["Flex+1","Wild Strike+1","Headbutt"],"picked":"SKIP","floor":46},{"not_picked":["Dual Wield","Twin Strike"],"picked":"Shrug It Off+1","floor":48},{"not_picked":["Clothesline+1","Second Wind+1","Shrug It Off"],"picked":"SKIP","floor":48}],"player_experience":62053,"relics_obtained":[{"floor":9.0,"key":"MawBank"},{"floor":11.0,"key":"Vajra"},{"floor":26.0,"key":"Red Skull"},{"floor":28.0,"key":"War Paint"},{"floor":30.0,"key":"Orichalcum"},{"floor":37,"key":"Prayer Wheel"},{"floor":41,"key":"Omamori"},{"floor":43,"key":"Mercury Hourglass"},{"floor":45,"key":"Oddly Smooth Stone"}],"event_choices":[{"event_name":"Shining Light","player_choice":"Entered Light","floor":2.0,"damage_taken":0.0},{"event_name":"World of Goop","player_choice":"Left","floor":10.0,"damage_taken":0.0},{"event_name":"Ghosts","player_choice":"Ignored","floor":21.0,"damage_taken":0.0},{"event_name":"Golden Shrine","player_choice":"Pray","floor":22.0,"damage_taken":0.0},{"event_name":"Duplicator","player_choice":"Ignored","floor":29.0,"damage_taken":0.0},{"event_name":"Winding Halls","player_choice":"Max HP","floor":36.0,"damage_taken":0.0},{"event_name":"MindBloom","player_choice":"Fight","floor":37,"damage_taken":0},{"event_name":"SensoryStone","player_choice":"Memory 1","floor":38,"damage_taken":0}],"is_beta":false,"boss_relics":[{"not_picked":["Busted Crown","Runic Dome"],"picked":"Fusion Hammer"},{"not_picked":["Coffee Dripper","Mark of Pain","Orrery"]}],"items_purged_floors":[5,20,27,31,47],"is_endless":false,"potions_floor_spawned":[3,4,11,12,16,19,35,41],"killed_by":"Awakened One","ascension_level":0}