{"path_per_floor":["M","?","?","M","M","R","E","R","T","E","?","M","?","?","R","B",null,"M","?","?","?","?","R","E","R","T","M"],"character_chosen":"IRONCLAD","items_purchased":[],"gold_per_floor":[109,109,109,119,135,135,164,164,164,190,190,205,205,283,283,381,381,392,307,232,260,260,260,286,286,333,351,351],"floor_reached":28,"campfire_rested":2,"playtime":986,"item_purchase_floors":[],"current_hp_per_floor":[79,79,79,78,84,84,55,55,55,29,50,56,56,56,56,14,69,59,59,59,44,44,71,11,38,38,20,0],"items_purged":[],"gold":351,"score":327,"play_id":"fa2bc005-2086-4167-b758-38e5d7517302","local_time":"20180610115738","is_prod":false,"is_daily":false,"chose_seed":false,"is_ascension_mode":true,"campfire_upgraded":3,"win_rate":0,"timestamp":1528649858,"campfire_choices":[{"data":"Perfected Strike","floor":6,"key":"SMITH"},{"data":"Perfected Strike","floor":8,"key":"SMITH"},{"data":"Bash","floor":15,"key":"SMITH"},{"floor":23,"key":"REST"},{"floor":25,"key":"REST"}],"path_taken":["M","?","?","?","M","R","E","R","T","E","?","M","?","?","R","BOSS","M","?","?","?","?","R","E","R","T","M","M"],"build_version":"2018-06-07v3","seed_source_timestamp":0,"purchased_purges":0,"victory":false,"master_deck":["Strike_R","Strike_R","Strike_R","Strike_R","Strike_R","Defend_R","Defend_R","Defend_R","Defend_R","Bash+1","Evolve","Perfected Strike+1","Sentinel","Perfected Strike+1","Fiend Fire","Wild Strike","Feed","Flex","Flex","Headbutt+1"],"max_hp_per_floor":[87,87,87,87,87,87,87,87,87,87,87,87,87,87,87,87,87,90,90,87,90,90,90,92,92,92,92,92],"relics":["Burning Blood","Strawberry","Shuriken","Juzu Bracelet","Paper Frog","Toolbox","Singing Bowl","Black Star","Happy Flower","Red Mask","Molten Egg 2","Question Card","Potion Belt"],"card_choices":[{"not_picked":["Feel No Pain","True Grit"],"picked":"Evolve","floor":1},{"not_picked":["Pommel Strike","Disarm"],"picked":"Perfected Strike","floor":4},{"not_picked":["True Grit","Shrug It Off"],"picked":"Sentinel","floor":5},{"not_picked":["True Grit","Shrug It Off"],"picked":"Perfected Strike","floor":7},{"not_picked":["Blood for Blood","Reckless Charge"],"picked":"Fiend Fire","floor":10},{"not_picked":["Second Wind","Heavy Blade"],"picked":"Wild Strike","floor":12},{"not_picked":["Offering","Immolate"],"picked":"Feed","floor":16},{"not_picked":["Iron Wave+1","Cleave"],"picked":"Flex","floor":18},{"not_picked":["Thunderclap","Body Slam"],"picked":"Flex","floor":21},{"not_picked":["Exhume","Sword Boomerang","Heavy Blade"],"picked":"Singing Bowl","floor":24},{"not_picked":["Iron Wave+1","Inflame","Anger+1"],"picked":"Headbutt+1","floor":27}],"player_experience":261035,"potions_floor_usage":[16,18,21,28,28],"damage_taken":[{"damage":6,"enemies":"Cultist","floor":1,"turns":3},{"damage":7,"enemies":"Small Slimes","floor":4,"turns":3},{"damage":0,"enemies":"2 Louse","floor":5,"turns":2},{"damage":35,"enemies":"Lagavulin","floor":7,"turns":6},{"damage":32,"enemies":"Gremlin Nob","floor":10,"turns":4},{"damage":0,"enemies":"Large Slime","floor":12,"turns":4},{"damage":48,"enemies":"The Guardian","floor":16,"turns":9},{"damage":19,"enemies":"Shell Parasite","floor":18,"turns":3},{"damage":24,"floor":21,"turns":4},{"damage":68,"enemies":"Book of Stabbing","floor":24,"turns":5},{"damage":24,"enemies":"2 Thieves","floor":27,"turns":4},{"damage":24,"enemies":"Snake Plant","floor":28,"turns":2}],"relics_obtained":[{"floor":7,"key":"Juzu Bracelet"},{"floor":9,"key":"Paper Frog"},{"floor":10,"key":"Toolbox"},{"floor":21,"key":"Red Mask"},{"floor":24,"key":"Molten Egg 2"},{"floor":24,"key":"Question Card"},{"floor":26,"key":"Potion Belt"}],"event_choices":[{"event_name":"Big Fish","player_choice":"Box","floor":2,"damage_taken":0},{"event_name":"Fountain of Cleansing","player_choice":"Removed Curse","floor":3,"damage_taken":0},{"event_name":"Mushrooms","player_choice":"Healed and dodged fight","floor":11,"damage_taken":0},{"event_name":"Dead Adventurer","player_choice":"Searched \u00271\u0027 times","floor":13,"damage_taken":0},{"event_name":"Golden Wing","player_choice":"Gained Gold","floor":14,"damage_taken":0},{"event_name":"Addict","player_choice":"Obtained Relic","floor":19,"damage_taken":0},{"event_name":"Beggar","player_choice":"Gave Gold","floor":20,"damage_taken":0},{"event_name":"Masked Bandits","player_choice":"Fought over 232 gold","floor":21,"damage_taken":0},{"event_name":"Vampires","player_choice":"Ignored","floor":22,"damage_taken":0}],"boss_relics":[{"not_picked":["Busted Crown","Runic Dome"],"picked":"Black Star"}],"items_purged_floors":[],"potions_floor_spawned":[1,10,12,21,27],"seed_played":"-1341398322361831615","killed_by":"Snake Plant","ascension_level":7,"potions_obtained":[{"floor":1,"key":"Explosive Potion"},{"floor":10,"key":"Weak Potion"},{"floor":12,"key":"Ancient Potion"},{"floor":21,"key":"Explosive Potion"},{"floor":27,"key":"Strength Potion"}],"is_trial":false}