{"gold_per_floor":[118,129,129,141,316,346,346,376,376,376,341,71,83,94,94,199,199,186,186],"floor_reached":19,"playtime":904,"items_purged":["Doubt"],"score":257,"play_id":"ef275834-3f54-4e00-a56e-1dfc70f7a2c8","local_time":"20181229202044","is_ascension_mode":true,"campfire_choices":[{"floor":7,"key":"REST"},{"floor":10,"key":"REST"},{"data":"After Image","floor":15,"key":"SMITH"}],"neow_cost":"NONE","seed_source_timestamp":741166945877655,"circlet_count":0,"master_deck":["Defend_G","Defend_G","Defend_G","Defend_G","Defend_G","Strike_G","Strike_G","Strike_G","Strike_G","Strike_G","Survivor","Neutralize","Underhanded Strike","Acrobatics","Infinite Blades","Flying Knee","Blade Dance","After Image+1","Concentrate","A Thousand Cuts","Poisoned Stab"],"relics":["Ring of the Snake","NeowsBlessing","Darkstone Periapt","Nunchaku","Snake Skull","StoneCalendar","HandDrill","Eternal Feather"],"potions_floor_usage":[6,8,16],"damage_taken":[{"damage":0,"enemies":"Cultist","floor":1,"turns":1},{"damage":0,"enemies":"Small Slimes","floor":2,"turns":1},{"damage":0,"enemies":"Jaw Worm","floor":4,"turns":1},{"damage":73,"enemies":"Gremlin Nob","floor":6,"turns":7},{"damage":27,"enemies":"3 Sentries","floor":8,"turns":9},{"damage":3,"enemies":"Large Slime","floor":13,"turns":5},{"damage":1,"enemies":"Blue Slaver","floor":14,"turns":5},{"damage":3,"enemies":"Hexaghost","floor":16,"turns":9},{"damage":43,"enemies":"2 Thieves","floor":18,"turns":4},{"damage":24,"enemies":"3 Byrds","floor":19,"turns":4}],"seed_played":"7294687958610431839","potions_obtained":[{"floor":2,"key":"Regen Potion"},{"floor":6,"key":"Poison Potion"},{"floor":14,"key":"PowerPotion"}],"is_trial":false,"path_per_floor":["M","M","?","M","?","E","R","E","T","R","?","$","M","M","R","B",null,"M","M"],"character_chosen":"THE_SILENT","items_purchased":["HandDrill"],"campfire_rested":2,"item_purchase_floors":[12],"current_hp_per_floor":[63,63,60,60,66,8,30,3,3,25,44,44,41,40,40,37,66,23,0],"gold":186,"neow_bonus":"THREE_ENEMY_KILL","is_prod":false,"is_daily":false,"chose_seed":false,"campfire_upgraded":1,"win_rate":0,"timestamp":1546136444,"path_taken":["M","?","?","M","?","E","R","E","T","R","?","?","?","M","R","BOSS","M","?"],"build_version":"2018-12-20","purchased_purges":1,"victory":false,"max_hp_per_floor":[70,70,70,70,76,76,76,76,76,76,76,76,76,76,76,76,76,76,76],"card_choices":[{"not_picked":["Dodge and Roll","Prepared"],"picked":"Underhanded Strike","floor":1},{"not_picked":["Dagger Spray","Backflip"],"picked":"Acrobatics","floor":2},{"not_picked":["Riddle With Holes","Expertise"],"picked":"Infinite Blades","floor":4},{"not_picked":["Flechettes","Acrobatics"],"picked":"Flying Knee","floor":6},{"not_picked":["Acrobatics","Flying Knee"],"picked":"Blade Dance","floor":8},{"not_picked":["Flying Knee","Footwork"],"picked":"After Image","floor":13},{"not_picked":["Terror","Backflip"],"picked":"Concentrate","floor":14},{"not_picked":["Glass Knife","Phantasmal Killer"],"picked":"A Thousand Cuts","floor":16},{"not_picked":["Riddle With Holes","Slice+1"],"picked":"Poisoned Stab","floor":18}],"player_experience":343028,"relics_obtained":[{"floor":6,"key":"Nunchaku"},{"floor":8,"key":"Snake Skull"},{"floor":9,"key":"StoneCalendar"}],"event_choices":[{"damage_healed":0,"gold_gain":0,"player_choice":"Success","damage_taken":3,"relics_obtained":["Darkstone Periapt"],"max_hp_gain":0,"max_hp_loss":0,"event_name":"Scrap Ooze","floor":3,"gold_loss":0},{"damage_healed":0,"gold_gain":175,"player_choice":"AGREE","damage_taken":0,"max_hp_gain":0,"max_hp_loss":0,"event_name":"Liars Game","floor":5,"gold_loss":0,"cards_obtained":["Doubt"]},{"damage_healed":19,"gold_gain":0,"player_choice":"Healed","damage_taken":0,"max_hp_gain":0,"max_hp_loss":0,"event_name":"The Cleric","floor":11,"gold_loss":35}],"is_beta":false,"boss_relics":[{"not_picked":["Lizard Tail","Astrolabe"],"picked":"Eternal Feather"}],"items_purged_floors":[12],"is_endless":false,"potions_floor_spawned":[2,6,14],"killed_by":"3 Byrds","ascension_level":9}