{"path_per_floor":["M","?","?","?","M","R","?","M","T","$","M","R","M","M","R","B",null,"M","?","M","$"],"character_chosen":"IRONCLAD","items_purchased":["True Grit","Power Through"],"gold_per_floor":[10,10,10,10,31,31,31,46,46,21,42,42,55,78,78,198,198,219,219,232,164,164],"floor_reached":22,"campfire_rested":0,"playtime":877,"item_purchase_floors":[],"current_hp_per_floor":[69,69,74,53,57,57,57,51,51,51,49,49,49,51,51,20,69,44,44,23,23,0],"items_purged":[],"gold":164,"score":246,"play_id":"a48b7492-dfcd-4776-91dc-910c9013b2a0","local_time":"20180530074114","is_prod":false,"is_daily":false,"chose_seed":false,"is_ascension_mode":true,"campfire_upgraded":3,"win_rate":0,"timestamp":1527691274,"campfire_choices":[{"data":"Bash","floor":6.0,"key":"SMITH"},{"data":"True Grit","floor":12.0,"key":"SMITH"},{"data":"True Grit","floor":15.0,"key":"SMITH"}],"path_taken":["M","?","?","?","M","R","?","M","T","$","M","R","M","?","R","BOSS","M","?","M","$","M"],"build_version":"2018-05-24","seed_source_timestamp":0,"purchased_purges":0,"victory":false,"master_deck":["Strike_R","Strike_R","Strike_R","Defend_R","Defend_R","Defend_R","Defend_R","Bash+1","Pommel Strike","Cleave+1","Iron Wave","True Grit+1","Wild Strike","True Grit+1","Offering","Inflame","Armaments","Clothesline+1","Power Through"],"max_hp_per_floor":[80,80,85,85,85,85,85,85,85,85,85,85,85,85,85,85,85,85,85,85,85,85],"relics":["Burning Blood","Golden Idol","Meat on the Bone","Mark of Pain"],"card_choices":[{"not_picked":["Headbutt","Wild Strike"],"picked":"Pommel Strike","floor":1.0},{"not_picked":["Headbutt","Perfected Strike"],"picked":"Cleave","floor":5.0},{"not_picked":["Sword Boomerang","Warcry"],"picked":"Iron Wave","floor":8.0},{"not_picked":["Dual Wield","Anger"],"picked":"Wild Strike","floor":11.0},{"not_picked":["Pommel Strike","Dark Embrace","Dropkick"],"picked":"SKIP","floor":13.0},{"not_picked":["Pommel Strike","Feel No Pain"],"picked":"True Grit","floor":14.0},{"not_picked":["Dark Embrace","Bludgeon"],"picked":"Offering","floor":16.0},{"not_picked":["Sever Soul","True Grit"],"picked":"Inflame","floor":18.0},{"not_picked":["Flex","Carnage"],"picked":"Clothesline+1","floor":20.0}],"player_experience":730352,"potions_floor_usage":[22],"damage_taken":[{"damage":9.0,"enemies":"Jaw Worm","floor":1.0,"turns":4.0},{"damage":2.0,"enemies":"2 Louse","floor":5.0,"turns":2.0},{"damage":12.0,"enemies":"Small Slimes","floor":8.0,"turns":3.0},{"damage":8.0,"enemies":"Red Slaver","floor":11.0,"turns":4.0},{"damage":6.0,"enemies":"Looter","floor":13.0,"turns":2.0},{"damage":4.0,"enemies":"Exordium Wildlife","floor":14.0,"turns":3.0},{"damage":64.0,"enemies":"Slime Boss","floor":16.0,"turns":11.0},{"damage":43.0,"enemies":"Spheric Guardian","floor":18.0,"turns":7.0},{"damage":39.0,"enemies":"Chosen","floor":20.0,"turns":5.0},{"damage":28,"enemies":"Slaver and Parasite","floor":22,"turns":3}],"relics_obtained":[{"floor":9.0,"key":"Meat on the Bone"}],"event_choices":[{"event_name":"The Cleric","player_choice":"Leave","floor":2.0,"damage_taken":0.0},{"event_name":"Big Fish","player_choice":"Donut","floor":3.0,"damage_taken":0.0},{"event_name":"Golden Idol","player_choice":"Take Damage","floor":4.0,"damage_taken":0.0},{"event_name":"Living Wall","player_choice":"Grow","floor":7.0,"damage_taken":0.0},{"event_name":"The Library","player_choice":"Read","floor":19.0,"damage_taken":0.0}],"boss_relics":[],"items_purged_floors":[],"potions_floor_spawned":[8,13],"seed_played":"2368634038196281969","killed_by":"Slaver and Parasite","ascension_level":8,"potions_obtained":[{"floor":8.0,"key":"Regen Potion"},{"floor":13.0,"key":"LiquidBronze"}],"is_trial":false}