{"path_per_floor":["M","?","?","?","$","E","?","?","T","R","M","R","E","M","R"],"character_chosen":"THE_SILENT","items_purchased":[],"gold_per_floor":[112,112,112,112,37,69,69,69,95,95,109,109,134,148,148,148],"floor_reached":16,"campfire_rested":2,"playtime":486,"current_hp_per_floor":[70,75,63,63,63,2,2,2,2,24,24,46,33,31,31,0],"items_purged":["Normality"],"gold":148,"score":133,"play_id":"07c1df7d-ec5e-47de-8f1f-f4fa2232dd25","local_time":"20180417220333","is_prod":false,"is_daily":false,"chose_seed":false,"is_ascension_mode":true,"campfire_upgraded":1,"timestamp":1524020613,"path_taken":["M","?","?","?","$","E","?","?","T","R","M","R","E","?","R","BOSS"],"build_version":"2018-04-12","seed_source_timestamp":1994393929907036,"purchased_purges":1,"victory":false,"master_deck":["Defend_G","Defend_G","Defend_G","Defend_G","Strike_G","Strike_G","Strike_G","Strike_G","Survivor","Neutralize","Poisoned Stab","Noxious Fumes+1","PiercingWail","Outmaneuver","Bane"],"max_hp_per_floor":[70,75,75,75,75,75,75,75,75,75,75,75,75,75,75,75],"relics":["Ring of the Snake","Ancient Tea Set","Lantern","Smiling Mask","Bronze Scales","Blue Candle"],"card_choices":[{"not_picked":["Calculated Gamble","All Out Attack"],"picked":"Poisoned Stab","floor":1},{"not_picked":["Deflect","Doppelganger"],"picked":"Noxious Fumes","floor":6},{"not_picked":["Flechettes","Choke"],"picked":"PiercingWail","floor":11},{"not_picked":["Choke","Deflect"],"picked":"Outmaneuver","floor":13},{"not_picked":["Malaise","PiercingWail"],"picked":"Bane","floor":14}],"player_experience":174726,"potions_floor_usage":[13,16],"damage_taken":[{"damage":0,"enemies":"2 Louse","floor":1,"turns":4},{"damage":61,"enemies":"Lagavulin","floor":6,"turns":9},{"damage":0,"enemies":"Small Slimes","floor":11,"turns":3},{"damage":13,"enemies":"Gremlin Nob","floor":13,"turns":5},{"damage":2,"enemies":"Jaw Worm","floor":14,"turns":4},{"damage":39,"enemies":"Slime Boss","floor":16,"turns":8}],"event_choices":[{"event_name":"Big Fish","player_choice":"Donut","floor":2,"damage_taken":0},{"event_name":"Scrap Ooze","player_choice":"success","floor":3,"damage_taken":12},{"event_name":"Accursed Blacksmith","player_choice":"Rummage","floor":4,"damage_taken":0},{"event_name":"Bonfire Elementals","player_choice":"BASIC","floor":7,"damage_taken":0},{"event_name":"Living Wall","player_choice":"Forget","floor":8,"damage_taken":0}],"boss_relics":[],"potions_floor_spawned":[1,11],"seed_played":"-8228340965731575700","killed_by":"Slime Boss","ascension_level":5,"is_trial":false}