{"gold_per_floor":[119,119,194,204,169,169,203,220,290,290,308,342,342],"floor_reached":13,"playtime":275,"items_purged":[],"score":177,"play_id":"3c69972b-38a0-4c90-a848-f17d1938cdba","local_time":"20190112173852","is_ascension_mode":true,"campfire_choices":[{"data":"Sweeping Beam","floor":6,"key":"SMITH"}],"neow_cost":"NONE","seed_source_timestamp":164316915097141,"circlet_count":0,"master_deck":["AscendersBane","Strike_B","Strike_B","Strike_B","Strike_B","Defend_B","Defend_B","Defend_B","Defend_B","Zap+1","Dualcast","Gash","Sweeping Beam+1","Storm","Stack","Creative AI","Hologram"],"relics":["Cracked Core","NeowsBlessing","Omamori","Letter Opener","Blood Vial","Mummified Hand"],"potions_floor_usage":[12],"damage_taken":[{"damage":0,"enemies":"Jaw Worm","floor":1,"turns":1},{"damage":0,"enemies":"2 Louse","floor":4,"turns":1},{"damage":0,"enemies":"3 Sentries","floor":7,"turns":2},{"damage":1,"enemies":"Cultist","floor":8,"turns":3},{"damage":17,"enemies":"Blue Slaver","floor":11,"turns":4},{"damage":25,"enemies":"Gremlin Nob","floor":12,"turns":4},{"damage":18,"enemies":"Red Slaver","floor":13,"turns":3}],"seed_played":"-7941245958876979574","potions_obtained":[{"floor":4,"key":"FearPotion"},{"floor":8,"key":"FearPotion"},{"floor":12,"key":"FocusPotion"}],"is_trial":false,"path_per_floor":["M","?","?","M","?","R","E","M","T","?","M","E","M"],"character_chosen":"DEFECT","items_purchased":[],"campfire_rested":0,"item_purchase_floors":[],"current_hp_per_floor":[68,68,57,57,75,75,75,74,74,49,34,11,0],"gold":342,"neow_bonus":"THREE_ENEMY_KILL","is_prod":false,"is_daily":false,"chose_seed":false,"campfire_upgraded":1,"win_rate":0,"timestamp":1547336332,"path_taken":["M","?","?","M","?","R","E","M","T","?","M","E","?"],"build_version":"2019-01-10","purchased_purges":0,"victory":false,"max_hp_per_floor":[75,75,75,75,75,75,75,75,75,75,75,75,75],"card_choices":[{"not_picked":["Streamline","Go for the Eyes"],"picked":"Gash","floor":1},{"not_picked":["Redo","Meteor Strike"],"picked":"Sweeping Beam","floor":4},{"not_picked":["Redo","Turbo"],"picked":"Storm","floor":7},{"not_picked":["Coolheaded","Turbo"],"picked":"Stack","floor":8},{"not_picked":["Go for the Eyes","Ball Lightning"],"picked":"Creative AI","floor":11},{"not_picked":["Go for the Eyes","Rebound"],"picked":"Hologram","floor":12}],"player_experience":448561,"relics_obtained":[{"floor":7,"key":"Omamori"},{"floor":9,"key":"Letter Opener"},{"floor":12,"key":"Mummified Hand"}],"event_choices":[{"damage_healed":0,"gold_gain":0,"player_choice":"Grow","damage_taken":0,"max_hp_gain":0,"max_hp_loss":0,"event_name":"Living Wall","floor":2,"gold_loss":0,"cards_upgraded":["Zap"]},{"damage_healed":0,"gold_gain":75,"player_choice":"Gather Gold","damage_taken":11,"max_hp_gain":0,"max_hp_loss":0,"event_name":"World of Goop","floor":3,"gold_loss":0},{"damage_healed":18,"gold_gain":0,"player_choice":"Healed","damage_taken":0,"max_hp_gain":0,"max_hp_loss":0,"event_name":"The Cleric","floor":5,"gold_loss":35},{"damage_healed":0,"gold_gain":0,"player_choice":"Success","damage_taken":25,"relics_obtained":["Blood Vial"],"max_hp_gain":0,"max_hp_loss":0,"event_name":"Scrap Ooze","floor":10,"gold_loss":0}],"is_beta":false,"boss_relics":[],"items_purged_floors":[],"is_endless":false,"potions_floor_spawned":[4,8,12],"killed_by":"Red Slaver","ascension_level":10}