{"gold_per_floor":[119,119,133,60,60,88,104,117,171,121,155,155,330,343,343,438,438,456,555,555,655,670,698,698,728,801,815,33,33,33,45,45,146,146,160,170,0,100,120,152,152,180,192,204,216,243,16,31,31,31,31,31,31,57,57],"floor_reached":55,"playtime":2859,"items_purged":["Strike_B","Doubt","Strike_B"],"score":1172,"play_id":"8d43e947-8186-4a7f-ae12-1a187340977b","local_time":"20190113012213","is_ascension_mode":true,"campfire_choices":[{"data":"Storm","floor":12,"key":"SMITH"},{"data":"Zap","floor":15,"key":"SMITH"},{"floor":24,"key":"REST"},{"floor":30,"key":"REST"},{"floor":32,"key":"REST"},{"data":"Buffer","floor":41,"key":"SMITH"},{"floor":45,"key":"REST"},{"floor":49,"key":"RECALL"},{"floor":52,"key":"DIG"}],"neow_cost":"NONE","seed_source_timestamp":189532023092105,"circlet_count":0,"master_deck":["AscendersBane","Strike_B","Strike_B","Defend_B","Defend_B","Defend_B","Defend_B","Zap+1","Conserve Battery","Loop","Storm+1","Loop","Coolheaded","Echo Form","Capacitor","Electrodynamics","Hologram+1","Gash+1","Buffer+1","Self Repair+1","White Noise+1","Conserve Battery+1","Defragment","Capacitor+1","Amplify+1","Gash+1","Steam+1","Barrage","Undo+1","Hologram+1","Gash+1","Master of Strategy+1","Parasite","Biased Cognition","Conserve Battery+1"],"relics":["FrozenCore","NeowsBlessing","Mummified Hand","Smiling Mask","Boot","Torii","Nilry\u0027s Codex","Art of War","PreservedInsect","Toxic Egg 2","Ice Cream","Lantern","Inserter","Red Mask","Shovel","Centennial Puzzle","MawBank","Ornamental Fan","Bottled Lightning"],"potions_floor_usage":[11,16,16,23,23,31,33,39,39,42,50],"damage_taken":[{"damage":0,"enemies":"Jaw Worm","floor":1,"turns":1},{"damage":0,"enemies":"Cultist","floor":3,"turns":1},{"damage":0,"enemies":"Lagavulin","floor":6,"turns":1},{"damage":9,"enemies":"2 Louse","floor":7,"turns":3},{"damage":8,"enemies":"Red Slaver","floor":8,"turns":4},{"damage":22,"enemies":"Gremlin Nob","floor":11,"turns":4},{"damage":0,"enemies":"Blue Slaver","floor":14,"turns":3},{"damage":29,"enemies":"The Guardian","floor":16,"turns":11},{"damage":5,"enemies":"3 Byrds","floor":18,"turns":2},{"damage":0,"enemies":"Shell Parasite","floor":22,"turns":5},{"damage":9,"enemies":"Book of Stabbing","floor":23,"turns":4},{"damage":29,"enemies":"Gremlin Leader","floor":25,"turns":6},{"damage":1,"enemies":"Cultist and Chosen","floor":27,"turns":4},{"damage":25,"enemies":"Snake Plant","floor":31,"turns":3},{"damage":21,"enemies":"Collector","floor":33,"turns":6},{"damage":9,"enemies":"Orb Walker","floor":35,"turns":3},{"damage":21,"enemies":"3 Shapes","floor":36,"turns":3},{"damage":1,"enemies":"Mind Bloom Boss Battle","floor":38,"turns":5},{"damage":38,"enemies":"Jaw Worm Horde","floor":39,"turns":4},{"damage":6,"enemies":"Giant Head","floor":40,"turns":6},{"damage":18,"enemies":"Reptomancer","floor":42,"turns":5},{"damage":10,"enemies":"4 Shapes","floor":46,"turns":4},{"damage":15,"enemies":"Writhing Mass","floor":48,"turns":5},{"damage":47,"enemies":"Awakened One","floor":50,"turns":6},{"damage":31,"enemies":"Shield and Spear","floor":54,"turns":3},{"damage":60,"enemies":"The Heart","floor":55,"turns":2}],"seed_played":"-2644124220610001145","potions_obtained":[{"floor":1,"key":"SkillPotion"},{"floor":8,"key":"Regen Potion"},{"floor":14,"key":"EssenceOfSteel"},{"floor":16,"key":"FocusPotion"},{"floor":18,"key":"LiquidBronze"},{"floor":22,"key":"Ancient Potion"},{"floor":33,"key":"Explosive Potion"},{"floor":36,"key":"Fire Potion"},{"floor":39,"key":"SteroidPotion"},{"floor":40,"key":"Fire Potion"},{"floor":46,"key":"Swift Potion"}],"is_trial":false,"path_per_floor":["M","?","M","$","?","E","M","M","T","$","E","R","?","M","R","B",null,"M","?","?","?","M","E","R","E","T","M","$","?","R","M","R","B",null,"M","M","?","?","M","E","R","E","T","?","R","M","$","M","R","B",null,"R","$","E","B"],"character_chosen":"DEFECT","items_purchased":["Storm","White Noise+1","Conserve Battery+1","Defragment","Ice Cream","Lantern","Regen Potion","Master of Strategy+1"],"campfire_rested":4,"item_purchase_floors":[4,28,28,28,28,28,28,47],"current_hp_per_floor":[68,68,68,68,68,68,59,51,51,51,41,41,41,41,41,12,59,54,54,38,38,38,29,51,22,22,21,21,7,31,25,49,28,67,68,57,57,66,38,52,52,34,34,34,58,58,58,63,63,36,69,69,69,38,0],"gold":57,"neow_bonus":"THREE_ENEMY_KILL","is_prod":false,"is_daily":false,"chose_seed":false,"campfire_upgraded":3,"win_rate":0,"timestamp":1547364133,"path_taken":["M","?","M","?","?","E","M","?","T","$","E","R","?","M","R","BOSS","M","?","?","?","?","E","R","E","T","M","$","?","R","M","R","BOSS","M","M","?","?","?","E","R","E","T","?","R","M","$","M","R","BOSS","R","$","E","BOSS"],"build_version":"2019-01-10","purchased_purges":3,"victory":false,"max_hp_per_floor":[75,75,75,75,75,75,75,75,75,75,75,75,75,75,75,75,75,75,75,75,75,75,75,75,75,75,75,75,80,80,80,80,80,80,80,80,80,80,80,80,80,80,80,80,80,80,80,80,80,80,80,80,80,80,80],"card_choices":[{"not_picked":["Reprogram","FTL"],"picked":"Conserve Battery","floor":1},{"not_picked":["Sunder","Conserve Battery"],"picked":"Loop","floor":3},{"not_picked":["Hyperbeam","Hologram"],"picked":"Loop","floor":6},{"not_picked":["Redo","Auto Shields"],"picked":"Coolheaded","floor":7},{"not_picked":["Tempest","Hologram"],"picked":"Cold Snap","floor":8},{"not_picked":["Force Field","Barrage"],"picked":"Echo Form","floor":11},{"not_picked":["Steam","Sunder"],"picked":"Capacitor","floor":14},{"not_picked":["Buffer","Reboot"],"picked":"Electrodynamics","floor":16},{"not_picked":["Barrage","Beam Cell"],"picked":"Hologram+1","floor":18},{"not_picked":["Compile Driver","Double Energy+1"],"picked":"Gash+1","floor":22},{"not_picked":["Stack","Skim","Meteor Strike"],"picked":"SKIP","floor":23},{"not_picked":["Streamline+1","Undo"],"picked":"Buffer","floor":25},{"not_picked":["Conserve Battery+1","Steam+1"],"picked":"Self Repair+1","floor":27},{"not_picked":["Compile Driver+1","Leap+1"],"picked":"Capacitor+1","floor":31},{"not_picked":["Core Surge","Hyperbeam"],"picked":"Amplify+1","floor":33},{"not_picked":["Compile Driver","Double Energy+1"],"picked":"Gash+1","floor":35},{"not_picked":["Hologram+1","Turbo+1"],"picked":"Steam+1","floor":36},{"not_picked":["Melter","Go for the Eyes+1"],"picked":"Barrage","floor":38},{"not_picked":["Blizzard+1","Streamline+1","Hello World"],"picked":"SKIP","floor":39},{"not_picked":["Beam Cell+1","Compile Driver"],"picked":"Undo+1","floor":40},{"not_picked":["Scrape","Double Energy+1"],"picked":"Hologram+1","floor":42},{"not_picked":["Cold Snap+1","Sweeping Beam+1"],"picked":"Gash+1","floor":46},{"not_picked":["Coolheaded+1","Compile Driver+1"],"picked":"Biased Cognition","floor":48},{"not_picked":["Tempest+1","Cold Snap+1"],"picked":"Conserve Battery+1","floor":54}],"player_experience":450297,"relics_obtained":[{"floor":2,"key":"Mummified Hand"},{"floor":6,"key":"Smiling Mask"},{"floor":9,"key":"Boot"},{"floor":11,"key":"Torii"},{"floor":20,"key":"Nilry\u0027s Codex"},{"floor":23,"key":"Art of War"},{"floor":25,"key":"PreservedInsect"},{"floor":26,"key":"Toxic Egg 2"},{"floor":38,"key":"Shovel"},{"floor":40,"key":"Centennial Puzzle"},{"floor":42,"key":"MawBank"},{"floor":52,"key":"Ornamental Fan"},{"floor":54,"key":"Bottled Lightning"}],"event_choices":[{"damage_healed":0,"gold_gain":0,"player_choice":"Relic","damage_taken":0,"max_hp_gain":0,"max_hp_loss":0,"event_name":"Wheel of Change","floor":2,"gold_loss":0},{"cards_removed":["Dualcast"],"damage_healed":0,"gold_gain":0,"player_choice":"Purged","damage_taken":0,"max_hp_gain":0,"max_hp_loss":0,"event_name":"Purifier","floor":5,"gold_loss":0},{"damage_healed":0,"gold_gain":175,"player_choice":"AGREE","damage_taken":0,"max_hp_gain":0,"max_hp_loss":0,"event_name":"Liars Game","floor":13,"gold_loss":0,"cards_obtained":["Doubt"]},{"damage_healed":0,"gold_gain":99,"player_choice":"Stole From Cult","damage_taken":0,"max_hp_gain":0,"max_hp_loss":0,"event_name":"Nest","floor":19,"gold_loss":0},{"damage_healed":0,"gold_gain":0,"player_choice":"Obtained Book","damage_taken":16,"max_hp_gain":0,"max_hp_loss":0,"event_name":"Cursed Tome","floor":20,"gold_loss":0},{"damage_healed":0,"gold_gain":100,"player_choice":"Pray","damage_taken":0,"max_hp_gain":0,"max_hp_loss":0,"event_name":"Golden Shrine","floor":21,"gold_loss":0},{"damage_healed":0,"gold_gain":0,"player_choice":"Shed Blood","damage_taken":19,"max_hp_gain":5,"max_hp_loss":0,"event_name":"Forgotten Altar","floor":29,"gold_loss":0},{"damage_healed":0,"gold_gain":0,"player_choice":"Paid","damage_taken":0,"relics_obtained":["Red Mask"],"max_hp_gain":0,"max_hp_loss":0,"event_name":"Tomb of Lord Red Mask","floor":37,"gold_loss":170},{"damage_healed":0,"gold_gain":0,"player_choice":"Fight","damage_taken":0,"max_hp_gain":0,"max_hp_loss":0,"event_name":"MindBloom","floor":38,"gold_loss":0},{"cards_removed":["Cold Snap"],"damage_healed":0,"gold_gain":0,"player_choice":"Removed Attack","damage_taken":0,"max_hp_gain":0,"max_hp_loss":0,"event_name":"Falling","floor":44,"gold_loss":0}],"is_beta":false,"boss_relics":[{"not_picked":["Eternal Feather","Snecko Eye"],"picked":"FrozenCore"},{"not_picked":["Philosopher\u0027s Stone","Black Star"],"picked":"Inserter"}],"items_purged_floors":[10,28,47],"is_endless":false,"potions_floor_spawned":[1,8,14,16,18,22,33,36,39,40,46],"killed_by":"The Heart","ascension_level":10}