{"gold_per_floor":[143,63,63,78,78,78,99,140,140,140,68,91,91,110,110,238,238,257,295,319,319],"floor_reached":21,"playtime":1011,"items_purged":[],"score":286,"play_id":"1707af0c-72f1-48b9-a70f-1213d5509291","local_time":"20190205213817","is_ascension_mode":true,"campfire_choices":[{"data":"Carnage","floor":6,"key":"SMITH"},{"data":"Anger","floor":10,"key":"SMITH"},{"data":"Whirlwind","floor":15,"key":"SMITH"}],"neow_cost":"NONE","seed_source_timestamp":205387975029266,"circlet_count":0,"master_deck":["Strike_R","Strike_R","Strike_R","Strike_R","Defend_R","Defend_R","Defend_R","Defend_R","Bash","Carnage+1","Evolve","Anger+1","Thunderclap","Cleave","Whirlwind+1","Seeing Red","Fiend Fire"],"relics":["Burning Blood","Tiny Chest","Golden Idol","StoneCalendar","Art of War","Darkstone Periapt","Runic Cube","Red Mask"],"potions_floor_usage":[14,16,20],"damage_taken":[{"damage":6,"enemies":"Cultist","floor":1,"turns":3},{"damage":9,"enemies":"2 Louse","floor":4,"turns":3},{"damage":0,"enemies":"Small Slimes","floor":7,"turns":2},{"damage":10,"enemies":"Gremlin Nob","floor":8,"turns":3},{"damage":9,"enemies":"Red Slaver","floor":12,"turns":2},{"damage":0,"enemies":"3 Louse","floor":14,"turns":1},{"damage":0,"enemies":"Slime Boss","floor":16,"turns":4},{"damage":25,"enemies":"Spheric Guardian","floor":18,"turns":4},{"damage":41,"enemies":"Masked Bandits","floor":19,"turns":4},{"damage":22,"enemies":"2 Thieves","floor":20,"turns":4},{"damage":27,"enemies":"Cultist and Chosen","floor":21,"turns":4}],"seed_played":"-1890436711668194492","potions_obtained":[{"floor":4,"key":"Weak Potion"},{"floor":8,"key":"Explosive Potion"},{"floor":14,"key":"AttackPotion"},{"floor":19,"key":"Weak Potion"}],"is_trial":false,"path_per_floor":["M","$","?","M","?","R","M","E","T","R","$","M","?","M","R","B",null,"M","?","M","M"],"character_chosen":"IRONCLAD","items_purchased":["Evolve","Whirlwind"],"campfire_rested":0,"item_purchase_floors":[2,11],"current_hp_per_floor":[80,80,60,57,57,57,63,59,59,59,59,56,56,62,62,68,77,58,23,7,0],"gold":319,"neow_bonus":"RANDOM_COMMON_RELIC","is_prod":false,"is_daily":false,"chose_seed":false,"campfire_upgraded":3,"win_rate":0,"timestamp":1549370297,"path_taken":["M","?","?","M","?","R","M","E","T","R","$","?","?","M","R","BOSS","M","?","M","M"],"build_version":"2019-01-23","purchased_purges":0,"victory":false,"max_hp_per_floor":[80,80,80,80,80,80,80,80,80,80,80,80,80,80,80,80,80,80,80,80,80],"card_choices":[{"not_picked":["Cleave","Sword Boomerang"],"picked":"Carnage","floor":1},{"not_picked":["Havoc","Heavy Blade"],"picked":"Anger","floor":4},{"not_picked":["Feel No Pain","Blood for Blood"],"picked":"Thunderclap","floor":7},{"not_picked":["Offering","Disarm"],"picked":"Cleave","floor":8},{"not_picked":["Dropkick","Cleave","Warcry"],"picked":"SKIP","floor":12},{"not_picked":["Body Slam","Corruption"],"picked":"Seeing Red","floor":14},{"not_picked":["Berserk","Demon Form"],"picked":"Fiend Fire","floor":16},{"not_picked":["Clash","Clothesline","Reckless Charge"],"picked":"SKIP","floor":18},{"not_picked":["Iron Wave","Cleave","Anger"],"picked":"SKIP","floor":20}],"player_experience":809227,"relics_obtained":[{"floor":8,"key":"Art of War"},{"floor":9,"key":"Darkstone Periapt"},{"floor":19,"key":"Red Mask"}],"event_choices":[{"damage_healed":0,"gold_gain":0,"player_choice":"Take Damage","damage_taken":20,"relics_obtained":["Golden Idol"],"max_hp_gain":0,"max_hp_loss":0,"event_name":"Golden Idol","floor":3,"gold_loss":0},{"damage_healed":0,"gold_gain":0,"player_choice":"Gave Potion","damage_taken":0,"relics_obtained":["StoneCalendar"],"max_hp_gain":0,"max_hp_loss":0,"event_name":"WeMeetAgain","floor":5,"gold_loss":0},{"cards_removed":["Strike_R"],"damage_healed":0,"gold_gain":0,"player_choice":"Forget","damage_taken":0,"max_hp_gain":0,"max_hp_loss":0,"event_name":"Living Wall","floor":13,"gold_loss":0},{"damage_healed":0,"gold_gain":0,"player_choice":"Fought Bandits","damage_taken":0,"max_hp_gain":0,"max_hp_loss":0,"event_name":"Masked Bandits","floor":19,"gold_loss":0}],"is_beta":false,"boss_relics":[{"not_picked":["Velvet Choker","White Beast Statue"],"picked":"Runic Cube"}],"items_purged_floors":[],"is_endless":false,"potions_floor_spawned":[4,8,14,19],"killed_by":"Cultist and Chosen","ascension_level":5}