{"gold_per_floor":[119,119,119,19,37,70,83,113,113,143,143],"floor_reached":11,"playtime":327,"items_purged":[],"score":168,"play_id":"d3e008f4-4644-411f-b229-f9b01fb5820b","local_time":"20190204111903","is_ascension_mode":true,"campfire_choices":[],"neow_cost":"NONE","seed_source_timestamp":3725024729745,"circlet_count":0,"master_deck":["Strike_B","Strike_B","Strike_B","Strike_B","Defend_B","Defend_B","Defend_B","Defend_B","Zap","Dualcast","Streamline","Coolheaded","Capacitor","Reprogram","Darkness","FTL","Double Energy","Rebound"],"relics":["Cracked Core","NeowsBlessing","Letter Opener","GremlinMask","Juzu Bracelet","Pear","Pantograph","Omamori"],"potions_floor_usage":[10,11],"damage_taken":[{"damage":0,"enemies":"Jaw Worm","floor":1,"turns":1},{"damage":0,"enemies":"Cultist","floor":5,"turns":1},{"damage":0,"enemies":"3 Sentries","floor":6,"turns":1},{"damage":6,"enemies":"2 Louse","floor":7,"turns":3},{"damage":35,"enemies":"Gremlin Nob","floor":8,"turns":5},{"damage":25,"enemies":"3 Sentries","floor":10,"turns":6},{"damage":11,"enemies":"2 Fungi Beasts","floor":11,"turns":2}],"seed_played":"-8766278394771741962","potions_obtained":[{"floor":1,"key":"SkillPotion"},{"floor":7,"key":"Poison Potion"},{"floor":10,"key":"SmokeBomb"}],"is_trial":false,"path_per_floor":["M","?","?","$","M","E","M","E","T","E","M"],"character_chosen":"DEFECT","items_purchased":["Coolheaded","Capacitor"],"campfire_rested":0,"item_purchase_floors":[4,4],"current_hp_per_floor":[68,65,65,65,65,65,59,34,34,9,0],"gold":143,"neow_bonus":"THREE_ENEMY_KILL","is_prod":false,"is_daily":false,"chose_seed":false,"campfire_upgraded":0,"win_rate":0,"timestamp":1549257543,"path_taken":["M","?","?","$","M","E","M","E","T","E","M"],"build_version":"2019-01-23","purchased_purges":0,"victory":false,"max_hp_per_floor":[75,75,75,75,75,75,75,85,85,85,85],"card_choices":[{"not_picked":["Sweeping Beam","Leap"],"picked":"Streamline","floor":1},{"not_picked":["Redo","Cold Snap"],"picked":"Reprogram","floor":5},{"not_picked":["Compile Driver","Beam Cell"],"picked":"Darkness","floor":6},{"not_picked":["Sweeping Beam","Ball Lightning"],"picked":"FTL","floor":7},{"not_picked":["Stack","Conserve Battery"],"picked":"Double Energy","floor":8},{"not_picked":["Gash","Glacier"],"picked":"Rebound","floor":10}],"player_experience":719263,"relics_obtained":[{"floor":6,"key":"Juzu Bracelet"},{"floor":8,"key":"Pear"},{"floor":9,"key":"Pantograph"},{"floor":10,"key":"Omamori"}],"event_choices":[{"damage_healed":0,"gold_gain":0,"player_choice":"Success","damage_taken":3,"relics_obtained":["Letter Opener"],"max_hp_gain":0,"max_hp_loss":0,"event_name":"Scrap Ooze","floor":2,"gold_loss":0},{"damage_healed":0,"gold_gain":0,"player_choice":"Trade","damage_taken":0,"relics_obtained":["GremlinMask"],"max_hp_gain":0,"max_hp_loss":0,"event_name":"FaceTrader","floor":3,"gold_loss":0}],"is_beta":false,"boss_relics":[],"items_purged_floors":[],"is_endless":false,"potions_floor_spawned":[1,7,10],"killed_by":"2 Fungi Beasts","ascension_level":9}