{"gold_per_floor":[210,210,485,498,509,536,536,554,554,572,572,605,605,618,618,718,718,731,741,261,176,176,203,203,236,236,236,253,287,301,316,316,417,417,427,439,80,0,13,38,38,53,53,53,81,81,116,131,131,131],"floor_reached":51,"playtime":2357,"items_purged":["Regret","Strike_B"],"score":983,"play_id":"477f7211-a62a-4006-b70b-db88cd66e034","local_time":"20190207180857","is_ascension_mode":true,"campfire_choices":[{"floor":7,"key":"REST"},{"floor":11,"key":"REST"},{"floor":13,"key":"REST"},{"floor":15,"key":"REST"},{"floor":24,"key":"REST"},{"floor":27,"key":"REST"},{"floor":32,"key":"REST"},{"floor":41,"key":"REST"},{"floor":46,"key":"REST"},{"floor":49,"key":"REST"}],"neow_cost":"NONE","seed_source_timestamp":2343396223870511,"circlet_count":0,"master_deck":["Strike_B","Defend_B","Defend_B","Defend_B","Defend_B","Zap","Dualcast","Cold Snap","Regret","White Noise","Ball Lightning","Scrape","Gash","Gash","Sweeping Beam","All For One","Conserve Battery","Beam Cell","Rip and Tear","Undo","Conserve Battery","Echo Form","Scrape","Rip and Tear","Steam","Electrodynamics","Skim","Beam Cell+1","Defragment+1","Force Field","Hologram+1","Gash+1"],"relics":["Cracked Core","Shuriken","Du-Vu Doll","Emotion Chip","Cables","Inserter","Pen Nib","DataDisk","FossilizedHelix","Ancient Tea Set","Lantern","Meat on the Bone","Boot","Lizard Tail","Gremlin Horn","Red Mask","Omamori","Anchor","Smiling Mask","Molten Egg 2"],"potions_floor_usage":[16,16,23,25,29,30,40,40,45,50,50],"damage_taken":[{"damage":5,"enemies":"Small Slimes","floor":1,"turns":4},{"damage":16,"enemies":"Jaw Worm","floor":4,"turns":3},{"damage":4,"enemies":"Cultist","floor":5,"turns":3},{"damage":33,"enemies":"Lagavulin","floor":6,"turns":5},{"damage":0,"enemies":"2 Fungi Beasts","floor":8,"turns":2},{"damage":11,"enemies":"Looter","floor":10,"turns":2},{"damage":13,"enemies":"Gremlin Nob","floor":12,"turns":3},{"damage":20,"enemies":"Lots of Slimes","floor":14,"turns":3},{"damage":27,"enemies":"Hexaghost","floor":16,"turns":5},{"damage":22,"enemies":"2 Thieves","floor":18,"turns":2},{"damage":4,"enemies":"Spheric Guardian","floor":19,"turns":3},{"damage":24,"enemies":"Gremlin Leader","floor":23,"turns":3},{"damage":18,"enemies":"Book of Stabbing","floor":25,"turns":3},{"damage":5,"enemies":"Snecko","floor":28,"turns":4},{"damage":34,"enemies":"Slavers","floor":29,"turns":4},{"damage":8,"enemies":"Snake Plant","floor":30,"turns":3},{"damage":0,"enemies":"Chosen and Byrds","floor":31,"turns":3},{"damage":55,"enemies":"Automaton","floor":33,"turns":8},{"damage":3,"enemies":"3 Shapes","floor":35,"turns":5},{"damage":6,"enemies":"Orb Walker","floor":36,"turns":3},{"damage":10,"enemies":"4 Shapes","floor":39,"turns":5},{"damage":24,"enemies":"Nemesis","floor":40,"turns":6},{"damage":6,"enemies":"Sphere and 2 Shapes","floor":42,"turns":3},{"damage":29,"enemies":"Giant Head","floor":45,"turns":6},{"damage":25,"enemies":"Reptomancer","floor":47,"turns":5},{"damage":20,"enemies":"Jaw Worm Horde","floor":48,"turns":2},{"damage":81,"enemies":"Awakened One","floor":50,"turns":9}],"seed_played":"-2906992077228782291","potions_obtained":[{"floor":5,"key":"FocusPotion"},{"floor":12,"key":"Poison Potion"},{"floor":14,"key":"Strength Potion"},{"floor":16,"key":"SteroidPotion"},{"floor":18,"key":"Explosive Potion"},{"floor":28,"key":"Explosive Potion"},{"floor":31,"key":"SpeedPotion"},{"floor":33,"key":"Swift Potion"},{"floor":36,"key":"SpeedPotion"},{"floor":45,"key":"Dexterity Potion"},{"floor":48,"key":"Ancient Potion"}],"is_trial":false,"path_per_floor":["M","?","?","M","M","E","R","M","T","M","R","E","R","M","R","B",null,"M","M","$","?","?","E","R","E","T","R","M","E","M","M","R","B",null,"M","M","$","?","M","E","R","M","T","?","E","R","E","M","R","B",null],"character_chosen":"DEFECT","items_purchased":["Pen Nib","DataDisk","Rip and Tear","Undo","Gremlin Horn"],"campfire_rested":10,"item_purchase_floors":[20,20,20,20,37],"current_hp_per_floor":[70,70,70,54,50,17,39,39,39,28,50,37,59,39,61,34,75,53,49,49,49,49,25,47,29,29,51,46,24,28,40,62,19,75,72,66,66,66,56,44,66,60,60,60,43,65,40,32,54,49],"gold":131,"neow_bonus":"HUNDRED_GOLD","is_prod":false,"is_daily":false,"chose_seed":false,"campfire_upgraded":0,"win_rate":0,"timestamp":1549523337,"path_taken":["M","?","?","?","M","E","R","M","T","M","R","E","R","M","R","BOSS","M","M","$","?","?","E","R","E","T","R","M","E","M","?","R","BOSS","M","M","$","?","M","E","R","M","T","?","E","R","E","M","R","BOSS"],"build_version":"2019-01-23","purchased_purges":2,"victory":true,"max_hp_per_floor":[75,75,75,75,75,75,75,75,75,75,75,75,75,75,75,75,75,75,75,75,75,75,75,75,75,75,75,75,75,75,75,75,75,75,75,75,75,75,75,75,75,75,75,75,75,75,75,75,75,75],"card_choices":[{"not_picked":["Streamline","Skim"],"picked":"Cold Snap","floor":1},{"not_picked":["Go for the Eyes","Glacier"],"picked":"White Noise","floor":4},{"not_picked":["Cold Snap","Beam Cell"],"picked":"Ball Lightning","floor":5},{"not_picked":["Double Energy","Undo"],"picked":"Scrape","floor":6},{"not_picked":["Doom and Gloom","Recycle","Compile Driver"],"picked":"SKIP","floor":8},{"not_picked":["Rip and Tear","Steam"],"picked":"Gash","floor":10},{"not_picked":["Fission","Hello World"],"picked":"Gash","floor":12},{"not_picked":["Turbo","Chill"],"picked":"Sweeping Beam","floor":14},{"not_picked":["Core Surge","Creative AI"],"picked":"All For One","floor":16},{"not_picked":["Rip and Tear","Barrage+1"],"picked":"Conserve Battery","floor":18},{"not_picked":["Hologram","Sweeping Beam"],"picked":"Beam Cell","floor":19},{"not_picked":["Rebound","Reprogram","Conserve Battery"],"picked":"SKIP","floor":23},{"not_picked":["Heatsinks","Barrage+1"],"picked":"Echo Form","floor":25},{"not_picked":["Chill","Loop"],"picked":"Scrape","floor":28},{"not_picked":["Capacitor","Streamline+1"],"picked":"Rip and Tear","floor":29},{"not_picked":["Rebound","Ball Lightning","Doom and Gloom+1"],"picked":"SKIP","floor":30},{"not_picked":["Capacitor","Cold Snap"],"picked":"Steam","floor":31},{"not_picked":["Biased Cognition","Multi-Cast"],"picked":"Electrodynamics","floor":33},{"not_picked":["Sweeping Beam","Compile Driver","Force Field"],"picked":"SKIP","floor":35},{"not_picked":["Loop+1","Sweeping Beam+1"],"picked":"Skim","floor":36},{"not_picked":["Hello World+1","Streamline+1"],"picked":"Beam Cell+1","floor":39},{"not_picked":["Coolheaded","Barrage+1"],"picked":"Defragment+1","floor":40},{"not_picked":["Storm","Blizzard"],"picked":"Force Field","floor":42},{"not_picked":["Sweeping Beam+1","Tempest"],"picked":"Hologram+1","floor":45},{"not_picked":["Aggregate","Recycle+1"],"picked":"Gash+1","floor":47},{"not_picked":["Seek","Turbo","Redo+1"],"picked":"SKIP","floor":48}],"player_experience":307860,"relics_obtained":[{"floor":6,"key":"Du-Vu Doll"},{"floor":9,"key":"Emotion Chip"},{"floor":12,"key":"Cables"},{"floor":23,"key":"Ancient Tea Set"},{"floor":25,"key":"Lantern"},{"floor":26,"key":"Meat on the Bone"},{"floor":29,"key":"Boot"},{"floor":40,"key":"Omamori"},{"floor":43,"key":"Anchor"},{"floor":45,"key":"Smiling Mask"},{"floor":47,"key":"Molten Egg 2"}],"event_choices":[{"damage_healed":0,"gold_gain":0,"player_choice":"Box","damage_taken":0,"relics_obtained":["Shuriken"],"max_hp_gain":0,"max_hp_loss":0,"event_name":"Big Fish","floor":2,"gold_loss":0,"cards_obtained":["Regret"]},{"damage_healed":0,"gold_gain":275,"player_choice":"Desecrate","damage_taken":0,"max_hp_gain":0,"max_hp_loss":0,"event_name":"Golden Shrine","floor":3,"gold_loss":0,"cards_obtained":["Regret"]},{"damage_healed":0,"gold_gain":0,"player_choice":"Obtained Relic","damage_taken":0,"relics_obtained":["FossilizedHelix"],"max_hp_gain":0,"max_hp_loss":0,"event_name":"Addict","floor":21,"gold_loss":85},{"damage_healed":0,"gold_gain":0,"cards_transformed":["Strike_B"],"player_choice":"Transformed","damage_taken":0,"max_hp_gain":0,"max_hp_loss":0,"event_name":"Transmorgrifier","floor":22,"gold_loss":0,"cards_obtained":["Conserve Battery"]},{"damage_healed":0,"gold_gain":0,"player_choice":"Paid","damage_taken":0,"relics_obtained":["Red Mask"],"max_hp_gain":0,"max_hp_loss":0,"event_name":"Tomb of Lord Red Mask","floor":38,"gold_loss":80},{"cards_removed":["Strike_B"],"damage_healed":0,"gold_gain":0,"player_choice":"Removed Attack","damage_taken":0,"max_hp_gain":0,"max_hp_loss":0,"event_name":"Falling","floor":44,"gold_loss":0}],"is_beta":false,"boss_relics":[{"not_picked":["Pandora\u0027s Box","Nuclear Battery"],"picked":"Inserter"},{"not_picked":["Black Star","Coffee Dripper"],"picked":"Lizard Tail"}],"items_purged_floors":[20,37],"is_endless":false,"potions_floor_spawned":[5,12,14,16,18,28,31,33,36,45,48],"ascension_level":4}