{"gold_per_floor":[217,228,247,422,422,422,422,466,466,479,492,492,513,532,532,655,655,680,703,726,726,269,313,313,357,384,3,23,23,23,47,47,47],"floor_reached":33,"playtime":2205,"items_purged":[],"score":328,"play_id":"c3a41d6d-4926-4b27-873e-2c24bcbc0aa9","local_time":"20181210002548","is_ascension_mode":true,"campfire_choices":[{"floor":6,"key":"REST"},{"floor":12,"key":"RECALL"},{"data":"Bouncing Flask","floor":15,"key":"SMITH"},{"floor":24,"key":"REST"},{"floor":32,"key":"REST"}],"neow_cost":"NONE","seed_source_timestamp":177022994514075,"circlet_count":0,"master_deck":["Defend_G","Defend_G","Defend_G","Defend_G","Defend_G","Strike_G","Strike_G","Strike_G","Strike_G","Strike_G","Survivor","Neutralize","Dagger Throw","Predator","Bouncing Flask+1","Adrenaline","Slice","Footwork","Deflect","Deadly Poison","Glass Knife","Quick Slash","Blade Dance+1","Leg Sweep","Bandage Up","Deflect","Backflip","Riddle With Holes+1","Bouncing Flask","Good Instincts","Violence","Swift Strike","Deflect+1","Shame","Footwork"],"relics":["Ring of the Snake","Golden Idol","Ice Cream","Meat on the Bone","Lizard Tail","Art of War","Lee\u0027s Waffle","Gremlin Horn","The Courier","Oddly Smooth Stone","Orichalcum"],"potions_floor_usage":[8,16,19,19,21,21,28,33,33],"damage_taken":[{"damage":7,"enemies":"Small Slimes","floor":1,"turns":4},{"damage":0,"enemies":"2 Louse","floor":2,"turns":2},{"damage":0,"enemies":"Cultist","floor":3,"turns":3},{"damage":50,"enemies":"3 Sentries","floor":8,"turns":8},{"damage":1,"enemies":"Blue Slaver","floor":10,"turns":3},{"damage":0,"enemies":"Large Slime","floor":11,"turns":4},{"damage":7,"enemies":"Exordium Wildlife","floor":13,"turns":2},{"damage":1,"enemies":"Red Slaver","floor":14,"turns":3},{"damage":29,"enemies":"Hexaghost","floor":16,"turns":10},{"damage":19,"enemies":"Shell Parasite","floor":18,"turns":5},{"damage":18,"enemies":"2 Thieves","floor":19,"turns":3},{"damage":15,"enemies":"Snake Plant","floor":20,"turns":4},{"damage":8,"enemies":"Colosseum Slavers","floor":21,"turns":5},{"damage":101,"enemies":"Gremlin Leader","floor":23,"turns":9},{"damage":46,"enemies":"Book of Stabbing","floor":25,"turns":6},{"damage":1,"enemies":"Chosen and Byrds","floor":28,"turns":5},{"damage":6,"enemies":"3 Cultists","floor":31,"turns":7},{"damage":78,"enemies":"Automaton","floor":33,"turns":8}],"seed_played":"-6807877162981134681","potions_obtained":[{"floor":2,"key":"Regen Potion"},{"floor":11,"key":"Weak Potion"},{"floor":14,"key":"Weak Potion"},{"floor":16,"key":"SpeedPotion"},{"floor":18,"key":"Poison Potion"},{"floor":19,"key":"Block Potion"},{"floor":23,"key":"GhostInAJar"},{"floor":31,"key":"EssenceOfSteel"}],"is_trial":false,"path_per_floor":["M","M","M","?","?","R","?","E","T","M","M","R","M","M","R","B",null,"M","M","M","?","$","E","R","E","T","$","M","?","?","M","R","B"],"character_chosen":"THE_SILENT","items_purchased":["Art of War","Bandage Up","Deflect","Lee\u0027s Waffle","Bouncing Flask","Good Instincts","Block Potion","Violence","Swift Strike"],"campfire_rested":3,"item_purchase_floors":[22,22,22,22,27,27,27,27,27],"current_hp_per_floor":[63,63,63,63,46,67,67,32,32,43,43,43,36,47,47,30,70,51,45,42,46,77,32,55,25,25,25,36,36,36,46,69,0],"gold":47,"neow_bonus":"HUNDRED_GOLD","is_prod":false,"is_daily":false,"chose_seed":false,"campfire_upgraded":1,"win_rate":0,"timestamp":1544419548,"path_taken":["M","M","M","?","?","R","?","E","T","M","M","R","M","M","R","BOSS","M","M","M","?","$","E","R","E","T","$","M","?","?","M","R","BOSS"],"build_version":"2018-12-06","purchased_purges":0,"victory":false,"max_hp_per_floor":[70,70,70,70,70,70,70,70,70,70,70,70,70,70,70,70,70,70,70,70,70,77,77,77,77,77,77,77,77,77,77,77,77],"card_choices":[{"not_picked":["Slice","Expertise"],"picked":"Dagger Throw","floor":1},{"not_picked":["Dagger Throw","Underhanded Strike"],"picked":"Predator","floor":2},{"not_picked":["All Out Attack","Dodge and Roll"],"picked":"Bouncing Flask","floor":3},{"not_picked":["Outmaneuver","Caltrops"],"picked":"Adrenaline","floor":8},{"not_picked":["Underhanded Strike","Choke"],"picked":"Slice","floor":10},{"not_picked":["Quick Slash","Skewer"],"picked":"Footwork","floor":11},{"not_picked":["Blade Dance","Dodge and Roll"],"picked":"Deflect","floor":13},{"not_picked":["Underhanded Strike","Slice"],"picked":"Deadly Poison","floor":14},{"not_picked":["Tools of the Trade","Phantasmal Killer"],"picked":"Glass Knife","floor":16},{"not_picked":["Predator","Choke"],"picked":"Quick Slash","floor":18},{"not_picked":["Dagger Throw","Finisher"],"picked":"Blade Dance+1","floor":19},{"not_picked":["Cloak And Dagger","Sucker Punch"],"picked":"Leg Sweep","floor":20},{"not_picked":["Slice","PiercingWail"],"picked":"Backflip","floor":23},{"not_picked":["Sucker Punch","Flying Knee"],"picked":"Riddle With Holes+1","floor":25},{"not_picked":["Outmaneuver+1","Tactician"],"picked":"Deflect+1","floor":28},{"not_picked":["Infinite Blades","Leg Sweep"],"picked":"Footwork","floor":31}],"player_experience":174133,"relics_obtained":[{"floor":8,"key":"Ice Cream"},{"floor":9,"key":"Meat on the Bone"},{"floor":23,"key":"Gremlin Horn"},{"floor":25,"key":"The Courier"},{"floor":26,"key":"Oddly Smooth Stone"}],"event_choices":[{"damage_healed":0,"gold_gain":175,"player_choice":"AGREE","damage_taken":0,"max_hp_gain":0,"max_hp_loss":0,"event_name":"Liars Game","floor":4,"gold_loss":0,"cards_obtained":["Doubt"]},{"damage_healed":0,"gold_gain":0,"player_choice":"Take Damage","damage_taken":17,"relics_obtained":["Golden Idol"],"max_hp_gain":0,"max_hp_loss":0,"event_name":"Golden Idol","floor":5,"gold_loss":0},{"cards_removed":["Doubt"],"damage_healed":0,"gold_gain":0,"player_choice":"Purged","damage_taken":0,"max_hp_gain":0,"max_hp_loss":0,"event_name":"Purifier","floor":7,"gold_loss":0},{"damage_healed":0,"gold_gain":0,"player_choice":"Fight","damage_taken":0,"max_hp_gain":0,"max_hp_loss":0,"event_name":"Colosseum","floor":21,"gold_loss":0},{"damage_healed":0,"gold_gain":0,"player_choice":"Fled From Nobs","damage_taken":0,"max_hp_gain":0,"max_hp_loss":0,"event_name":"Colosseum","floor":21,"gold_loss":0},{"damage_healed":0,"gold_gain":0,"player_choice":"Ignored","damage_taken":0,"max_hp_gain":0,"max_hp_loss":0,"event_name":"Ghosts","floor":29,"gold_loss":0},{"damage_healed":0,"gold_gain":0,"player_choice":"Stole Relic","damage_taken":0,"relics_obtained":["Orichalcum"],"max_hp_gain":0,"max_hp_loss":0,"event_name":"Addict","floor":30,"gold_loss":0,"cards_obtained":["Shame"]}],"is_beta":false,"boss_relics":[{"not_picked":["Coffee Dripper","Ectoplasm"],"picked":"Lizard Tail"}],"items_purged_floors":[],"is_endless":false,"potions_floor_spawned":[2,11,14,16,18,19,23,31],"killed_by":"Automaton","ascension_level":1}