{"gold_per_floor":[113,113,130,146,146,146,177,177,177,204,204],"floor_reached":11,"playtime":589,"items_purged":[],"score":138,"play_id":"a79f664e-9da0-458b-a331-155ecd150a0f","local_time":"20190129080225","is_ascension_mode":true,"campfire_choices":[{"data":"Bouncing Flask","floor":6.0,"key":"SMITH"},{"data":"Wraith Form v2","floor":8.0,"key":"SMITH"}],"neow_cost":"NONE","seed_source_timestamp":0,"circlet_count":0,"master_deck":["AscendersBane","Defend_G","Defend_G","Defend_G","Defend_G","Defend_G","Strike_G","Strike_G","Strike_G","Strike_G","Survivor","Neutralize","Blur","Footwork","Bouncing Flask+1","Crippling Poison","Wraith Form v2+1","Catalyst"],"special_seed":0,"relics":["Ring of the Snake","NeowsBlessing","Paper Crane","Thread and Needle","Odd Mushroom","Golden Idol"],"potions_floor_usage":[],"damage_taken":[{"damage":0.0,"enemies":"Cultist","floor":1.0,"turns":1.0},{"damage":0.0,"enemies":"Jaw Worm","floor":3.0,"turns":1.0},{"damage":0.0,"enemies":"2 Louse","floor":4.0,"turns":1.0},{"damage":34.0,"enemies":"Lagavulin","floor":7.0,"turns":8.0},{"damage":10,"enemies":"The Mushroom Lair","floor":10,"turns":8}],"seed_played":"932217223119862717","potions_obtained":[{"floor":1.0,"key":"GhostInAJar"},{"floor":3.0,"key":"GamblersBrew"},{"floor":7.0,"key":"Swift Potion"}],"is_trial":false,"path_per_floor":["M","?","M","M","?","R","E","R","T","?","?"],"character_chosen":"THE_SILENT","items_purchased":[],"campfire_rested":0,"item_purchase_floors":[],"current_hp_per_floor":[59,59,59,59,59,59,25,25,25,15,0],"gold":204,"neow_bonus":"THREE_ENEMY_KILL","is_prod":false,"is_daily":false,"chose_seed":false,"campfire_upgraded":2,"win_rate":0,"timestamp":1548777745,"path_taken":["M","?","M","?","?","R","E","R","T","?","?"],"build_version":"2019-01-23","purchased_purges":0,"victory":false,"max_hp_per_floor":[66,66,66,66,66,66,66,66,66,66,66],"card_choices":[{"not_picked":["Heel Hook","Outmaneuver"],"picked":"Blur","floor":1.0},{"not_picked":["Reflex","Backflip"],"picked":"Bouncing Flask","floor":3.0},{"not_picked":["Deflect","Deadly Poison"],"picked":"Crippling Poison","floor":4.0},{"not_picked":["Deflect","Bane"],"picked":"Wraith Form v2","floor":7.0},{"not_picked":["Dagger Throw","Acrobatics"],"picked":"Catalyst","floor":10}],"player_experience":1778989,"relics_obtained":[{"floor":7.0,"key":"Paper Crane"},{"floor":9.0,"key":"Thread and Needle"},{"floor":10,"key":"Odd Mushroom"}],"event_choices":[{"damage_healed":0.0,"max_hp_gain":0.0,"max_hp_loss":0.0,"gold_gain":0.0,"cards_transformed":["Strike_G"],"event_name":"Transmorgrifier","player_choice":"Transformed","floor":2.0,"gold_loss":0.0,"damage_taken":0.0,"cards_obtained":["Footwork"]},{"damage_healed":0.0,"max_hp_gain":0.0,"max_hp_loss":0.0,"gold_gain":0.0,"event_name":"The Cleric","player_choice":"Leave","floor":5.0,"gold_loss":0.0,"damage_taken":0.0},{"damage_healed":0,"gold_gain":0,"player_choice":"Fought Mushrooms","damage_taken":0,"max_hp_gain":0,"max_hp_loss":0,"event_name":"Mushrooms","floor":10,"gold_loss":0}],"is_beta":false,"boss_relics":[],"items_purged_floors":[],"is_endless":false,"potions_floor_spawned":[1,3,7,10],"ascension_level":19}