{"gold_per_floor":[15,15,15,15,15,47,64,64,64,64,99,99,111,129,129,225,225,238,42,42,54,73,73,101,101,101,1,1,1,21,100,100,199,199,211,611,628,628,628,628,643,643,692,692,692,706,706],"floor_reached":47,"playtime":1850,"items_purged":["Parasite","Strike_R"],"score":594,"play_id":"0071cab5-49b1-4375-815f-455e2bbc6017","local_time":"20190201024413","is_ascension_mode":true,"campfire_choices":[{"data":"Armaments","floor":10,"key":"SMITH"},{"data":"Whirlwind","floor":15,"key":"SMITH"},{"data":"Barricade","floor":23,"key":"SMITH"},{"data":"Entrench","floor":25,"key":"SMITH"},{"data":"Body Slam","floor":28,"key":"SMITH"},{"data":"Shockwave","floor":32,"key":"SMITH"},{"data":"Rage","floor":40,"key":"SMITH"},{"data":"Madness","floor":42,"key":"SMITH"},{"floor":45,"key":"RECALL"}],"neow_cost":"NO_GOLD","seed_source_timestamp":1842309655715222,"circlet_count":0,"master_deck":["Strike_R","Strike_R+1","Strike_R","Defend_R","Defend_R","Defend_R+1","Defend_R","Bash","Armaments+1","Whirlwind+1","Feed","Forethought","Barricade+1","Entrench+1","Body Slam+1","Shockwave+1","Second Wind","Flame Barrier+1","Anger+1","Rage+1","Madness+1","Burning Pact+1","Warcry+1"],"relics":["Burning Blood","Incense Burner","Ancient Tea Set","Matryoshka","Bag of Marbles","Runic Dome","Dodecahedron","Sundial","Happy Flower","Kunai","Mark of Pain","Old Coin","PreservedInsect"],"potions_floor_usage":[14,16,18,21,21,24,33,41],"damage_taken":[{"damage":0,"enemies":"2 Louse","floor":1,"turns":4},{"damage":17,"enemies":"Gremlin Nob","floor":6,"turns":4},{"damage":6,"enemies":"Cultist","floor":7,"turns":3},{"damage":12,"enemies":"3 Sentries","floor":11,"turns":5},{"damage":3,"enemies":"Jaw Worm","floor":13,"turns":4},{"damage":8,"enemies":"3 Louse","floor":14,"turns":3},{"damage":63,"enemies":"Slime Boss","floor":16,"turns":9},{"damage":17,"enemies":"Spheric Guardian","floor":18,"turns":5},{"damage":25,"enemies":"Shell Parasite","floor":21,"turns":7},{"damage":1,"enemies":"3 Cultists","floor":22,"turns":3},{"damage":16,"enemies":"Slavers","floor":24,"turns":3},{"damage":0,"enemies":"Colosseum Slavers","floor":29,"turns":2},{"damage":7,"enemies":"Cultist and Chosen","floor":30,"turns":5},{"damage":9,"enemies":"Champ","floor":33,"turns":13},{"damage":0,"enemies":"3 Shapes","floor":35,"turns":9},{"damage":10,"enemies":"Mind Bloom Boss Battle","floor":36,"turns":8},{"damage":4,"enemies":"Orb Walker","floor":37,"turns":5},{"damage":27,"enemies":"Spire Growth","floor":41,"turns":6},{"damage":13,"enemies":"Sphere and 2 Shapes","floor":46,"turns":12},{"damage":75,"enemies":"Transient","floor":47,"turns":5}],"seed_played":"-8691861289635820096","potions_obtained":[{"floor":2,"key":"PowerPotion"},{"floor":2,"key":"Block Potion"},{"floor":2,"key":"SpeedPotion"},{"floor":6,"key":"Strength Potion"},{"floor":14,"key":"Dexterity Potion"},{"floor":16,"key":"FearPotion"},{"floor":22,"key":"Energy Potion"},{"floor":30,"key":"Swift Potion"},{"floor":35,"key":"Ancient Potion"},{"floor":37,"key":"Swift Potion"}],"is_trial":false,"path_per_floor":["M","?","$","$","?","E","M","?","T","R","E","?","M","M","R","B",null,"M","$","?","M","M","R","E","R","T","$","R","?","M","T","R","B",null,"M","?","M","?","?","R","M","R","T","?","R","M","M"],"character_chosen":"IRONCLAD","items_purchased":["Entrench","Body Slam"],"campfire_rested":0,"item_purchase_floors":[19,19],"current_hp_per_floor":[80,80,80,80,64,53,53,73,73,73,67,67,73,71,71,14,83,72,72,72,53,61,61,51,51,51,51,51,57,56,56,56,53,83,86,82,87,76,76,76,55,55,55,55,55,48,0],"gold":706,"neow_bonus":"ONE_RARE_RELIC","is_prod":false,"is_daily":false,"chose_seed":false,"campfire_upgraded":8,"win_rate":0,"timestamp":1548956653,"path_taken":["M","?","?","$","?","E","M","?","T","R","E","?","M","M","R","BOSS","M","$","?","M","M","R","E","R","T","$","R","?","M","?","R","BOSS","M","?","M","?","?","R","M","R","T","?","R","M","M"],"build_version":"2019-01-23","purchased_purges":2,"victory":false,"max_hp_per_floor":[80,80,80,80,80,80,80,80,80,80,80,80,83,83,83,83,83,83,80,80,80,83,83,83,83,83,83,83,83,83,83,83,83,83,86,86,89,89,89,89,89,89,89,89,89,89,89],"card_choices":[{"not_picked":["Heavy Blade","Perfected Strike"],"picked":"Armaments","floor":1},{"not_picked":["Dual Wield","Carnage"],"picked":"Whirlwind","floor":6},{"not_picked":["Pummel","True Grit"],"picked":"Feed","floor":7},{"not_picked":["Entrench","Heavy Blade","Combust"],"picked":"SKIP","floor":11},{"not_picked":["Havoc","Headbutt","Flex"],"picked":"SKIP","floor":13},{"not_picked":["Anger","Second Wind","Headbutt"],"picked":"SKIP","floor":14},{"not_picked":["Bludgeon","Dark Embrace"],"picked":"Barricade","floor":16},{"not_picked":["Cleave","Warcry","Pommel Strike+1"],"picked":"SKIP","floor":18},{"not_picked":["Pommel Strike+1","Twin Strike"],"picked":"Shockwave","floor":21},{"not_picked":["Hemokinesis","Perfected Strike+1","Flex"],"picked":"SKIP","floor":22},{"not_picked":["Sentinel","Bloodletting+1"],"picked":"Second Wind","floor":24},{"not_picked":["Anger","Clash","Disarm"],"picked":"SKIP","floor":30},{"not_picked":["Ghostly Armor","Iron Wave"],"picked":"Flame Barrier+1","floor":35},{"not_picked":["Rage+1","Armaments"],"picked":"Anger+1","floor":36},{"not_picked":["Cleave+1","Twin Strike+1"],"picked":"Rage","floor":37},{"not_picked":["Searing Blow","Entrench"],"picked":"Burning Pact+1","floor":41},{"not_picked":["Spot Weakness","Rupture"],"picked":"Warcry+1","floor":46}],"player_experience":760813,"relics_obtained":[{"floor":6,"key":"Ancient Tea Set"},{"floor":9,"key":"Matryoshka"},{"floor":11,"key":"Bag of Marbles"},{"floor":24,"key":"Dodecahedron"},{"floor":26,"key":"Sundial"},{"floor":31,"key":"Happy Flower"},{"floor":31,"key":"Kunai"},{"floor":36,"key":"Old Coin"},{"floor":43,"key":"PreservedInsect"}],"event_choices":[{"damage_healed":0,"gold_gain":0,"player_choice":"Got Potions","damage_taken":0,"max_hp_gain":0,"max_hp_loss":0,"event_name":"Lab","floor":2,"gold_loss":0},{"damage_healed":0,"gold_gain":0,"player_choice":"Entered Light","damage_taken":16,"max_hp_gain":0,"max_hp_loss":0,"event_name":"Shining Light","floor":5,"gold_loss":0,"cards_upgraded":["Strike_R","Defend_R"]},{"damage_healed":20,"gold_gain":0,"player_choice":"Healed and dodged fight","damage_taken":0,"max_hp_gain":0,"max_hp_loss":0,"event_name":"Mushrooms","floor":8,"gold_loss":0,"cards_obtained":["Parasite"]},{"damage_healed":0,"gold_gain":0,"player_choice":"1 cards matched","damage_taken":0,"max_hp_gain":0,"max_hp_loss":0,"event_name":"Match and Keep!","floor":12,"gold_loss":0,"cards_obtained":["Forethought"]},{"cards_removed":["Strike_R"],"damage_healed":0,"gold_gain":0,"player_choice":"Elegance","damage_taken":0,"max_hp_gain":0,"max_hp_loss":0,"event_name":"Back to Basics","floor":20,"gold_loss":0},{"damage_healed":0,"gold_gain":0,"player_choice":"Fight","damage_taken":0,"max_hp_gain":0,"max_hp_loss":0,"event_name":"Colosseum","floor":29,"gold_loss":0},{"damage_healed":0,"gold_gain":0,"player_choice":"Fled From Nobs","damage_taken":0,"max_hp_gain":0,"max_hp_loss":0,"event_name":"Colosseum","floor":29,"gold_loss":0},{"damage_healed":0,"gold_gain":0,"player_choice":"Fight","damage_taken":0,"max_hp_gain":0,"max_hp_loss":0,"event_name":"MindBloom","floor":36,"gold_loss":0},{"damage_healed":0,"gold_gain":0,"player_choice":"Embrace Madness","damage_taken":11,"max_hp_gain":0,"max_hp_loss":0,"event_name":"Winding Halls","floor":38,"gold_loss":0,"cards_obtained":["Madness","Madness"]},{"cards_removed":["Madness"],"damage_healed":0,"gold_gain":0,"player_choice":"Removed Skill","damage_taken":0,"max_hp_gain":0,"max_hp_loss":0,"event_name":"Falling","floor":39,"gold_loss":0},{"damage_healed":0,"gold_gain":0,"player_choice":"Ignored","damage_taken":0,"max_hp_gain":0,"max_hp_loss":0,"event_name":"Tomb of Lord Red Mask","floor":44,"gold_loss":0}],"is_beta":false,"boss_relics":[{"not_picked":["Velvet Choker","Pandora\u0027s Box"],"picked":"Runic Dome"},{"not_picked":["Sozu","Black Blood"],"picked":"Mark of Pain"}],"items_purged_floors":[19,27],"is_endless":false,"potions_floor_spawned":[6,14,16,22,30,35,37],"killed_by":"Transient","ascension_level":4}