{"gold_per_floor":[109,126,126,126,301,301,317,335,335,360,360,360,380,67,67,67],"floor_reached":16,"playtime":486,"items_purged":["Doubt"],"score":140,"play_id":"f96fe23c-5588-40f9-90ff-ca5f2ca0186c","local_time":"20190105190359","is_ascension_mode":true,"campfire_choices":[{"floor":6,"key":"REST"},{"data":"Redo","floor":12,"key":"SMITH"},{"data":"Fission","floor":15,"key":"SMITH"}],"neow_cost":"NONE","seed_source_timestamp":1341787933948176,"circlet_count":0,"master_deck":["Strike_B","Strike_B","Strike_B","Defend_B","Defend_B","Defend_B","Defend_B+1","Zap","Dualcast+1","Beam Cell","Streamline","Sweeping Beam","BootSequence","Gash","Redo+1","Redo","Defragment","Fission+1"],"relics":["Cracked Core","Thread and Needle","Turnip","Strawberry"],"potions_floor_usage":[],"damage_taken":[{"damage":4,"enemies":"Jaw Worm","floor":1,"turns":3},{"damage":0,"enemies":"2 Louse","floor":2,"turns":2},{"damage":0,"enemies":"Small Slimes","floor":7,"turns":3},{"damage":0,"enemies":"Looter","floor":8,"turns":3},{"damage":23,"enemies":"Gremlin Nob","floor":10,"turns":4},{"damage":0,"enemies":"Exordium Wildlife","floor":13,"turns":4},{"damage":74,"enemies":"Hexaghost","floor":16,"turns":9}],"seed_played":"-5910107909217756535","potions_obtained":[{"floor":7,"key":"Strength Potion"},{"floor":10,"key":"Fire Potion"}],"is_trial":false,"path_per_floor":["M","M","?","?","?","R","M","M","T","E","?","R","M","$","R","B"],"character_chosen":"DEFECT","items_purchased":["Defragment","Fission"],"campfire_rested":1,"item_purchase_floors":[14,14],"current_hp_per_floor":[64,64,52,37,37,59,59,59,59,43,70,70,70,70,70,0],"gold":67,"neow_bonus":"TRANSFORM_CARD","is_prod":false,"is_daily":false,"chose_seed":false,"campfire_upgraded":2,"win_rate":0,"timestamp":1546736639,"path_taken":["M","M","?","?","?","R","M","M","T","E","?","R","M","?","R","BOSS"],"build_version":"2019-01-03v4","purchased_purges":1,"victory":false,"max_hp_per_floor":[75,75,75,75,75,75,75,75,75,82,82,82,82,82,82,82],"card_choices":[{"not_picked":["Redo","Skim"],"picked":"Streamline","floor":1},{"not_picked":["Redo","Rebound"],"picked":"Sweeping Beam","floor":2},{"not_picked":["Tempest","Ball Lightning"],"picked":"BootSequence","floor":7},{"not_picked":["Streamline","Beam Cell"],"picked":"Gash","floor":8},{"not_picked":["Conserve Battery","Cold Snap"],"picked":"Redo","floor":10},{"not_picked":["Skim","Double Energy"],"picked":"Redo","floor":13}],"player_experience":385892,"relics_obtained":[{"floor":9,"key":"Turnip"},{"floor":10,"key":"Strawberry"}],"event_choices":[{"damage_healed":0,"gold_gain":0,"player_choice":"Success","damage_taken":12,"relics_obtained":["Thread and Needle"],"max_hp_gain":0,"max_hp_loss":0,"event_name":"Scrap Ooze","floor":3,"gold_loss":0},{"damage_healed":0,"gold_gain":0,"player_choice":"Entered Light","damage_taken":15,"max_hp_gain":0,"max_hp_loss":0,"event_name":"Shining Light","floor":4,"gold_loss":0,"cards_upgraded":["Defend_B","Dualcast"]},{"damage_healed":0,"gold_gain":175,"player_choice":"AGREE","damage_taken":0,"max_hp_gain":0,"max_hp_loss":0,"event_name":"Liars Game","floor":5,"gold_loss":0,"cards_obtained":["Doubt"]},{"damage_healed":27,"gold_gain":0,"player_choice":"Banana","damage_taken":0,"max_hp_gain":0,"max_hp_loss":0,"event_name":"Big Fish","floor":11,"gold_loss":0}],"is_beta":false,"boss_relics":[],"items_purged_floors":[14],"is_endless":false,"potions_floor_spawned":[7,10],"killed_by":"Hexaghost","ascension_level":8}