{"gold_per_floor":[114,114,114,132,149,181,181,208,208,258,319,331,343,387,399,482,494,524,536],"floor_reached":19,"playtime":2596,"items_purged":[],"score":329,"play_id":"95679381-59a5-4fde-8e47-df9819e8bc8d","local_time":"20181218080831","is_ascension_mode":true,"campfire_choices":[{"data":"Fusion","floor":7,"key":"SMITH"},{"floor":13,"key":"REST"},{"data":"Cold Snap","floor":15,"key":"SMITH"}],"neow_cost":"NONE","seed_source_timestamp":523168735190801,"circlet_count":0,"master_deck":["AscendersBane","Defend_B","Defend_B","Defend_B","Defend_B","Zap","Dualcast","Fusion+1","Sunder","Coolheaded","Glacier","Echo Form","Reinforced Body","Cold Snap+1","Creative AI","Undo+1","Fusion+1","Coolheaded+1"],"relics":["Cracked Core","Anchor","Strawberry","Art of War","Juzu Bracelet","MawBank","Gremlin Horn","Astrolabe"],"potions_floor_usage":[11,11],"damage_taken":[{"damage":0,"enemies":"Cultist","floor":1,"turns":4},{"damage":4,"enemies":"Small Slimes","floor":4,"turns":3},{"damage":2,"enemies":"Jaw Worm","floor":5,"turns":2},{"damage":22,"enemies":"3 Sentries","floor":6,"turns":13},{"damage":26,"enemies":"Lagavulin Event","floor":11,"turns":5},{"damage":25,"enemies":"Gremlin Nob","floor":14,"turns":6},{"damage":21,"enemies":"The Guardian","floor":16,"turns":14},{"damage":9,"enemies":"Shell Parasite","floor":18,"turns":7},{"damage":3,"enemies":"Colosseum Slavers","floor":19,"turns":2}],"seed_played":"4387568479142912470","potions_obtained":[{"floor":1,"key":"FearPotion"},{"floor":4,"key":"Energy Potion"},{"floor":16,"key":"Dexterity Potion"},{"floor":18,"key":"Weak Potion"}],"is_trial":false,"path_per_floor":["M","?","?","M","M","E","R","T","T","?","?","?","R","E","R","B",null,"M","?"],"character_chosen":"DEFECT","items_purchased":[],"campfire_rested":1,"item_purchase_floors":[],"current_hp_per_floor":[64,53,53,49,47,32,32,32,32,32,6,32,55,30,30,9,61,52,49],"gold":536,"neow_bonus":"TRANSFORM_CARD","is_prod":false,"is_daily":false,"chose_seed":false,"campfire_upgraded":2,"win_rate":0,"timestamp":1545149311,"path_taken":["M","?","?","M","M","E","R","?","T","?","?","?","R","E","R","BOSS","M","?"],"build_version":"2018-12-13","purchased_purges":0,"victory":false,"max_hp_per_floor":[71,71,71,71,71,78,78,78,78,78,78,78,78,78,78,78,78,78,78],"card_choices":[{"not_picked":["Melter","Coolheaded"],"picked":"Sunder","floor":1},{"not_picked":["Compile Driver","Stack"],"picked":"Coolheaded","floor":4},{"not_picked":["Gash","Double Energy"],"picked":"Glacier","floor":5},{"not_picked":["Lockon","White Noise"],"picked":"Echo Form","floor":6},{"not_picked":["Heatsinks","Turbo"],"picked":"Reinforced Body","floor":11},{"not_picked":["Static Discharge","Go for the Eyes"],"picked":"Cold Snap","floor":14},{"not_picked":["Amplify","Reboot"],"picked":"Creative AI","floor":16},{"not_picked":["Cold Snap","Stack","Barrage"],"picked":"SKIP","floor":18}],"player_experience":1585266,"relics_obtained":[{"floor":6,"key":"Strawberry"},{"floor":8,"key":"Art of War"},{"floor":9,"key":"Juzu Bracelet"},{"floor":11,"key":"MawBank"},{"floor":14,"key":"Gremlin Horn"}],"event_choices":[{"damage_healed":0,"gold_gain":0,"player_choice":"Success","damage_taken":11,"relics_obtained":["Anchor"],"max_hp_gain":0,"max_hp_loss":0,"event_name":"Scrap Ooze","floor":2,"gold_loss":0},{"damage_healed":0,"gold_gain":0,"player_choice":"Ignored","damage_taken":0,"max_hp_gain":0,"max_hp_loss":0,"event_name":"Shining Light","floor":3,"gold_loss":0},{"damage_healed":0,"gold_gain":50,"player_choice":"Gained Gold","damage_taken":0,"max_hp_gain":0,"max_hp_loss":0,"event_name":"Golden Wing","floor":10,"gold_loss":0},{"damage_healed":0,"gold_gain":30,"player_choice":"Searched \u00272\u0027 times","damage_taken":0,"max_hp_gain":0,"max_hp_loss":0,"event_name":"Dead Adventurer","floor":11,"gold_loss":0},{"damage_healed":26,"gold_gain":0,"player_choice":"Banana","damage_taken":0,"max_hp_gain":0,"max_hp_loss":0,"event_name":"Big Fish","floor":12,"gold_loss":0},{"damage_healed":0,"gold_gain":0,"player_choice":"Fight","damage_taken":0,"max_hp_gain":0,"max_hp_loss":0,"event_name":"Colosseum","floor":19,"gold_loss":0}],"is_beta":false,"boss_relics":[{"not_picked":["Black Star","Orrery"],"picked":"Astrolabe"}],"items_purged_floors":[],"is_endless":false,"potions_floor_spawned":[1,4,16,18],"killed_by":"Colosseum Slavers","ascension_level":18}