{"gold_per_floor":[113,123,142,152,164,199,199,218,242,242,275,275,126,158,158,256,256,274,51,51,51,69,69],"floor_reached":23,"playtime":1492,"items_purged":[],"score":253,"play_id":"363eda70-6292-4cdc-92ab-c057ef9b0f65","local_time":"20190204192812","is_ascension_mode":true,"campfire_choices":[{"floor":7,"key":"REST"},{"data":"Noxious Fumes","floor":10,"key":"SMITH"},{"floor":12,"key":"REST"},{"floor":15,"key":"REST"}],"neow_cost":"NONE","seed_source_timestamp":0,"circlet_count":0,"master_deck":["Defend_G","Defend_G","Defend_G","Defend_G","Defend_G","Strike_G","Strike_G","Strike_G","Strike_G","Strike_G","Survivor","Neutralize+1","PiercingWail","Infinite Blades","Sucker Punch","Footwork","Phantasmal Killer","Noxious Fumes+1","Blade Dance","Finisher","Leg Sweep","Footwork","Bane","Envenom","Accuracy","J.A.X.","Dash+1"],"special_seed":0,"relics":["Ring of the Snake","Bird Faced Urn","Boot","Meat on the Bone","Juzu Bracelet","Philosopher\u0027s Stone","Vajra"],"potions_floor_usage":[18,18],"damage_taken":[{"damage":0.0,"enemies":"Cultist","floor":1.0,"turns":4.0},{"damage":7.0,"enemies":"Small Slimes","floor":2.0,"turns":3.0},{"damage":6.0,"enemies":"Jaw Worm","floor":3.0,"turns":6.0},{"damage":0.0,"enemies":"Large Slime","floor":4.0,"turns":6.0},{"damage":27,"enemies":"Exordium Thugs","floor":5,"turns":9},{"damage":26,"enemies":"Lagavulin","floor":6,"turns":10},{"damage":2,"enemies":"Blue Slaver","floor":8,"turns":5},{"damage":26,"enemies":"3 Sentries","floor":11,"turns":7},{"damage":30,"enemies":"Gremlin Nob","floor":14,"turns":4},{"damage":12,"enemies":"Hexaghost","floor":16,"turns":10},{"damage":18,"enemies":"2 Thieves","floor":18,"turns":5},{"damage":16,"enemies":"Shell Parasite","floor":22,"turns":6},{"damage":69,"enemies":"Gremlin Leader","floor":23,"turns":3}],"seed_played":"-4086631363225492325","potions_obtained":[{"floor":4,"key":"Ancient Potion"},{"floor":6,"key":"Swift Potion"},{"floor":11,"key":"FairyPotion"},{"floor":14,"key":"Fire Potion"}],"is_trial":false,"path_per_floor":["M","M","M","M","M","E","R","M","T","R","E","R","$","E","R","B",null,"M","$","?","?","M","E"],"character_chosen":"THE_SILENT","items_purchased":["Leg Sweep","Footwork","Accuracy","Vajra"],"campfire_rested":3,"item_purchase_floors":[13,13,19,19],"current_hp_per_floor":[70,63,57,57,30,4,25,29,29,29,9,30,30,18,39,47,70,56,56,56,56,48,0],"gold":69,"neow_bonus":"UPGRADE_CARD","is_prod":false,"is_daily":false,"chose_seed":false,"campfire_upgraded":1,"win_rate":0,"timestamp":1549268892,"path_taken":["M","M","M","M","?","E","R","M","T","R","E","R","$","E","R","BOSS","M","$","?","?","M","E"],"build_version":"2019-01-23","purchased_purges":0,"victory":false,"max_hp_per_floor":[70,70,70,70,70,70,70,70,70,70,70,70,70,70,70,70,70,70,70,70,70,70,70],"card_choices":[{"not_picked":["Slice","Flying Knee"],"picked":"PiercingWail","floor":1.0},{"not_picked":["Deadly Poison","Distraction"],"picked":"Infinite Blades","floor":2.0},{"not_picked":["Riddle With Holes","Bane"],"picked":"Sucker Punch","floor":3.0},{"not_picked":["Tactician","Sucker Punch"],"picked":"Footwork","floor":4},{"not_picked":["PiercingWail","Backflip"],"picked":"Phantasmal Killer","floor":5},{"not_picked":["Poisoned Stab","Infinite Blades"],"picked":"Noxious Fumes","floor":6},{"not_picked":["Underhanded Strike","Setup"],"picked":"Blade Dance","floor":8},{"not_picked":["Calculated Gamble","Deflect"],"picked":"Finisher","floor":11},{"not_picked":["Blur","Infinite Blades"],"picked":"Bane","floor":14},{"not_picked":["Wraith Form v2","Grand Finale"],"picked":"Envenom","floor":16},{"not_picked":["Flying Knee","Dagger Spray+1","Bane"],"picked":"SKIP","floor":18},{"not_picked":["Acrobatics","Underhanded Strike"],"picked":"Dash+1","floor":22}],"player_experience":245579,"relics_obtained":[{"floor":6,"key":"Bird Faced Urn"},{"floor":9,"key":"Boot"},{"floor":11,"key":"Meat on the Bone"},{"floor":14,"key":"Juzu Bracelet"}],"event_choices":[{"damage_healed":0,"gold_gain":0,"player_choice":"Ignored","damage_taken":0,"max_hp_gain":0,"max_hp_loss":0,"event_name":"Ghosts","floor":20,"gold_loss":0},{"damage_healed":0,"gold_gain":0,"player_choice":"Obtain J.A.X.","damage_taken":0,"max_hp_gain":0,"max_hp_loss":0,"event_name":"Drug Dealer","floor":21,"gold_loss":0,"cards_obtained":["J.A.X."]}],"is_beta":false,"boss_relics":[{"not_picked":["Coffee Dripper","Lizard Tail"],"picked":"Philosopher\u0027s Stone"}],"items_purged_floors":[],"is_endless":false,"potions_floor_spawned":[4,6,11,14,16],"killed_by":"Gremlin Leader","ascension_level":4}