{"path_per_floor":["M","M","?","?","M","R","M","M","T","T","E","R","?","$","R","B",null,"M","?","M","M","?","R","M","M","T","$","M","R","?","?","R"],"character_chosen":"IRONCLAD","items_purchased":["Shrug It Off","Flex","Disarm","Fire Potion","EntropicBrew"],"gold_per_floor":[213,232,232,232,245,245,262,274,274,299,333,333,333,185,185,285,315,331,331,350,369,284,284,294,311,311,78,89,89,12,12,12,12],"floor_reached":33,"campfire_rested":2,"playtime":2229,"item_purchase_floors":[],"current_hp_per_floor":[70,66,66,71,68,68,58,51,51,51,30,30,30,30,55,48,81,61,61,59,53,53,53,48,31,38,38,41,41,41,41,70,0],"items_purged":["Strike_R"],"gold":12,"score":371,"play_id":"4f3465d8-a367-4517-8d6a-19bbf7be8891","local_time":"20180530090819","is_prod":false,"is_daily":false,"chose_seed":false,"is_ascension_mode":true,"campfire_upgraded":4,"win_rate":0,"timestamp":1527696499,"campfire_choices":[{"data":"Clothesline","floor":6.0,"key":"SMITH"},{"data":"Sword Boomerang","floor":12.0,"key":"SMITH"},{"floor":15.0,"key":"REST"},{"data":"Disarm","floor":23,"key":"SMITH"},{"data":"Disarm","floor":29,"key":"SMITH"},{"floor":32,"key":"REST"}],"path_taken":["M","M","?","?","M","R","M","M","T","?","E","R","?","$","R","BOSS","M","?","?","M","?","R","M","M","T","$","M","R","?","?","R","BOSS"],"build_version":"2018-05-24","seed_source_timestamp":759839781203893,"purchased_purges":1,"victory":false,"master_deck":["Strike_R+1","Strike_R+1","Strike_R+1","Strike_R+1","Defend_R+1","Defend_R+1","Defend_R+1","Defend_R+1","Bash+1","Thunderclap","Clothesline+1","Sword Boomerang+1","Carnage","Shrug It Off","Flex","Barricade+1","Flame Barrier","Feel No Pain+1","Disarm+1","True Grit+1","Offering","Pummel","Disarm+1","J.A.X."],"max_hp_per_floor":[80,80,80,85,85,85,85,85,85,85,85,85,85,85,85,85,90,90,90,90,90,90,90,90,90,97,97,97,97,97,97,97,97],"relics":["Burning Blood","Frozen Egg 2","Orichalcum","Happy Flower","Tiny House","Question Card","Strawberry"],"card_choices":[{"not_picked":["Shockwave","Sword Boomerang"],"picked":"Thunderclap","floor":1.0},{"not_picked":["Clash","Entrench","Flex"],"picked":"SKIP","floor":2.0},{"not_picked":["Burning Pact","Double Tap"],"picked":"Clothesline","floor":5.0},{"not_picked":["Havoc","Flex","Thunderclap"],"picked":"SKIP","floor":7.0},{"not_picked":["Entrench","Headbutt"],"picked":"Sword Boomerang","floor":8.0},{"not_picked":["Thunderclap","Burning Pact"],"picked":"Carnage","floor":11.0},{"not_picked":["Immolate","Juggernaut+1"],"picked":"Barricade+1","floor":16},{"not_picked":["Intimidate","Power Through"],"picked":"Flame Barrier","floor":17},{"not_picked":["Clothesline","Body Slam"],"picked":"Feel No Pain+1","floor":18},{"not_picked":["Anger","Second Wind"],"picked":"True Grit+1","floor":20},{"not_picked":["Clash","Whirlwind"],"picked":"Offering","floor":21},{"not_picked":["Clash+1","Heavy Blade","Combust+1","Anger"],"picked":"SKIP","floor":24},{"not_picked":["Heavy Blade","Dropkick","Battle Trance"],"picked":"Pummel","floor":25},{"not_picked":["Twin Strike","Armaments","True Grit","Carnage+1"],"picked":"SKIP","floor":28}],"player_experience":733243,"potions_floor_usage":[16,16,21,24,24,33,33,33,33,33],"damage_taken":[{"damage":8.0,"enemies":"Jaw Worm","floor":1.0,"turns":5.0},{"damage":10.0,"enemies":"Cultist","floor":2.0,"turns":5.0},{"damage":9.0,"enemies":"2 Louse","floor":5.0,"turns":4.0},{"damage":16.0,"enemies":"Looter","floor":7.0,"turns":3.0},{"damage":13.0,"enemies":"Blue Slaver","floor":8.0,"turns":5.0},{"damage":27.0,"enemies":"Lagavulin","floor":11.0,"turns":6.0},{"damage":21,"enemies":"Hexaghost","floor":16,"turns":8},{"damage":26,"enemies":"Shell Parasite","floor":18,"turns":6},{"damage":8,"enemies":"Chosen","floor":20,"turns":7},{"damage":12,"enemies":"Snake Plant","floor":21,"turns":5},{"damage":11,"enemies":"Chosen and Byrds","floor":24,"turns":10},{"damage":23,"enemies":"Slaver and Parasite","floor":25,"turns":12},{"damage":3,"enemies":"Snake Plant","floor":28,"turns":7},{"damage":80,"enemies":"Automaton","floor":33,"turns":12}],"relics_obtained":[{"floor":9.0,"key":"Frozen Egg 2"},{"floor":10.0,"key":"Orichalcum"},{"floor":11.0,"key":"Happy Flower"},{"floor":26,"key":"Strawberry"}],"event_choices":[{"event_name":"Transmorgrifier","player_choice":"Skipped","floor":3.0,"damage_taken":0.0},{"event_name":"Big Fish","player_choice":"Donut","floor":4.0,"damage_taken":0.0},{"event_name":"Upgrade Shrine","player_choice":"Upgraded","floor":13.0,"damage_taken":0.0},{"event_name":"The Library","player_choice":"Read","floor":19,"damage_taken":0},{"event_name":"Addict","player_choice":"Obtained Relic","floor":22,"damage_taken":0},{"event_name":"Drug Dealer","player_choice":"Got JAXXED","floor":30,"damage_taken":0},{"event_name":"Back to Basics","player_choice":"Simplicity","floor":31,"damage_taken":0}],"boss_relics":[{"not_picked":["Runic Pyramid","Pandora\u0027s Box"],"picked":"Tiny House"}],"items_purged_floors":[],"potions_floor_spawned":[5,7,8,11,18,20,21],"seed_played":"4465641192455316560","killed_by":"Automaton","ascension_level":8,"potions_obtained":[{"floor":5.0,"key":"SteroidPotion"},{"floor":7.0,"key":"BloodPotion"},{"floor":8.0,"key":"Fire Potion"},{"floor":17,"key":"Block Potion"},{"floor":18,"key":"Fire Potion"},{"floor":21,"key":"PowerPotion"}],"is_trial":false}