{"path_per_floor":["M","M","M","?","M","E","R","E","T","E","M","M","R","E","R","B",null,"M","M","?","?","M","R"],"character_chosen":"IRONCLAD","items_purchased":[],"gold_per_floor":[111,129,143,143,155,186,186,217,297,327,341,357,357,392,392,490,520,534,548,448,448,467,467,467],"floor_reached":24,"campfire_rested":3,"playtime":1183,"current_hp_per_floor":[80,79,80,68,57,37,63,42,42,22,20,15,41,16,42,36,92,87,81,81,81,28,28,0],"items_purged":[],"gold":467,"score":262,"play_id":"1050cac8-62b5-4246-acb4-3c0c15e6bd49","local_time":"20180407154841","is_prod":false,"is_daily":false,"is_ascension_mode":true,"campfire_upgraded":1,"timestamp":1523134121,"path_taken":["M","?","M","?","M","E","R","E","T","E","M","M","R","E","R","BOSS","M","M","?","?","?","R","E"],"build_version":"2018-04-05v2","purchased_purges":0,"victory":false,"master_deck":["Strike_R","Strike_R","Strike_R","Strike_R","Defend_R","Defend_R","Defend_R","Defend_R","Bash","Disarm","Clash","Rage","Pommel Strike","Body Slam","Whirlwind","Berserk","Barricade+1","Thunderclap+1","Whirlwind","Clash","Berserk","Armaments+1","Bloodletting+1","Shrug It Off+1","J.A.X.+1","Metallicize","Bandage Up+1","Twin Strike+1"],"max_hp_per_floor":[80,80,80,80,80,87,87,87,87,87,87,87,87,87,87,87,92,92,92,92,92,92,92,92],"relics":["Burning Blood","Oddly Smooth Stone","Strawberry","Letter Opener","Pantograph","Darkstone Periapt","Toxic Egg 2","Tiny House"],"card_choices":[{"not_picked":["Carnage","Thunderclap"],"picked":"Clash","floor":1},{"not_picked":["Havoc","Armaments"],"picked":"Rage","floor":2},{"not_picked":["Hemokinesis","True Grit"],"picked":"Pommel Strike","floor":3},{"not_picked":["Twin Strike","Sword Boomerang"],"picked":"Body Slam","floor":5},{"not_picked":["Sword Boomerang","Corruption"],"picked":"Whirlwind","floor":6},{"not_picked":["Wild Strike","Headbutt"],"picked":"Berserk","floor":8},{"not_picked":["Dropkick","Disarm"],"picked":"Barricade","floor":10},{"not_picked":["Rampage","Corruption"],"picked":"Thunderclap","floor":11},{"not_picked":["Rupture","Hemokinesis"],"picked":"Whirlwind","floor":12},{"not_picked":["Demon Form","Rupture"],"picked":"Clash","floor":14},{"not_picked":["Dark Embrace","Reaper"],"picked":"Berserk","floor":16},{"not_picked":["Burning Pact","Rampage"],"picked":"Armaments","floor":17},{"not_picked":["Flex","Clash"],"picked":"Bloodletting","floor":18},{"not_picked":["Dropkick","Sentinel"],"picked":"Shrug It Off","floor":19},{"not_picked":["Clothesline","Corruption"],"picked":"Twin Strike","floor":22}],"player_experience":136211,"potions_floor_usage":[6,14,16,16],"damage_taken":[{"damage":4,"enemies":"Cultist","floor":1,"turns":3},{"damage":7,"enemies":"Small Slimes","floor":2,"turns":5},{"damage":4,"enemies":"2 Louse","floor":3,"turns":2},{"damage":17,"enemies":"Large Slime","floor":5,"turns":5},{"damage":33,"enemies":"Lagavulin","floor":6,"turns":6},{"damage":27,"enemies":"3 Sentries","floor":8,"turns":6},{"damage":26,"enemies":"Gremlin Nob","floor":10,"turns":5},{"damage":8,"enemies":"3 Louse","floor":11,"turns":2},{"damage":11,"enemies":"Looter","floor":12,"turns":2},{"damage":31,"enemies":"3 Sentries","floor":14,"turns":8},{"damage":37,"enemies":"Hexaghost","floor":16,"turns":13},{"damage":11,"enemies":"2 Thieves","floor":18,"turns":3},{"damage":12,"enemies":"3 Byrds","floor":19,"turns":4},{"damage":65,"enemies":"Slaver and Parasite","floor":22,"turns":8},{"damage":44,"enemies":"Gremlin Leader","floor":24,"turns":4}],"event_choices":[{"event_name":"Scrap Ooze","player_choice":"success","floor":4,"damage_taken":12},{"event_name":"Drug Dealer","player_choice":"Got JAXXED","floor":20,"damage_taken":0},{"event_name":"Match and Keep!","player_choice":"2 cards matched","floor":21,"damage_taken":0}],"boss_relics":[{"not_picked":["Philosopher\u0027s Stone","Sozu"],"picked":"Tiny House"}],"potions_floor_spawned":[2,5,6,11,12,16,18],"seed_played":"5769797342214093105","killed_by":"Gremlin Leader","ascension_level":3,"is_trial":false}