{"gold_per_floor":[111,111,61,72,72,72,103,103,126,142,156,168,70,100,100,195,195,206,176,195,205,205],"floor_reached":22,"playtime":785,"items_purged":[],"score":265,"play_id":"fd440c09-759f-4d8e-b929-790e6f6370ee","local_time":"20181221232210","is_ascension_mode":true,"campfire_choices":[{"data":"Combust","floor":6,"key":"SMITH"},{"data":"Berserk","floor":8,"key":"SMITH"},{"floor":15,"key":"REST"}],"neow_cost":"TEN_PERCENT_HP_LOSS","seed_source_timestamp":60977303433721,"circlet_count":0,"master_deck":["Strike_R","Strike_R","Strike_R+1","Strike_R","Defend_R","Defend_R","Defend_R","Defend_R","Bash+1","Shrug It Off+1","Combust+1","Berserk+1","Rupture","Carnage","Shrug It Off","Rampage","Limit Break","Flex+1","Heavy Blade","Combust"],"relics":["Burning Blood","Turnip","Oddly Smooth Stone","Regal Pillow","Pen Nib","Black Star"],"potions_floor_usage":[10,12,12,14,14,14,14,16,20,20],"damage_taken":[{"damage":0,"enemies":"2 Louse","floor":1,"turns":3},{"damage":8,"enemies":"Jaw Worm","floor":4,"turns":3},{"damage":34,"enemies":"Lagavulin","floor":7,"turns":6},{"damage":11,"enemies":"Cultist","floor":10,"turns":3},{"damage":20,"enemies":"Gremlin Gang","floor":11,"turns":4},{"damage":1,"enemies":"Red Slaver","floor":12,"turns":3},{"damage":8,"enemies":"3 Sentries","floor":14,"turns":4},{"damage":41,"enemies":"Hexaghost","floor":16,"turns":9},{"damage":10,"enemies":"Spheric Guardian","floor":18,"turns":6},{"damage":38,"enemies":"2 Thieves","floor":20,"turns":4},{"damage":25,"enemies":"Snecko","floor":21,"turns":5},{"damage":11,"enemies":"Snake Plant","floor":22,"turns":2}],"seed_played":"3121810780934651061","potions_obtained":[{"floor":1,"key":"Dexterity Potion"},{"floor":4,"key":"PowerPotion"},{"floor":7,"key":"SkillPotion"},{"floor":11,"key":"Fire Potion"},{"floor":18,"key":"SteroidPotion"},{"floor":19,"key":"Fruit Juice"},{"floor":19,"key":"Poison Potion"}],"is_trial":false,"path_per_floor":["M","?","?","M","?","R","E","R","T","M","M","M","$","E","R","B",null,"M","?","M","M","M"],"character_chosen":"IRONCLAD","items_purchased":["EntropicBrew"],"campfire_rested":1,"item_purchase_floors":[13],"current_hp_per_floor":[72,72,72,70,56,56,28,28,28,23,9,14,14,12,48,13,57,53,53,26,7,0],"gold":205,"neow_bonus":"ONE_RARE_RELIC","is_prod":false,"is_daily":false,"chose_seed":false,"campfire_upgraded":2,"win_rate":0,"timestamp":1545456130,"path_taken":["M","?","?","M","?","R","E","R","T","M","M","M","$","E","R","BOSS","M","?","?","M","M"],"build_version":"2018-12-20","purchased_purges":0,"victory":false,"max_hp_per_floor":[72,72,72,72,72,72,72,72,72,72,72,72,72,72,72,72,72,72,72,77,77,77],"card_choices":[{"not_picked":["Thunderclap","Bloodletting"],"picked":"Shrug It Off","floor":1},{"not_picked":["Corruption","Rage"],"picked":"Combust","floor":4},{"not_picked":["Second Wind","Shrug It Off"],"picked":"Berserk","floor":7},{"not_picked":["Shockwave","Heavy Blade"],"picked":"Rupture","floor":10},{"not_picked":["Cleave","Wild Strike"],"picked":"Carnage","floor":11},{"not_picked":["Sword Boomerang","Anger"],"picked":"Shrug It Off","floor":12},{"not_picked":["Wild Strike","Twin Strike"],"picked":"Rampage","floor":14},{"not_picked":["Dark Embrace","Immolate"],"picked":"Limit Break","floor":16},{"not_picked":["Armaments","Pommel Strike"],"picked":"Flex+1","floor":18},{"not_picked":["True Grit","Wild Strike"],"picked":"Heavy Blade","floor":20},{"not_picked":["Sentinel+1","Uppercut"],"picked":"Combust","floor":21}],"player_experience":316850,"relics_obtained":[{"floor":7,"key":"Oddly Smooth Stone"},{"floor":9,"key":"Regal Pillow"},{"floor":14,"key":"Pen Nib"}],"event_choices":[{"damage_healed":0,"gold_gain":0,"player_choice":"Grow","damage_taken":0,"max_hp_gain":0,"max_hp_loss":0,"event_name":"Living Wall","floor":2,"gold_loss":0,"cards_upgraded":["Shrug It Off"]},{"cards_removed":["Strike_R"],"damage_healed":0,"gold_gain":0,"player_choice":"Card Removal","damage_taken":0,"max_hp_gain":0,"max_hp_loss":0,"event_name":"The Cleric","floor":3,"gold_loss":50},{"damage_healed":0,"gold_gain":0,"player_choice":"Entered Light","damage_taken":14,"max_hp_gain":0,"max_hp_loss":0,"event_name":"Shining Light","floor":5,"gold_loss":0,"cards_upgraded":["Strike_R","Bash"]},{"damage_healed":0,"gold_gain":0,"player_choice":"Bought 2 Potions","damage_taken":0,"max_hp_gain":0,"max_hp_loss":0,"event_name":"The Woman in Blue","floor":19,"gold_loss":0}],"is_beta":false,"boss_relics":[{"not_picked":["Velvet Choker","Cursed Key"],"picked":"Black Star"}],"items_purged_floors":[],"is_endless":false,"potions_floor_spawned":[1,4,7,11,18],"killed_by":"Snake Plant","ascension_level":7}