{"path_per_floor":["M","?","$","M","M","R","E","$","T","R","E","M","?","?","R","B",null,"M","?","M","M","T"],"character_chosen":"THE_SILENT","items_purchased":[],"gold_per_floor":[113,213,138,152,164,164,190,90,113,113,141,160,160,335,335,432,432,448,448,467,487,562,562],"floor_reached":23,"campfire_rested":1,"playtime":1020,"current_hp_per_floor":[68,68,68,68,66,66,34,34,34,55,38,32,32,32,32,8,70,68,52,49,36,36,0],"items_purged":["Strike_G","Defend_G"],"gold":562,"score":239,"play_id":"a8390f6a-ed90-4e02-809d-7c0395bbda41","local_time":"20180413212921","is_prod":false,"is_daily":false,"chose_seed":false,"is_ascension_mode":true,"campfire_upgraded":2,"timestamp":1523672961,"path_taken":["M","?","$","?","M","R","E","$","T","R","E","M","?","?","R","BOSS","M","?","?","M","?","E"],"build_version":"2018-04-12","seed_source_timestamp":1646203571961152,"purchased_purges":2,"victory":false,"master_deck":["Defend_G","Defend_G","Defend_G","Defend_G","Strike_G","Strike_G","Strike_G","Survivor","Neutralize+1","Bouncing Flask+1","Backflip","Heel Hook","Poisoned Stab+1","Quick Slash","Flying Knee","Doubt","Adrenaline","Poisoned Stab+1","Necronomicurse","PiercingWail+1","All Out Attack+1","Prepared"],"max_hp_per_floor":[70,70,70,70,70,70,70,70,70,70,70,70,70,70,70,70,70,70,70,70,70,70,70],"relics":["Ring of the Snake","Pen Nib","Prayer Wheel","Dream Catcher","Black Star","Necronomicon","Bottled Flame"],"card_choices":[{"not_picked":["Underhanded Strike","PiercingWail"],"picked":"Bouncing Flask","floor":1},{"not_picked":["Skewer","PiercingWail"],"picked":"Backflip","floor":4},{"not_picked":["Leg Sweep","Dagger Throw"],"picked":"Heel Hook","floor":5},{"not_picked":["Blade Dance","Deflect"],"picked":"Poisoned Stab","floor":7},{"not_picked":["Backflip","Reflex"],"picked":"Quick Slash","floor":11},{"not_picked":["Deflect","Bullet Time"],"picked":"Flying Knee","floor":12},{"not_picked":["Tactician","Burst"],"picked":"Adrenaline","floor":16},{"not_picked":["All Out Attack","Dagger Spray"],"picked":"Poisoned Stab","floor":18},{"not_picked":["Deflect","Endless Agony"],"picked":"PiercingWail","floor":20},{"not_picked":["Outmaneuver","Blade Dance"],"picked":"All Out Attack","floor":21},{"not_picked":["Outmaneuver","Deflect"],"picked":"Prepared","floor":22}],"player_experience":158406,"potions_floor_usage":[11,21,23],"damage_taken":[{"damage":2,"enemies":"Jaw Worm","floor":1,"turns":5},{"damage":0,"enemies":"Cultist","floor":4,"turns":3},{"damage":2,"enemies":"Small Slimes","floor":5,"turns":5},{"damage":32,"enemies":"3 Sentries","floor":7,"turns":8},{"damage":17,"enemies":"Lagavulin","floor":11,"turns":4},{"damage":6,"enemies":"Gremlin Gang","floor":12,"turns":5},{"damage":24,"enemies":"The Guardian","floor":16,"turns":8},{"damage":2,"enemies":"Chosen","floor":18,"turns":5},{"damage":3,"enemies":"Spheric Guardian","floor":20,"turns":3},{"damage":13,"enemies":"Snake Plant","floor":21,"turns":3},{"damage":48,"enemies":"Gremlin Leader","floor":23,"turns":5}],"event_choices":[{"event_name":"Golden Shrine","player_choice":"Pray","floor":2,"damage_taken":0},{"event_name":"Purifier","player_choice":"One Purge","floor":13,"damage_taken":0},{"event_name":"Liars Game","player_choice":"agreed","floor":14,"damage_taken":0},{"event_name":"Cursed Tome","player_choice":"Obtained Book","floor":19,"damage_taken":0}],"boss_relics":[{"not_picked":["Philosopher\u0027s Stone","Calling Bell"],"picked":"Black Star"}],"potions_floor_spawned":[1,4,16],"seed_played":"-1522986479016536869","killed_by":"Gremlin Leader","ascension_level":4,"is_trial":false}