{"gold_per_floor":[111,261,19,19,19,19,46,46,46,61,61,136,136,166,166,238,238,248,268,268,268,268,268],"floor_reached":23,"playtime":405,"items_purged":["Doubt"],"score":486,"play_id":"19396827-936f-4b62-aa3e-825b343aa97a","local_time":"20181211172030","is_ascension_mode":true,"campfire_choices":[{"data":"Bash","floor":6,"key":"SMITH"},{"floor":11,"key":"RECALL"},{"data":"Strike_R","floor":13,"key":"SMITH"},{"data":"Shrug It Off","floor":15,"key":"SMITH"}],"neow_cost":"NONE","seed_source_timestamp":77622410526713,"circlet_count":0,"master_deck":["AscendersBane","Strike_R","Strike_R","Strike_R+1","Strike_R","Strike_R+1","Defend_R","Defend_R","Defend_R","Defend_R","Bash+1","Headbutt+1","Anger+1","Pommel Strike+1","Shrug It Off+1","Feed+1","Heavy Blade+1","Bludgeon+1","Writhe","Feed+1"],"relics":["Burning Blood","NeowsBlessing","Happy Flower","Gremlin Horn","Molten Egg 2","Matryoshka","Bottled Lightning","Runic Pyramid","Oddly Smooth Stone"],"potions_floor_usage":[14,21],"damage_taken":[{"damage":0,"enemies":"2 Louse","floor":1,"turns":1},{"damage":0,"enemies":"Lagavulin","floor":7,"turns":1},{"damage":0,"enemies":"Jaw Worm","floor":10,"turns":1},{"damage":0,"enemies":"Gremlin Nob","floor":14,"turns":2},{"damage":26,"enemies":"Slime Boss","floor":16,"turns":8},{"damage":9,"enemies":"Spheric Guardian","floor":18,"turns":4},{"damage":27,"enemies":"Chosen","floor":19,"turns":4},{"damage":17,"enemies":"Colosseum Slavers","floor":21,"turns":3},{"damage":63,"enemies":"Book of Stabbing","floor":23,"turns":4}],"seed_played":"1517283436165699282","potions_obtained":[{"floor":7,"key":"FairyPotion"},{"floor":10,"key":"SteroidPotion"},{"floor":16,"key":"Energy Potion"}],"is_trial":false,"path_per_floor":["M","?","$","?","T","R","E","$","T","M","R","?","R","E","R","B",null,"M","M","?","?","?","E"],"character_chosen":"IRONCLAD","items_purchased":["Happy Flower"],"campfire_rested":0,"item_purchase_floors":[3],"current_hp_per_floor":[74,74,74,51,51,51,57,57,57,63,63,52,52,58,58,38,66,67,50,50,39,39,0],"gold":268,"neow_bonus":"THREE_ENEMY_KILL","is_prod":false,"is_daily":false,"chose_seed":false,"campfire_upgraded":3,"win_rate":0,"timestamp":1544574030,"path_taken":["M","?","$","?","?","R","E","$","T","M","R","?","R","E","R","BOSS","M","M","?","?","?","E"],"build_version":"2018-12-06","purchased_purges":1,"victory":false,"max_hp_per_floor":[75,75,75,75,75,75,75,75,75,75,75,75,75,75,75,75,75,79,83,83,83,83,83],"card_choices":[{"not_picked":["Flex","Entrench"],"picked":"Headbutt","floor":1},{"not_picked":["Berserk","Headbutt"],"picked":"Anger","floor":7},{"not_picked":["Iron Wave+1","True Grit"],"picked":"Pommel Strike+1","floor":10},{"not_picked":["Iron Wave+1","Rupture"],"picked":"Shrug It Off","floor":14},{"not_picked":["Juggernaut","Offering"],"picked":"Feed+1","floor":16},{"not_picked":["Perfected Strike+1","Body Slam+1"],"picked":"Heavy Blade+1","floor":18},{"not_picked":["Cleave+1","Anger+1"],"picked":"Bludgeon+1","floor":19}],"player_experience":603163,"relics_obtained":[{"floor":5,"key":"Gremlin Horn"},{"floor":7,"key":"Molten Egg 2"},{"floor":9,"key":"Matryoshka"},{"floor":14,"key":"Bottled Lightning"}],"event_choices":[{"damage_healed":0,"gold_gain":150,"player_choice":"AGREE","damage_taken":0,"max_hp_gain":0,"max_hp_loss":0,"event_name":"Liars Game","floor":2,"gold_loss":0,"cards_obtained":["Doubt"]},{"damage_healed":0,"gold_gain":0,"player_choice":"Entered Light","damage_taken":23,"max_hp_gain":0,"max_hp_loss":0,"event_name":"Shining Light","floor":4,"gold_loss":0,"cards_upgraded":["Strike_R","Headbutt"]},{"damage_healed":0,"gold_gain":75,"player_choice":"Gather Gold","damage_taken":11,"max_hp_gain":0,"max_hp_loss":0,"event_name":"World of Goop","floor":12,"gold_loss":0},{"damage_healed":0,"gold_gain":0,"player_choice":"Opened","damage_taken":0,"relics_obtained":["Oddly Smooth Stone"],"max_hp_gain":0,"max_hp_loss":0,"event_name":"The Mausoleum","floor":20,"gold_loss":0,"cards_obtained":["Writhe"]},{"damage_healed":0,"gold_gain":0,"player_choice":"Fight","damage_taken":0,"max_hp_gain":0,"max_hp_loss":0,"event_name":"Colosseum","floor":21,"gold_loss":0},{"damage_healed":0,"gold_gain":0,"player_choice":"Fled From Nobs","damage_taken":0,"max_hp_gain":0,"max_hp_loss":0,"event_name":"Colosseum","floor":21,"gold_loss":0},{"damage_healed":0,"gold_gain":0,"player_choice":"Copied","damage_taken":0,"max_hp_gain":0,"max_hp_loss":0,"event_name":"Duplicator","floor":22,"gold_loss":0,"cards_obtained":["Feed"]}],"is_beta":false,"boss_relics":[{"not_picked":["Orrery","Runic Cube"],"picked":"Runic Pyramid"}],"items_purged_floors":[3],"is_endless":false,"potions_floor_spawned":[7,10,16,18,19],"killed_by":"Book of Stabbing","ascension_level":20}