{"gold_per_floor":[16,36,48,48,48,48,75,75,75,75,225,225,237,271,271,271],"floor_reached":16,"playtime":466,"items_purged":[],"score":211,"play_id":"1a7d8ca8-9035-4867-8167-4223aa1439d2","local_time":"20190102015538","is_ascension_mode":true,"campfire_choices":[{"floor":6,"key":"REST"},{"floor":8,"key":"REST"},{"floor":10,"key":"DIG"},{"data":"Sucker Punch","floor":15,"key":"SMITH"}],"neow_cost":"NO_GOLD","seed_source_timestamp":1580906687993111,"circlet_count":0,"master_deck":["AscendersBane","Defend_G","Defend_G","Defend_G","Defend_G","Strike_G","Strike_G","Strike_G","Strike_G","Survivor","Neutralize","Reflex","Choke","Riddle With Holes","Backstab","Noxious Fumes+1","Sucker Punch+1","Finisher"],"relics":["Ring of the Snake","Shovel","PreservedInsect","Shuriken","Omamori","Paper Crane"],"potions_floor_usage":[7,14,16],"damage_taken":[{"damage":5,"enemies":"Small Slimes","floor":1,"turns":3},{"damage":0,"enemies":"2 Louse","floor":2,"turns":3},{"damage":6,"enemies":"Cultist","floor":3,"turns":4},{"damage":17,"enemies":"3 Sentries","floor":7,"turns":8},{"damage":6,"enemies":"Looter","floor":13,"turns":3},{"damage":16,"enemies":"Lagavulin","floor":14,"turns":5},{"damage":2,"enemies":"Hexaghost","floor":16,"turns":5}],"seed_played":"8376293801699340744","potions_obtained":[{"floor":1,"key":"AttackPotion"},{"floor":2,"key":"EssenceOfSteel"},{"floor":14,"key":"Dexterity Potion"}],"is_trial":false,"path_per_floor":["M","M","M","?","$","R","E","R","T","R","?","?","M","E","R","B"],"character_chosen":"THE_SILENT","items_purchased":[],"campfire_rested":2,"item_purchase_floors":[],"current_hp_per_floor":[54,54,48,3,3,22,5,24,24,24,24,24,18,2,2,0],"gold":271,"neow_bonus":"TRANSFORM_TWO_CARDS","is_prod":false,"is_daily":false,"chose_seed":false,"campfire_upgraded":1,"win_rate":0,"timestamp":1546422938,"path_taken":["M","M","M","?","$","R","E","R","T","R","?","?","M","E","R","BOSS"],"build_version":"2019-01-01v2","purchased_purges":0,"victory":false,"max_hp_per_floor":[66,66,66,66,66,66,66,66,66,66,66,66,66,66,66,66],"card_choices":[{"not_picked":["Escape Plan","Calculated Gamble"],"picked":"Riddle With Holes","floor":1},{"not_picked":["Bane","Finisher","Flying Knee"],"picked":"SKIP","floor":2},{"not_picked":["Skewer","Slice"],"picked":"Backstab","floor":3},{"not_picked":["Prepared","Masterful Stab"],"picked":"Noxious Fumes","floor":7},{"not_picked":["Poisoned Stab","Wraith Form v2"],"picked":"Sucker Punch","floor":13},{"not_picked":["Underhanded Strike","Slice"],"picked":"Finisher","floor":14}],"player_experience":977737,"relics_obtained":[{"floor":7,"key":"PreservedInsect"},{"floor":9,"key":"Shuriken"},{"floor":10,"key":"Omamori"},{"floor":14,"key":"Paper Crane"}],"event_choices":[{"damage_healed":0,"gold_gain":0,"player_choice":"Success","damage_taken":45,"relics_obtained":["Shovel"],"max_hp_gain":0,"max_hp_loss":0,"event_name":"Scrap Ooze","floor":4,"gold_loss":0},{"damage_healed":0,"gold_gain":150,"player_choice":"AGREE","damage_taken":0,"max_hp_gain":0,"max_hp_loss":0,"event_name":"Liars Game","floor":11,"gold_loss":0,"cards_obtained":["Doubt"]},{"damage_healed":0,"gold_gain":0,"player_choice":"Grow","damage_taken":0,"max_hp_gain":0,"max_hp_loss":0,"event_name":"Living Wall","floor":12,"gold_loss":0,"cards_upgraded":["Noxious Fumes"]}],"is_beta":true,"boss_relics":[],"items_purged_floors":[],"is_endless":false,"potions_floor_spawned":[1,2,3,14],"killed_by":"Hexaghost","ascension_level":19}