{"gold_per_floor":[116,291,181,194,144,169,179,212,238,238],"floor_reached":10,"playtime":515,"items_purged":["Strike_B"],"score":91,"play_id":"50e0429d-78ef-4907-b1ed-70972717cc01","local_time":"20190206203207","is_ascension_mode":true,"campfire_choices":[],"neow_cost":"NONE","seed_source_timestamp":2267433670010218,"circlet_count":0,"master_deck":["Strike_B","Strike_B","Strike_B+1","Defend_B","Defend_B","Defend_B","Zap","Dualcast","Capacitor","Doubt","Static Discharge","Go for the Eyes+1","Barrage"],"relics":["Cracked Core","Whetstone","Pen Nib","Regal Pillow"],"potions_floor_usage":[10],"damage_taken":[{"damage":3,"enemies":"2 Louse","floor":1,"turns":4},{"damage":9,"enemies":"Jaw Worm","floor":4,"turns":4},{"damage":15,"enemies":"Lagavulin","floor":6,"turns":7},{"damage":1,"enemies":"Small Slimes","floor":7,"turns":3},{"damage":38,"enemies":"Gremlin Nob","floor":8,"turns":4},{"damage":25,"enemies":"Lagavulin","floor":10,"turns":7}],"seed_played":"2198248147566013954","potions_obtained":[{"floor":7,"key":"Energy Potion"},{"floor":8,"key":"Weak Potion"}],"is_trial":false,"path_per_floor":["M","?","$","M","?","E","M","E","T","E"],"character_chosen":"DEFECT","items_purchased":["Static Discharge"],"campfire_rested":0,"item_purchase_floors":[3],"current_hp_per_floor":[79,79,79,70,70,55,54,16,16,0],"gold":238,"neow_bonus":"TEN_PERCENT_HP_BONUS","is_prod":false,"is_daily":false,"chose_seed":false,"campfire_upgraded":0,"win_rate":0,"timestamp":1549445527,"path_taken":["M","?","$","M","?","E","M","E","T","E"],"build_version":"2019-01-23","purchased_purges":1,"victory":false,"max_hp_per_floor":[82,82,82,82,82,82,82,82,82,82],"card_choices":[{"not_picked":["Rebound","FTL"],"picked":"Capacitor","floor":1},{"not_picked":["Hologram","Chaos"],"picked":"Go for the Eyes","floor":4},{"not_picked":["Steam","Reinforced Body","Skim"],"picked":"SKIP","floor":6},{"not_picked":["Compile Driver","Chill","Recycle"],"picked":"SKIP","floor":7},{"not_picked":["Stack","Conserve Battery"],"picked":"Barrage","floor":8}],"player_experience":278650,"relics_obtained":[{"floor":6,"key":"Whetstone"},{"floor":8,"key":"Pen Nib"},{"floor":9,"key":"Regal Pillow"}],"event_choices":[{"damage_healed":0,"gold_gain":175,"player_choice":"AGREE","damage_taken":0,"max_hp_gain":0,"max_hp_loss":0,"event_name":"Liars Game","floor":2,"gold_loss":0,"cards_obtained":["Doubt"]},{"cards_removed":["Defend_B"],"damage_healed":0,"gold_gain":0,"player_choice":"Card Removal","damage_taken":0,"max_hp_gain":0,"max_hp_loss":0,"event_name":"The Cleric","floor":5,"gold_loss":50}],"is_beta":false,"boss_relics":[],"items_purged_floors":[3],"is_endless":false,"potions_floor_spawned":[7,8],"killed_by":"Lagavulin","ascension_level":4}