{"gold_per_floor":[99,118,118,136,55,86,86,114,126,158,170,216,241,273,285,297],"floor_reached":16,"playtime":656,"items_purged":[],"score":201,"play_id":"23dc3c2e-ed27-4f6a-90da-e81e832f246b","local_time":"20181217202638","is_ascension_mode":true,"campfire_choices":[{"data":"Zap","floor":7,"key":"SMITH"},{"floor":11,"key":"REST"},{"floor":15,"key":"REST"}],"neow_cost":"NONE","seed_source_timestamp":249308465692649,"circlet_count":0,"master_deck":["AscendersBane","Strike_B","Strike_B","Strike_B","Strike_B","Defend_B","Defend_B","Defend_B","Defend_B","Zap+1","Dualcast","Coolheaded","Leap","Reinforced Body","Defragment","White Noise","Conserve Battery","Go for the Eyes","Glacier","Cold Snap"],"relics":["Cracked Core","NeowsBlessing","Pear","MawBank","Vajra"],"potions_floor_usage":[6,8,16,16],"damage_taken":[{"damage":0,"enemies":"Small Slimes","floor":1,"turns":1},{"damage":0,"enemies":"Cultist","floor":2,"turns":1},{"damage":0,"enemies":"2 Louse","floor":4,"turns":1},{"damage":24,"enemies":"3 Sentries","floor":6,"turns":13},{"damage":33,"enemies":"Gremlin Nob","floor":8,"turns":5},{"damage":9,"enemies":"Blue Slaver","floor":10,"turns":4},{"damage":17,"enemies":"Lagavulin","floor":12,"turns":8},{"damage":3,"enemies":"2 Fungi Beasts","floor":13,"turns":5},{"damage":0,"enemies":"Exordium Wildlife","floor":14,"turns":4},{"damage":51,"enemies":"Hexaghost","floor":16,"turns":14}],"seed_played":"3522814800505002273","potions_obtained":[{"floor":3,"key":"SkillPotion"},{"floor":3,"key":"Block Potion"},{"floor":10,"key":"Swift Potion"},{"floor":12,"key":"Block Potion"}],"is_trial":false,"path_per_floor":["M","M","?","M","$","E","R","E","T","M","R","E","M","M","R","B"],"character_chosen":"DEFECT","items_purchased":["Defragment"],"campfire_rested":2,"item_purchase_floors":[5],"current_hp_per_floor":[68,68,68,68,68,54,54,21,21,12,37,20,17,17,42,0],"gold":297,"neow_bonus":"THREE_ENEMY_KILL","is_prod":false,"is_daily":false,"chose_seed":false,"campfire_upgraded":1,"win_rate":0,"timestamp":1545103598,"path_taken":["M","M","?","M","$","E","R","E","T","?","R","E","M","M","R","BOSS"],"build_version":"2018-12-13","purchased_purges":0,"victory":false,"max_hp_per_floor":[75,75,75,75,75,85,85,85,85,85,85,85,85,85,85,85],"card_choices":[{"not_picked":["Cold Snap","Barrage"],"picked":"Coolheaded","floor":1},{"not_picked":["Static Discharge","Rebound"],"picked":"Leap","floor":2},{"not_picked":["Redo","Barrage"],"picked":"Reinforced Body","floor":4},{"not_picked":["Hyperbeam","Redo"],"picked":"White Noise","floor":6},{"not_picked":["Aggregate","Redo"],"picked":"Conserve Battery","floor":8},{"not_picked":["Consume","Ball Lightning"],"picked":"Go for the Eyes","floor":10},{"not_picked":["Redo","Capacitor"],"picked":"Glacier","floor":12},{"not_picked":["Sweeping Beam","Skim"],"picked":"Cold Snap","floor":13},{"not_picked":["Sunder","Hologram","Chaos"],"picked":"SKIP","floor":14}],"player_experience":705037,"relics_obtained":[{"floor":6,"key":"Pear"},{"floor":8,"key":"MawBank"},{"floor":12,"key":"Vajra"}],"event_choices":[{"damage_healed":0,"gold_gain":0,"player_choice":"Got Potions","damage_taken":0,"max_hp_gain":0,"max_hp_loss":0,"event_name":"Lab","floor":3,"gold_loss":0}],"is_beta":false,"boss_relics":[],"items_purged_floors":[],"is_endless":false,"potions_floor_spawned":[10,12,13,14],"killed_by":"Hexaghost","ascension_level":13}