{"gold_per_floor":[112,287,302,179,179,179,218,218,271,315,315,315,349,372,372,461,461,486,486,511,511,511,511,15,30,30,51,51,51,62,12,12,83,83,93,93,45,68,68,68,81,81,81,94,104,104,119,0,0,0],"floor_reached":51,"playtime":2817,"items_purged":["Doubt","Writhe"],"score":1216,"play_id":"4b472e2e-15ca-462b-9a13-2e5cda480f76","local_time":"20181024085056","is_ascension_mode":true,"campfire_choices":[{"data":"Rampage","floor":6.0,"key":"SMITH"},{"data":"Bash","floor":8.0,"key":"SMITH"},{"floor":12.0,"key":"REST"},{"data":"Armaments","floor":15.0,"key":"SMITH"},{"data":"Disarm","floor":23.0,"key":"SMITH"},{"data":"Shrug It Off","floor":28.0,"key":"SMITH"},{"data":"Double Tap","floor":32.0,"key":"SMITH"},{"data":"Immolate","floor":40.0,"key":"SMITH"},{"data":"Clothesline","floor":42.0,"key":"SMITH"},{"data":"Flame Barrier","floor":46.0,"key":"SMITH"},{"data":"Pommel Strike","floor":49.0,"key":"SMITH"}],"neow_cost":"NONE","seed_source_timestamp":1261469813198463,"circlet_count":0,"master_deck":["Strike_R","Strike_R+1","Defend_R","Defend_R","Defend_R","Defend_R","Bash+1","AscendersBane","Rampage+1","Headbutt+1","Pommel Strike+1","Battle Trance","Disarm+1","Armaments+1","Double Tap+1","Second Wind","Shrug It Off+1","Ghostly Armor+1","Iron Wave+1","Immolate+1","Clothesline+1","Decay","Flame Barrier+1","Parasite"],"special_seed":0,"relics":["Burning Blood","NeowsBlessing","Bloody Idol","Ginger","Whetstone","Bottled Flame","Pocketwatch","Empty Cage","Paper Frog","Matryoshka","Bag of Marbles","Boot","Sundial","Cursed Key","Pen Nib","Red Skull","Red Mask"],"potions_floor_usage":[50,50],"damage_taken":[{"damage":0.0,"enemies":"Small Slimes","floor":1.0,"turns":1.0},{"damage":0.0,"enemies":"Jaw Worm","floor":3.0,"turns":1.0},{"damage":0.0,"enemies":"Gremlin Nob","floor":7.0,"turns":1.0},{"damage":40.0,"enemies":"Lagavulin","floor":10.0,"turns":6.0},{"damage":8.0,"enemies":"Gremlin Nob","floor":13.0,"turns":3.0},{"damage":0.0,"enemies":"2 Louse","floor":14.0,"turns":3.0},{"damage":7.0,"enemies":"Hexaghost","floor":16.0,"turns":6.0},{"damage":20.0,"enemies":"3 Byrds","floor":18.0,"turns":5.0},{"damage":5.0,"enemies":"Chosen","floor":20.0,"turns":4.0},{"damage":2.0,"enemies":"Snecko","floor":25.0,"turns":4.0},{"damage":2.0,"enemies":"Chosen and Byrds","floor":27.0,"turns":6.0},{"damage":3.0,"enemies":"3 Cultists","floor":30.0,"turns":6.0},{"damage":70.0,"enemies":"Champ","floor":33.0,"turns":10.0},{"damage":7.0,"enemies":"3 Shapes","floor":35.0,"turns":5.0},{"damage":22.0,"enemies":"3 Darklings","floor":41.0,"turns":4.0},{"damage":13.0,"enemies":"Maw","floor":44.0,"turns":5.0},{"damage":26.0,"enemies":"Writhing Mass","floor":45.0,"turns":5.0},{"damage":2.0,"enemies":"Sphere and 2 Shapes","floor":47.0,"turns":4.0},{"damage":68,"enemies":"Awakened One","floor":50,"turns":14}],"seed_played":"-4616158891314798173","potions_obtained":[{"floor":3.0,"key":"SkillPotion"},{"floor":14.0,"key":"LiquidBronze"},{"floor":20.0,"key":"Fire Potion"},{"floor":25.0,"key":"Dexterity Potion"},{"floor":33.0,"key":"Regen Potion"},{"floor":36.0,"key":"Block Potion"},{"floor":44.0,"key":"Regen Potion"},{"floor":45.0,"key":"SkillPotion"}],"is_trial":false,"path_per_floor":["M","?","M","$","?","R","E","R","T","E","?","R","E","M","R","B",null,"M","?","M","$","?","R","$","M","T","M","R","?","M","?","R","B",null,"M","?","$","T","$","R","M","R","T","M","M","R","M","?","R","B"],"character_chosen":"IRONCLAD","items_purchased":["AttackPotion","Matryoshka","Bag of Marbles","Clothesline"],"campfire_rested":1,"item_purchase_floors":[4,24,24,37],"current_hp_per_floor":[78,78,80,80,60,60,66,66,66,32,37,62,60,66,66,65,80,66,66,67,67,67,67,67,71,71,75,75,75,83,83,83,24,70,74,74,74,79,79,79,68,68,68,66,65,65,74,74,74,27],"gold":0,"neow_bonus":"THREE_ENEMY_KILL","is_prod":false,"is_daily":false,"chose_seed":false,"campfire_upgraded":10,"win_rate":0,"timestamp":1540396256,"path_taken":["M","?","M","$","?","R","E","R","T","E","?","R","E","?","R","BOSS","M","?","M","$","?","R","$","M","T","M","R","?","M","?","R","BOSS","M","?","$","?","$","R","M","R","T","M","M","R","M","?","R","BOSS"],"build_version":"2018-10-18","purchased_purges":2,"victory":true,"max_hp_per_floor":[80,80,80,80,80,80,80,80,80,80,85,85,85,85,85,85,85,85,85,85,85,85,85,85,85,85,85,85,85,85,85,85,85,85,85,85,85,85,85,85,85,85,85,85,85,85,85,85,85,85],"card_choices":[{"not_picked":["Clash","Burning Pact"],"picked":"Rampage","floor":1.0},{"not_picked":["Twin Strike","Cleave"],"picked":"Headbutt","floor":3.0},{"not_picked":["Iron Wave","Perfected Strike"],"picked":"Pommel Strike","floor":7.0},{"not_picked":["Twin Strike","Battle Trance","Disarm"],"picked":"SKIP","floor":10.0},{"not_picked":["Twin Strike","Disarm"],"picked":"Battle Trance","floor":10.0},{"not_picked":["Metallicize","Clash"],"picked":"Disarm","floor":13.0},{"not_picked":["Sentinel","Entrench"],"picked":"Armaments","floor":14.0},{"not_picked":["Bludgeon","Feed"],"picked":"Double Tap","floor":16.0},{"not_picked":["Second Wind","Anger","Rampage"],"picked":"SKIP","floor":18.0},{"not_picked":["Second Wind","Anger","Rampage"],"picked":"SKIP","floor":18.0},{"not_picked":["Second Wind","Anger","Rampage"],"picked":"SKIP","floor":18.0},{"not_picked":["Second Wind","Anger","Rampage"],"picked":"SKIP","floor":18.0},{"not_picked":["Anger","Rampage"],"picked":"Second Wind","floor":18.0},{"not_picked":["Flame Barrier","Body Slam"],"picked":"Shrug It Off","floor":20.0},{"not_picked":["Heavy Blade","Juggernaut","Body Slam"],"picked":"SKIP","floor":25.0},{"not_picked":["Clash","Pummel"],"picked":"Ghostly Armor+1","floor":27.0},{"not_picked":["Inflame","Hemokinesis"],"picked":"Iron Wave+1","floor":30.0},{"not_picked":["Reaper","Berserk"],"picked":"Immolate","floor":33.0},{"not_picked":["Sever Soul","Anger","Flex"],"picked":"SKIP","floor":35.0},{"not_picked":["Shrug It Off","Iron Wave"],"picked":"Flame Barrier","floor":41.0},{"not_picked":["Heavy Blade+1","Anger","Evolve+1"],"picked":"SKIP","floor":44.0},{"not_picked":["Reckless Charge+1","Pommel Strike","Twin Strike"],"picked":"SKIP","floor":45.0},{"not_picked":["Limit Break","Blood for Blood","Headbutt"],"picked":"SKIP","floor":47.0}],"player_experience":1189729,"relics_obtained":[{"floor":7.0,"key":"Ginger"},{"floor":9.0,"key":"Whetstone"},{"floor":10.0,"key":"Bottled Flame"},{"floor":13.0,"key":"Pocketwatch"},{"floor":26.0,"key":"Boot"},{"floor":26.0,"key":"Sundial"},{"floor":38.0,"key":"Pen Nib"},{"floor":38.0,"key":"Red Skull"}],"event_choices":[{"damage_healed":0.0,"max_hp_gain":0.0,"max_hp_loss":0.0,"gold_gain":175.0,"event_name":"Liars Game","player_choice":"AGREE","floor":2.0,"gold_loss":0.0,"damage_taken":0.0,"cards_obtained":["Doubt"]},{"damage_healed":0.0,"max_hp_gain":0.0,"max_hp_loss":0.0,"gold_gain":0.0,"event_name":"Golden Idol","player_choice":"Take Damage","floor":5.0,"gold_loss":0.0,"damage_taken":20.0,"relics_obtained":["Golden Idol"]},{"damage_healed":0.0,"max_hp_gain":5.0,"max_hp_loss":0.0,"gold_gain":0.0,"event_name":"Big Fish","player_choice":"Donut","floor":11.0,"gold_loss":0.0,"damage_taken":0.0},{"cards_removed":["Strike_R"],"damage_healed":0.0,"max_hp_gain":0.0,"max_hp_loss":0.0,"gold_gain":0.0,"event_name":"Back to Basics","player_choice":"Elegance","floor":19.0,"gold_loss":0.0,"damage_taken":0.0},{"damage_healed":0.0,"max_hp_gain":0.0,"max_hp_loss":0.0,"gold_gain":0.0,"event_name":"The Mausoleum","player_choice":"Opened","floor":22.0,"gold_loss":0.0,"damage_taken":0.0,"relics_obtained":["Paper Frog"],"cards_obtained":["Writhe"]},{"damage_healed":0.0,"max_hp_gain":0.0,"max_hp_loss":0.0,"gold_gain":0.0,"event_name":"Forgotten Altar","player_choice":"Gave Idol","floor":29.0,"relics_lost":["Golden Idol"],"gold_loss":0.0,"damage_taken":0.0,"relics_obtained":["Bloody Idol"]},{"damage_healed":0.0,"max_hp_gain":0.0,"max_hp_loss":0.0,"gold_gain":0.0,"event_name":"The Joust","player_choice":"Bet on Owner","floor":31.0,"gold_loss":50.0,"damage_taken":0.0},{"damage_healed":0.0,"max_hp_gain":0.0,"max_hp_loss":0.0,"gold_gain":0.0,"event_name":"The Lab","player_choice":"Got Potions","floor":36.0,"gold_loss":0.0,"damage_taken":0.0},{"damage_healed":0.0,"max_hp_gain":0.0,"max_hp_loss":0.0,"gold_gain":0.0,"event_name":"Tomb of Lord Red Mask","player_choice":"Paid","floor":48.0,"gold_loss":119.0,"damage_taken":0.0,"relics_obtained":["Red Mask"]}],"is_beta":false,"boss_relics":[{"not_picked":["Lizard Tail","Runic Pyramid"],"picked":"Empty Cage"},{"not_picked":["Philosopher\u0027s Stone","Runic Dome"],"picked":"Cursed Key"}],"items_purged_floors":[4,24],"is_endless":false,"potions_floor_spawned":[3,14,20,25,33,44,45,47],"ascension_level":13}