{"gold_per_floor":[111,129,404,7,7,7,32,32,32,32,32,51,51,84,84,181,181,200,200,213,213,229,229],"floor_reached":23,"playtime":681,"items_purged":["Regret"],"score":233,"play_id":"5645296d-5004-4f9b-a4df-32dbd6f26ed9","local_time":"20190201192557","is_ascension_mode":true,"campfire_choices":[{"data":"Zap","floor":6,"key":"SMITH"},{"data":"Loop","floor":8,"key":"SMITH"},{"data":"Cold Snap","floor":10,"key":"SMITH"},{"data":"Hologram","floor":13,"key":"SMITH"},{"data":"Defend_B","floor":15,"key":"SMITH"}],"neow_cost":"NONE","seed_source_timestamp":353946952972250,"circlet_count":0,"master_deck":["Strike_B","Strike_B+1","Strike_B+1","Defend_B","Defend_B","Defend_B","Defend_B+1","Zap+1","Dualcast+1","Conserve Battery+1","Cold Snap+1","Loop+1","Hologram+1","Buffer","Storm+1","Storm+1","Glacier+1","Capacitor"],"relics":["Cracked Core","NeowsBlessing","Membership Card","Turnip","Blue Candle","Whetstone","War Paint","Darkstone Periapt","Inserter"],"potions_floor_usage":[16,23],"damage_taken":[{"damage":0,"enemies":"Cultist","floor":1,"turns":1},{"damage":0,"enemies":"Small Slimes","floor":2,"turns":1},{"damage":0,"enemies":"Gremlin Nob","floor":7,"turns":1},{"damage":1,"enemies":"Jaw Worm","floor":12,"turns":2},{"damage":9,"enemies":"Lagavulin","floor":14,"turns":4},{"damage":20,"enemies":"The Guardian","floor":16,"turns":9},{"damage":4,"enemies":"Shell Parasite","floor":18,"turns":6},{"damage":15,"enemies":"2 Thieves","floor":20,"turns":4},{"damage":20,"enemies":"Sentry and Sphere","floor":22,"turns":5},{"damage":46,"enemies":"Gremlin Leader","floor":23,"turns":5}],"seed_played":"8672271415569300950","potions_obtained":[{"floor":2,"key":"Regen Potion"},{"floor":14,"key":"Fire Potion"},{"floor":18,"key":"Ancient Potion"}],"is_trial":false,"path_per_floor":["M","M","?","$","T","R","E","R","T","R","?","M","R","E","R","B",null,"M","?","M","?","M","E"],"character_chosen":"DEFECT","items_purchased":["Membership Card","Turnip","Loop"],"campfire_rested":0,"item_purchase_floors":[4,4,4],"current_hp_per_floor":[75,75,75,75,75,75,75,75,75,75,80,79,79,70,70,61,80,76,76,61,61,41,0],"gold":229,"neow_bonus":"THREE_ENEMY_KILL","is_prod":false,"is_daily":false,"chose_seed":false,"campfire_upgraded":5,"win_rate":0,"timestamp":1549009557,"path_taken":["M","M","?","$","?","R","E","R","T","R","?","M","R","E","R","BOSS","M","?","?","?","?","E"],"build_version":"2019-01-23","purchased_purges":1,"victory":false,"max_hp_per_floor":[75,75,75,75,75,75,75,75,75,75,80,80,80,80,80,80,80,80,80,80,80,80,80],"card_choices":[{"not_picked":["Hologram","Reprogram"],"picked":"Conserve Battery","floor":1},{"not_picked":["Steam","Leap"],"picked":"Cold Snap","floor":2},{"not_picked":["Leap","Conserve Battery","Sunder"],"picked":"SKIP","floor":7},{"not_picked":["Gash","Go for the Eyes"],"picked":"Hologram","floor":12},{"not_picked":["Rebound","Compile Driver","Skim"],"picked":"SKIP","floor":14},{"not_picked":["Core Surge","Fission"],"picked":"Buffer","floor":16},{"not_picked":["Redo","Rip and Tear"],"picked":"Storm+1","floor":18},{"not_picked":["Redo","Coolheaded"],"picked":"Glacier+1","floor":20},{"not_picked":["Compile Driver+1","Gash","Fusion+1"],"picked":"SKIP","floor":22}],"player_experience":1189591,"relics_obtained":[{"floor":5,"key":"Blue Candle"},{"floor":7,"key":"Whetstone"},{"floor":9,"key":"War Paint"},{"floor":14,"key":"Darkstone Periapt"}],"event_choices":[{"damage_healed":0,"gold_gain":275,"player_choice":"Desecrate","damage_taken":0,"max_hp_gain":0,"max_hp_loss":0,"event_name":"Golden Shrine","floor":3,"gold_loss":0,"cards_obtained":["Regret"]},{"damage_healed":0,"gold_gain":0,"player_choice":"Donut","damage_taken":0,"max_hp_gain":5,"max_hp_loss":0,"event_name":"Big Fish","floor":11,"gold_loss":0},{"damage_healed":0,"gold_gain":0,"player_choice":"Copied","damage_taken":0,"max_hp_gain":0,"max_hp_loss":0,"event_name":"Duplicator","floor":19,"gold_loss":0,"cards_obtained":["Storm"]},{"damage_healed":0,"gold_gain":0,"cards_transformed":["Strike_B"],"player_choice":"Transformed","damage_taken":0,"max_hp_gain":0,"max_hp_loss":0,"event_name":"Transmorgrifier","floor":21,"gold_loss":0,"cards_obtained":["Capacitor"]}],"is_beta":true,"boss_relics":[{"not_picked":["Orrery","Empty Cage"],"picked":"Inserter"}],"items_purged_floors":[4],"is_endless":false,"potions_floor_spawned":[2,14,18],"killed_by":"Gremlin Leader","ascension_level":1}