{"gold_per_floor":[118,131,131,306,49,49,82,82,82,82,33,33,52,91,91,215,215,235,259,259,359,373,373],"floor_reached":23,"playtime":1202,"items_purged":["Doubt"],"score":305,"play_id":"7964888a-ff73-4dac-9dfd-c704f32912ae","local_time":"20190113094126","is_ascension_mode":true,"campfire_choices":[{"floor":6,"key":"REST"},{"data":"Armaments","floor":8,"key":"SMITH"},{"floor":12,"key":"REST"},{"data":"Metallicize","floor":15,"key":"SMITH"}],"neow_cost":"NONE","seed_source_timestamp":221144006396680,"circlet_count":0,"master_deck":["AscendersBane","Strike_R","Strike_R","Strike_R+1","Strike_R","Defend_R","Defend_R","Defend_R","Defend_R","Bash+1","Iron Wave","Armaments+1","Metallicize+1","Reaper","Shrug It Off","Sword Boomerang","Warcry","Juggernaut","Metallicize","Headbutt+1","Iron Wave"],"relics":["Burning Blood","Anchor","Omamori","Whetstone","Boot","Golden Idol","Ancient Tea Set","Black Star","Oddly Smooth Stone"],"potions_floor_usage":[14,16,22,22],"damage_taken":[{"damage":23,"enemies":"Jaw Worm","floor":1,"turns":4},{"damage":7,"enemies":"Small Slimes","floor":2,"turns":3},{"damage":27,"enemies":"3 Sentries","floor":7,"turns":15},{"damage":8,"enemies":"Cultist","floor":13,"turns":4},{"damage":16,"enemies":"Gremlin Nob","floor":14,"turns":4},{"damage":49,"enemies":"The Guardian","floor":16,"turns":19},{"damage":13,"enemies":"Shell Parasite","floor":18,"turns":7},{"damage":15,"enemies":"3 Byrds","floor":19,"turns":6},{"damage":35,"enemies":"Snake Plant","floor":22,"turns":6},{"damage":69,"enemies":"Slavers","floor":23,"turns":4}],"seed_played":"-2654117609028935004","potions_obtained":[{"floor":2,"key":"Fire Potion"},{"floor":13,"key":"SpeedPotion"},{"floor":16,"key":"BloodPotion"},{"floor":19,"key":"Dexterity Potion"},{"floor":22,"key":"Swift Potion"}],"is_trial":false,"path_per_floor":["M","M","?","?","$","R","E","R","T","?","$","R","M","E","R","B",null,"M","M","?","?","M","E"],"character_chosen":"IRONCLAD","items_purchased":["Metallicize","Omamori","Shrug It Off"],"campfire_rested":2,"item_purchase_floors":[5,5,11],"current_hp_per_floor":[55,54,29,29,29,53,32,32,32,32,32,56,60,50,50,12,63,56,58,58,58,37,0],"gold":373,"neow_bonus":"REMOVE_CARD","is_prod":false,"is_daily":false,"chose_seed":false,"campfire_upgraded":2,"win_rate":0,"timestamp":1547394086,"path_taken":["M","M","?","?","$","R","E","R","T","?","$","R","M","E","R","BOSS","M","M","?","?","?","E"],"build_version":"2019-01-10","purchased_purges":1,"victory":false,"max_hp_per_floor":[80,80,80,80,80,80,80,80,80,80,80,80,80,80,80,80,80,80,80,80,80,80,80],"card_choices":[{"not_picked":["Anger","Cleave"],"picked":"Iron Wave","floor":1},{"not_picked":["Clash","Burning Pact"],"picked":"Armaments","floor":2},{"not_picked":["Thunderclap","Inflame"],"picked":"Reaper","floor":7},{"not_picked":["Anger","Warcry"],"picked":"Sword Boomerang","floor":13},{"not_picked":["Anger","Havoc"],"picked":"Warcry","floor":14},{"not_picked":["Exhume","Offering"],"picked":"Juggernaut","floor":16},{"not_picked":["Bloodletting","Infernal Blade"],"picked":"Metallicize","floor":18},{"not_picked":["Evolve","Wild Strike"],"picked":"Headbutt+1","floor":19},{"not_picked":["Anger+1","Cleave"],"picked":"Iron Wave","floor":22}],"player_experience":453922,"relics_obtained":[{"floor":7,"key":"Whetstone"},{"floor":9,"key":"Boot"},{"floor":14,"key":"Ancient Tea Set"}],"event_choices":[{"damage_healed":0,"gold_gain":0,"player_choice":"Success","damage_taken":25,"relics_obtained":["Anchor"],"max_hp_gain":0,"max_hp_loss":0,"event_name":"Scrap Ooze","floor":3,"gold_loss":0},{"damage_healed":0,"gold_gain":175,"player_choice":"AGREE","damage_taken":0,"max_hp_gain":0,"max_hp_loss":0,"event_name":"Liars Game","floor":4,"gold_loss":0,"cards_obtained":["Doubt"]},{"damage_healed":0,"gold_gain":0,"player_choice":"Take Wound","damage_taken":0,"relics_obtained":["Golden Idol"],"max_hp_gain":0,"max_hp_loss":0,"event_name":"Golden Idol","floor":10,"gold_loss":0,"cards_obtained":["Injury"]},{"damage_healed":0,"gold_gain":0,"player_choice":"Stole Relic","damage_taken":0,"relics_obtained":["Oddly Smooth Stone"],"max_hp_gain":0,"max_hp_loss":0,"event_name":"Addict","floor":20,"gold_loss":0,"cards_obtained":["Shame"]},{"damage_healed":0,"gold_gain":100,"player_choice":"Pray","damage_taken":0,"max_hp_gain":0,"max_hp_loss":0,"event_name":"Golden Shrine","floor":21,"gold_loss":0}],"is_beta":false,"boss_relics":[{"not_picked":["Snecko Eye","Busted Crown"],"picked":"Black Star"}],"items_purged_floors":[5],"is_endless":false,"potions_floor_spawned":[2,13,16,19,22],"killed_by":"Slavers","ascension_level":11}