{"gold_per_floor":[116,191,201,201,216,216,233,264,264,264,280,280,280,25,25,123,173,183,193,292,312,328,328,361,361,384,415,415,435,435,454,454,554,554,566,566,566,584,584,610,610,624,624,624,634,2,18,0,0,0],"floor_reached":51,"playtime":4516,"items_purged":["Strike_B","Strike_B"],"score":825,"play_id":"7b359a8b-03af-49d3-96b2-86064e0a2600","local_time":"20180729002219","is_ascension_mode":true,"campfire_choices":[{"data":"Streamline","floor":6,"key":"SMITH"},{"floor":10,"key":"REST"},{"data":"Rebound","floor":12,"key":"SMITH"},{"data":"Apotheosis","floor":15,"key":"SMITH"},{"floor":23,"key":"REST"},{"floor":28,"key":"REST"},{"floor":30,"key":"REST"},{"floor":32,"key":"REST"},{"data":"Echo Form","floor":41,"key":"SMITH"},{"data":"Scrape","floor":44,"key":"SMITH"},{"data":"Master of Strategy","floor":49,"key":"SMITH"}],"neow_cost":"NONE","seed_source_timestamp":398318092845987,"circlet_count":0,"master_deck":["Strike_B","Defend_B","Defend_B","Defend_B","Defend_B","Zap+1","Dualcast+1","Streamline","Leap","Gash","Rebound+1","Apotheosis+1","Echo Form+1","Scrape+1","Go for the Eyes","Conserve Battery+1","Gash","White Noise+1","Undo+1","Conserve Battery","Go for the Eyes","Core Surge","Fusion+1","Gash","Sweeping Beam","Beam Cell","Undo","Master of Strategy+1","Trip","Conserve Battery+1"],"relics":["Cracked Core","Bag of Preparation","Kunai","Orichalcum","Tiny House","Shuriken","Lantern","Dream Catcher","Inserter","Mummified Hand","Anchor","Pantograph","Lee\u0027s Waffle","Red Mask"],"potions_floor_usage":[8,19,21,22,22,22,24,27,27,50,50,50],"damage_taken":[{"damage":0,"enemies":"2 Louse","floor":1,"turns":3},{"damage":0,"enemies":"Small Slimes","floor":3,"turns":2},{"damage":3,"enemies":"Cultist","floor":5,"turns":3},{"damage":12,"enemies":"3 Louse","floor":7,"turns":3},{"damage":24,"enemies":"3 Sentries","floor":8,"turns":5},{"damage":0,"enemies":"2 Fungi Beasts","floor":11,"turns":2},{"damage":20,"enemies":"Hexaghost","floor":16,"turns":9},{"damage":6,"enemies":"Chosen","floor":18,"turns":3},{"damage":16,"enemies":"2 Thieves","floor":19,"turns":3},{"damage":17,"enemies":"Centurion and Healer","floor":21,"turns":7},{"damage":18,"enemies":"Snake Plant","floor":22,"turns":4},{"damage":25,"enemies":"Gremlin Leader","floor":24,"turns":7},{"damage":28,"enemies":"Slavers","floor":27,"turns":5},{"damage":19,"enemies":"Slaver and Parasite","floor":29,"turns":4},{"damage":14,"enemies":"Sentry and Sphere","floor":31,"turns":5},{"damage":36,"enemies":"Automaton","floor":33,"turns":11},{"damage":16,"enemies":"3 Darklings","floor":35,"turns":6},{"damage":7,"enemies":"3 Shapes","floor":38,"turns":9},{"damage":16,"enemies":"Nemesis","floor":40,"turns":7},{"damage":2,"enemies":"Flame Bruiser 2 Orb","floor":42,"turns":5},{"damage":7,"enemies":"Maw","floor":45,"turns":7},{"damage":28,"enemies":"4 Shapes","floor":47,"turns":7},{"damage":35,"enemies":"Awakened One","floor":50,"turns":11}],"seed_played":"1438199830847754509","potions_obtained":[{"floor":1,"key":"AttackPotion"},{"floor":7,"key":"Swift Potion"},{"floor":17,"key":"Explosive Potion"},{"floor":19,"key":"PowerPotion"},{"floor":21,"key":"EntropicBrew"},{"floor":22,"key":"FearPotion"},{"floor":31,"key":"FearPotion"},{"floor":38,"key":"EssenceOfSteel"},{"floor":42,"key":"Strength Potion"},{"floor":47,"key":"Regen Potion"}],"is_trial":false,"path_per_floor":["M","?","M","?","M","R","M","E","T","R","M","R","?","$","R","B",null,"M","M","?","M","M","R","E","?","T","E","R","M","R","M","R","B",null,"M","?","?","M","T","E","R","M","T","R","M","$","M","?","R","B"],"character_chosen":"DEFECT","items_purchased":["Apotheosis","Lee\u0027s Waffle","Undo","Master of Strategy","Trip"],"campfire_rested":5,"item_purchase_floors":[14,46,46,46,46],"current_hp_per_floor":[75,64,64,64,61,61,49,25,25,47,47,47,40,40,40,20,80,74,58,58,41,32,56,31,31,31,3,27,8,32,18,42,13,80,64,64,64,64,64,48,48,46,46,46,39,87,66,66,66,67],"gold":0,"neow_bonus":"UPGRADE_CARD","is_prod":false,"is_daily":false,"chose_seed":false,"campfire_upgraded":6,"win_rate":0,"timestamp":1532787739,"path_taken":["M","?","M","?","?","R","?","E","T","R","M","R","?","$","R","BOSS","M","M","?","?","M","R","E","?","T","E","R","M","R","?","R","BOSS","M","?","?","?","?","E","R","M","T","R","?","$","M","?","R","BOSS"],"build_version":"2018-07-26","purchased_purges":2,"victory":true,"max_hp_per_floor":[75,75,75,75,75,75,75,75,75,75,75,75,75,75,75,75,80,80,80,80,80,80,80,80,80,80,80,80,80,80,80,80,80,80,80,80,80,80,80,80,80,80,80,80,80,87,87,87,87,87],"card_choices":[{"not_picked":["Double Energy","Conserve Battery"],"picked":"Streamline","floor":1},{"not_picked":["Stack","Turbo"],"picked":"Leap","floor":3},{"not_picked":["Beam Cell","Lockon"],"picked":"Streamline","floor":5},{"not_picked":["Steam","Force Field","Streamline"],"picked":"SKIP","floor":7},{"not_picked":["Streamline","Leap"],"picked":"Gash","floor":8},{"not_picked":["Sunder","Capacitor"],"picked":"Rebound","floor":11},{"not_picked":["Electrodynamics","Core Surge"],"picked":"Echo Form","floor":16},{"not_picked":["Ball Lightning","Leap"],"picked":"Scrape","floor":17},{"not_picked":["Rip and Tear+1","Genetic Algorithm"],"picked":"Go for the Eyes","floor":18},{"not_picked":["Darkness","Barrage+1","Heatsinks+1"],"picked":"SKIP","floor":19},{"not_picked":["Ball Lightning","Barrage+1"],"picked":"Conserve Battery+1","floor":21},{"not_picked":["Stack+1","Undo"],"picked":"Gash","floor":22},{"not_picked":["Sweeping Beam","Consume","Storm+1"],"picked":"SKIP","floor":24},{"not_picked":["Leap","Lockon","Capacitor"],"picked":"SKIP","floor":27},{"not_picked":["Hologram+1","Stack"],"picked":"White Noise+1","floor":28},{"not_picked":["Ball Lightning+1","Static Discharge"],"picked":"Undo+1","floor":29},{"not_picked":["Scrape+1","Rip and Tear"],"picked":"Conserve Battery","floor":30},{"not_picked":["Reprogram","Genetic Algorithm+1","Stack+1"],"picked":"SKIP","floor":31},{"not_picked":["Doom and Gloom+1","Hologram"],"picked":"Go for the Eyes","floor":32},{"not_picked":["Meteor Strike","Amplify"],"picked":"Core Surge","floor":33},{"not_picked":["Redo+1","Leap"],"picked":"Fusion+1","floor":35},{"not_picked":["Go for the Eyes","Redo+1"],"picked":"Gash","floor":38},{"not_picked":["Go for the Eyes+1","Defragment"],"picked":"Sweeping Beam","floor":40},{"not_picked":["Stack","Multi-Cast","Force Field"],"picked":"SKIP","floor":42},{"not_picked":["Chill+1","Barrage"],"picked":"Beam Cell","floor":45},{"not_picked":["Redo","Beam Cell"],"picked":"Conserve Battery+1","floor":47}],"player_experience":544709,"relics_obtained":[{"floor":8,"key":"Kunai"},{"floor":9,"key":"Orichalcum"},{"floor":24,"key":"Shuriken"},{"floor":26,"key":"Lantern"},{"floor":27,"key":"Dream Catcher"},{"floor":39,"key":"Mummified Hand"},{"floor":40,"key":"Anchor"},{"floor":43,"key":"Pantograph"}],"event_choices":[{"event_name":"World of Goop","player_choice":"Gather Gold","floor":2,"damage_taken":0},{"event_name":"Big Fish","player_choice":"Box","floor":4,"damage_taken":0},{"event_name":"Golden Wing","player_choice":"Card Removal","floor":13,"damage_taken":0},{"event_name":"Nest","player_choice":"Stole From Cult","floor":20,"damage_taken":0},{"event_name":"The Mausoleum","player_choice":"No","floor":25,"damage_taken":0},{"event_name":"Purifier","player_choice":"One Purge","floor":36,"damage_taken":0},{"event_name":"Falling","player_choice":"Removed Attack","floor":37,"damage_taken":0},{"event_name":"Tomb of Lord Red Mask","player_choice":"Paid","floor":48,"damage_taken":0}],"is_beta":false,"boss_relics":[{"not_picked":["Eternal Feather","Velvet Choker"],"picked":"Tiny House"},{"not_picked":["Runic Dome","Lizard Tail"],"picked":"Inserter"}],"items_purged_floors":[14,46],"is_endless":false,"potions_floor_spawned":[1,7,19,21,22,31,38,42,47],"ascension_level":4}