{"gold_per_floor":[114,133,133,283,283,310,310,324,348,373,385,385],"floor_reached":12,"playtime":362,"items_purged":[],"score":226,"play_id":"e7dd8c50-b072-4a5d-ac8b-20b59172b944","local_time":"20181211002742","is_ascension_mode":true,"campfire_choices":[{"data":"True Grit","floor":7,"key":"SMITH"}],"neow_cost":"NONE","seed_source_timestamp":16899046314272,"circlet_count":0,"master_deck":["AscendersBane","Strike_R","Strike_R+1","Strike_R","Strike_R+1","Strike_R","Defend_R","Defend_R","Defend_R","Bash","Pummel","Pommel Strike","Doubt","Double Tap","True Grit+1","Feel No Pain","Feel No Pain","Infernal Blade"],"relics":["Burning Blood","NeowsBlessing","Oddly Smooth Stone","Torii","Anchor","Whetstone"],"potions_floor_usage":[8,11],"damage_taken":[{"damage":0,"enemies":"Jaw Worm","floor":1,"turns":1},{"damage":0,"enemies":"Small Slimes","floor":2,"turns":1},{"damage":0,"enemies":"Gremlin Nob","floor":6,"turns":1},{"damage":0,"enemies":"2 Louse","floor":8,"turns":1},{"damage":22,"enemies":"3 Sentries","floor":10,"turns":17},{"damage":4,"enemies":"Gremlin Gang","floor":11,"turns":7},{"damage":62,"enemies":"Gremlin Nob","floor":12,"turns":4}],"seed_played":"-7157989970030278718","potions_obtained":[{"floor":2,"key":"Ancient Potion"},{"floor":6,"key":"AttackPotion"},{"floor":10,"key":"FearPotion"}],"is_trial":false,"path_per_floor":["M","M","?","?","?","E","R","M","T","E","M","E"],"character_chosen":"IRONCLAD","items_purchased":[],"campfire_rested":0,"item_purchase_floors":[],"current_hp_per_floor":[74,75,57,57,57,63,63,69,69,53,55,0],"gold":385,"neow_bonus":"THREE_ENEMY_KILL","is_prod":false,"is_daily":false,"chose_seed":false,"campfire_upgraded":1,"win_rate":0,"timestamp":1544513262,"path_taken":["M","M","?","?","?","E","R","M","T","E","M","E"],"build_version":"2018-12-06","purchased_purges":0,"victory":false,"max_hp_per_floor":[75,75,75,75,75,75,75,75,75,75,75,75],"card_choices":[{"not_picked":["Thunderclap","Cleave"],"picked":"Pummel","floor":1},{"not_picked":["Sever Soul","Metallicize"],"picked":"Pommel Strike","floor":2},{"not_picked":["Anger","Fire Breathing"],"picked":"True Grit","floor":6},{"not_picked":["Wild Strike","Intimidate"],"picked":"Feel No Pain","floor":8},{"not_picked":["Anger","Pummel"],"picked":"Feel No Pain","floor":10},{"not_picked":["Hemokinesis","Pummel"],"picked":"Infernal Blade","floor":11}],"player_experience":594416,"relics_obtained":[{"floor":6,"key":"Torii"},{"floor":9,"key":"Anchor"},{"floor":10,"key":"Whetstone"}],"event_choices":[{"damage_healed":0,"gold_gain":0,"player_choice":"Success","damage_taken":18,"relics_obtained":["Oddly Smooth Stone"],"max_hp_gain":0,"max_hp_loss":0,"event_name":"Scrap Ooze","floor":3,"gold_loss":0},{"damage_healed":0,"gold_gain":150,"player_choice":"AGREE","damage_taken":0,"max_hp_gain":0,"max_hp_loss":0,"event_name":"Liars Game","floor":4,"gold_loss":0,"cards_obtained":["Doubt"]},{"damage_healed":0,"gold_gain":0,"cards_transformed":["Defend_R"],"player_choice":"Transformed","damage_taken":0,"max_hp_gain":0,"max_hp_loss":0,"event_name":"Transmorgrifier","floor":5,"gold_loss":0,"cards_obtained":["Double Tap"]}],"is_beta":false,"boss_relics":[],"items_purged_floors":[],"is_endless":false,"potions_floor_spawned":[2,6,10],"killed_by":"Gremlin Nob","ascension_level":20}