{"gold_per_floor":[112,122,92,105,115,115,145,158,239,258,258,258,258,286,286,384,384,401,411,411,411,411,446,446,473,563,601,220,220,19,19,19,19],"floor_reached":33,"playtime":1423,"items_purged":["Strike_R","Strike_R"],"score":512,"play_id":"1924a980-565a-4216-8fc6-4b8e0120e0f1","local_time":"20190106145629","is_ascension_mode":true,"campfire_choices":[{"data":"Body Slam","floor":6,"key":"SMITH"},{"data":"Armaments","floor":11,"key":"SMITH"},{"data":"Flame Barrier","floor":13,"key":"SMITH"},{"data":"Anger","floor":15,"key":"SMITH"},{"data":"RitualDagger","floor":24,"key":"SMITH"},{"data":"Flame Barrier","floor":32,"key":"SMITH"}],"neow_cost":"PERCENT_DAMAGE","seed_source_timestamp":1412399919068881,"circlet_count":0,"master_deck":["Defend_R","Defend_R","Defend_R","Defend_R","Bash","Body Slam+1","Shrug It Off","Rage","Dropkick","Flame Barrier+1","Armaments+1","Whirlwind","Anger+1","Impervious","Thunderclap","Inflame","RitualDagger+1","Flame Barrier+1","Ghostly Armor+1","Intimidate+1","Rage+1","Bite","Bite","Bite","Bite","Bite"],"relics":["Burning Blood","Smiling Mask","Mercury Hourglass","WingedGreaves","Velvet Choker","Singing Bowl","Strawberry","MawBank","Pear","Blood Vial","MealTicket","Bag of Marbles","PreservedInsect","Oddly Smooth Stone"],"potions_floor_usage":[7,14,16,18,23,25,25],"damage_taken":[{"damage":8,"enemies":"2 Louse","floor":1,"turns":3},{"damage":6,"enemies":"Cultist","floor":2,"turns":4},{"damage":12,"enemies":"Jaw Worm","floor":4,"turns":3},{"damage":8,"enemies":"Looter","floor":5,"turns":3},{"damage":30,"enemies":"Lagavulin","floor":7,"turns":7},{"damage":0,"enemies":"3 Louse","floor":8,"turns":4},{"damage":1,"enemies":"2 Fungi Beasts","floor":10,"turns":3},{"damage":0,"enemies":"3 Sentries","floor":14,"turns":6},{"damage":16,"enemies":"Hexaghost","floor":16,"turns":9},{"damage":6,"enemies":"2 Thieves","floor":18,"turns":4},{"damage":0,"enemies":"Chosen","floor":19,"turns":4},{"damage":21,"enemies":"Gremlin Leader","floor":23,"turns":6},{"damage":34,"enemies":"Book of Stabbing","floor":25,"turns":5},{"damage":39,"enemies":"Gremlin Leader","floor":27,"turns":8},{"damage":70,"enemies":"Automaton","floor":33,"turns":6}],"seed_played":"-759122314067165791","potions_obtained":[{"floor":2,"key":"Fire Potion"},{"floor":3,"key":"Strength Potion"},{"floor":3,"key":"Fire Potion"},{"floor":7,"key":"LiquidBronze"},{"floor":14,"key":"FearPotion"},{"floor":16,"key":"Fire Potion"},{"floor":19,"key":"SkillPotion"},{"floor":23,"key":"Dexterity Potion"}],"is_trial":false,"path_per_floor":["M","M","?","M","M","R","E","M","T","M","R","?","R","E","R","B",null,"M","M","?","T","?","E","R","E","T","E","$","?","$","?","R","B"],"character_chosen":"IRONCLAD","items_purchased":["MealTicket","Bag of Marbles","Oddly Smooth Stone"],"campfire_rested":0,"item_purchase_floors":[28,28,30],"current_hp_per_floor":[65,65,65,59,57,57,33,39,39,44,44,44,44,50,50,40,82,82,88,82,82,82,74,74,46,56,23,23,23,33,33,33,0],"gold":19,"neow_bonus":"TWENTY_PERCENT_HP_BONUS","is_prod":false,"is_daily":false,"chose_seed":false,"campfire_upgraded":6,"win_rate":0,"timestamp":1546808189,"path_taken":["M","M","?","?","M","R","E","?","T","M","R","?","R","E","R","BOSS","M","M","?","?","?","E","R","E","T","E","$","?","$","?","R","BOSS"],"build_version":"2019-01-03v4","purchased_purges":2,"victory":false,"max_hp_per_floor":[96,96,96,96,96,96,96,96,96,96,96,96,96,96,96,96,96,96,96,96,96,96,103,103,103,113,113,113,113,113,79,79,79],"card_choices":[{"not_picked":["Pommel Strike","Battle Trance"],"picked":"Body Slam","floor":1},{"not_picked":["Shockwave","Havoc"],"picked":"Shrug It Off","floor":2},{"not_picked":["Seeing Red","Entrench"],"picked":"Rage","floor":4},{"not_picked":["Evolve","Pommel Strike"],"picked":"Dropkick","floor":5},{"not_picked":["Fire Breathing","Perfected Strike"],"picked":"Flame Barrier","floor":7},{"not_picked":["Twin Strike","Clothesline"],"picked":"Armaments","floor":8},{"not_picked":["Heavy Blade","Power Through"],"picked":"Whirlwind","floor":10},{"not_picked":["Clash","Carnage"],"picked":"Anger","floor":14},{"not_picked":["Limit Break","Double Tap"],"picked":"Impervious","floor":16},{"not_picked":["Twin Strike+1","Sword Boomerang"],"picked":"Thunderclap","floor":18},{"not_picked":["Heavy Blade","Bloodletting+1"],"picked":"Inflame","floor":19},{"not_picked":["Wild Strike","Metallicize"],"picked":"Ghostly Armor+1","floor":23},{"not_picked":["Burning Pact+1","Clothesline"],"picked":"Intimidate+1","floor":25},{"not_picked":["Anger+1","Hemokinesis"],"picked":"Rage+1","floor":27}],"player_experience":404922,"relics_obtained":[{"floor":7,"key":"Smiling Mask"},{"floor":9,"key":"Mercury Hourglass"},{"floor":14,"key":"WingedGreaves"},{"floor":21,"key":"Singing Bowl"},{"floor":23,"key":"Strawberry"},{"floor":25,"key":"MawBank"},{"floor":26,"key":"Pear"},{"floor":27,"key":"Blood Vial"}],"event_choices":[{"damage_healed":0,"gold_gain":0,"player_choice":"Bought 2 Potions","damage_taken":0,"max_hp_gain":0,"max_hp_loss":0,"event_name":"The Woman in Blue","floor":3,"gold_loss":0},{"cards_removed":["Strike_R"],"damage_healed":0,"gold_gain":0,"player_choice":"Purged","damage_taken":0,"max_hp_gain":0,"max_hp_loss":0,"event_name":"Purifier","floor":12,"gold_loss":0},{"damage_healed":0,"gold_gain":0,"player_choice":"Joined the Cult","damage_taken":6,"max_hp_gain":0,"max_hp_loss":0,"event_name":"Nest","floor":20,"gold_loss":0,"cards_obtained":["RitualDagger"]},{"damage_healed":0,"gold_gain":0,"player_choice":"Read","damage_taken":0,"max_hp_gain":0,"max_hp_loss":0,"event_name":"The Library","floor":22,"gold_loss":0,"cards_obtained":["Flame Barrier"]},{"damage_healed":0,"gold_gain":0,"player_choice":"Opened","damage_taken":0,"relics_obtained":["PreservedInsect"],"max_hp_gain":0,"max_hp_loss":0,"event_name":"The Mausoleum","floor":29,"gold_loss":0},{"damage_healed":0,"gold_gain":0,"player_choice":"Became a vampire","damage_taken":0,"max_hp_gain":0,"max_hp_loss":34,"event_name":"Vampires","floor":31,"gold_loss":0,"cards_obtained":["Bite","Bite","Bite","Bite","Bite"]}],"is_beta":false,"boss_relics":[{"not_picked":["Orrery","Sozu"],"picked":"Velvet Choker"}],"items_purged_floors":[28,30],"is_endless":false,"potions_floor_spawned":[2,5,7,14,16,19,23],"killed_by":"Automaton","ascension_level":9}