{"gold_per_floor":[16,16,16,16,16,16,41,41,41,75,90,90,113,128,128,249,249,262,361,385,385,62,101,101,137,137,172,196,21,21,21,21,147,147,168,168,192,248,373,407,407,441,441,441,234,234,253,96,96,96],"floor_reached":51,"playtime":2475,"items_purged":["Shame","Strike_B"],"score":844,"play_id":"9ed8cbe1-9d9f-4355-8f72-5eff83d25ea3","local_time":"20190116211852","is_ascension_mode":true,"campfire_choices":[{"data":"Rainbow","floor":6,"key":"SMITH"},{"data":"Dualcast","floor":12,"key":"SMITH"},{"floor":15,"key":"REST"},{"data":"Loop","floor":24,"key":"SMITH"},{"data":"Loop","floor":30,"key":"SMITH"},{"data":"Loop","floor":32,"key":"SMITH"},{"floor":41,"key":"REST"},{"data":"Rainbow","floor":46,"key":"SMITH"},{"floor":49,"key":"REST"}],"neow_cost":"NO_GOLD","seed_source_timestamp":47409828147584,"circlet_count":0,"master_deck":["Strike_B","Strike_B","Strike_B","Defend_B","Defend_B","Defend_B","Defend_B","Zap+1","Dualcast+1","Rainbow+1","Fission+1","Compile Driver","Loop+1","Rainbow+1","Ball Lightning+1","Loop+1","Loop+1","Hologram+1"],"relics":["Cracked Core","Golden Idol","Lantern","Singing Bowl","Blue Candle","Bronze Scales","Busted Crown","Thread and Needle","Pantograph","Ginger","Du-Vu Doll","Molten Egg 2","Orichalcum","Sozu","Torii","StoneCalendar","Juzu Bracelet","Centennial Puzzle","Pear","Runic Capacitor","DataDisk"],"potions_floor_usage":[14,23,25,27,31,33,33],"damage_taken":[{"damage":0,"enemies":"Small Slimes","floor":1,"turns":4},{"damage":2,"enemies":"2 Louse","floor":7,"turns":2},{"damage":24,"enemies":"3 Sentries","floor":10,"turns":9},{"damage":0,"enemies":"Jaw Worm","floor":11,"turns":1},{"damage":3,"enemies":"Red Slaver","floor":13,"turns":2},{"damage":0,"enemies":"Large Slime","floor":14,"turns":4},{"damage":18,"enemies":"Hexaghost","floor":16,"turns":9},{"damage":0,"enemies":"Spheric Guardian","floor":18,"turns":3},{"damage":0,"enemies":"Shell Parasite","floor":20,"turns":2},{"damage":11,"enemies":"Book of Stabbing","floor":23,"turns":5},{"damage":25,"enemies":"Gremlin Leader","floor":25,"turns":6},{"damage":3,"enemies":"Book of Stabbing","floor":27,"turns":4},{"damage":12,"enemies":"Snake Plant","floor":28,"turns":2},{"damage":0,"enemies":"Centurion and Healer","floor":31,"turns":1},{"damage":39,"enemies":"Champ","floor":33,"turns":9},{"damage":15,"enemies":"3 Darklings","floor":35,"turns":4},{"damage":7,"enemies":"3 Shapes","floor":37,"turns":4},{"damage":44,"enemies":"2 Orb Walkers","floor":38,"turns":5},{"damage":5,"enemies":"Mind Bloom Boss Battle","floor":39,"turns":6},{"damage":24,"enemies":"Giant Head","floor":40,"turns":7},{"damage":28,"enemies":"Reptomancer","floor":42,"turns":6},{"damage":15,"enemies":"Maw","floor":47,"turns":5},{"damage":65,"enemies":"Awakened One","floor":50,"turns":10}],"seed_played":"-3771080513711238594","potions_obtained":[{"floor":7,"key":"FearPotion"},{"floor":13,"key":"Fire Potion"},{"floor":14,"key":"SteroidPotion"},{"floor":20,"key":"SkillPotion"},{"floor":23,"key":"AttackPotion"},{"floor":25,"key":"EssenceOfSteel"},{"floor":28,"key":"SmokeBomb"}],"is_trial":false,"path_per_floor":["M","?","$","?","T","R","M","?","T","E","M","R","M","M","R","B",null,"M","?","M","?","$","E","R","E","T","E","M","$","R","M","R","B",null,"M","$","M","?","?","E","R","E","T","?","$","R","M","$","R","B",null],"character_chosen":"DEFECT","items_purchased":["Pantograph","Loop","Runic Capacitor","DataDisk"],"campfire_rested":3,"item_purchase_floors":[22,29,45,48],"current_hp_per_floor":[75,57,57,50,50,50,48,33,33,11,11,11,8,10,33,15,79,81,81,83,83,83,74,74,51,51,48,36,36,36,36,36,24,89,76,76,71,29,49,27,56,30,40,40,40,40,27,27,60,20],"gold":96,"neow_bonus":"THREE_RARE_CARDS","is_prod":false,"is_daily":false,"chose_seed":false,"campfire_upgraded":6,"win_rate":0,"timestamp":1547633932,"path_taken":["M","?","$","?","?","R","?","?","T","E","M","R","M","M","R","BOSS","M","?","M","?","$","E","R","E","T","E","M","$","R","M","R","BOSS","M","$","M","?","?","E","R","E","T","?","?","R","M","$","R","BOSS"],"build_version":"2018-11-15","purchased_purges":2,"victory":true,"max_hp_per_floor":[75,75,75,75,75,75,75,75,75,77,77,77,77,79,79,79,79,81,81,83,83,83,85,85,87,87,87,87,87,87,87,87,89,89,91,91,93,95,95,97,97,99,109,109,109,109,111,111,111,111],"card_choices":[{"not_picked":["All For One","Core Surge"],"picked":"Rainbow","floor":0},{"not_picked":["Stack","Streamline","Ball Lightning"],"picked":"SKIP","floor":1},{"not_picked":["Loop","Cold Snap"],"picked":"Fission","floor":7},{"not_picked":["Leap","Cold Snap","Machine Learning"],"picked":"Singing Bowl","floor":10},{"not_picked":["Streamline","Auto Shields"],"picked":"Compile Driver","floor":11},{"not_picked":["Skim","Doom and Gloom"],"picked":"Loop","floor":13},{"not_picked":["Static Discharge","Beam Cell","Reprogram"],"picked":"Singing Bowl","floor":14},{"not_picked":["Echo Form","Creative AI"],"picked":"Rainbow","floor":16},{"not_picked":["BootSequence"],"picked":"Singing Bowl","floor":18},{"not_picked":["Aggregate"],"picked":"Singing Bowl","floor":20},{"not_picked":["Turbo"],"picked":"Singing Bowl","floor":23},{"not_picked":["Tempest"],"picked":"Singing Bowl","floor":25},{"not_picked":[],"picked":"Ball Lightning+1","floor":27},{"not_picked":[],"picked":"Loop","floor":28},{"not_picked":["Buffer"],"picked":"Singing Bowl","floor":33},{"not_picked":["Tempest"],"picked":"Singing Bowl","floor":35},{"not_picked":["Cold Snap+1"],"picked":"Singing Bowl","floor":37},{"not_picked":["Sweeping Beam+1"],"picked":"Singing Bowl","floor":38},{"not_picked":[],"picked":"Hologram+1","floor":39},{"not_picked":["Hologram"],"picked":"Singing Bowl","floor":40},{"not_picked":["Tempest"],"picked":"Singing Bowl","floor":42},{"not_picked":["Cold Snap+1"],"picked":"Singing Bowl","floor":47}],"player_experience":1096069,"relics_obtained":[{"floor":5,"key":"Singing Bowl"},{"floor":9,"key":"Blue Candle"},{"floor":10,"key":"Bronze Scales"},{"floor":23,"key":"Ginger"},{"floor":25,"key":"Du-Vu Doll"},{"floor":26,"key":"Molten Egg 2"},{"floor":27,"key":"Orichalcum"},{"floor":38,"key":"Torii"},{"floor":39,"key":"StoneCalendar"},{"floor":40,"key":"Juzu Bracelet"},{"floor":42,"key":"Centennial Puzzle"},{"floor":43,"key":"Pear"}],"event_choices":[{"damage_healed":0,"gold_gain":0,"player_choice":"Take Damage","damage_taken":18,"relics_obtained":["Golden Idol"],"max_hp_gain":0,"max_hp_loss":0,"event_name":"Golden Idol","floor":2,"gold_loss":0},{"damage_healed":0,"gold_gain":0,"player_choice":"Success","damage_taken":7,"relics_obtained":["Lantern"],"max_hp_gain":0,"max_hp_loss":0,"event_name":"Scrap Ooze","floor":4,"gold_loss":0},{"damage_healed":0,"gold_gain":0,"player_choice":"Entered Light","damage_taken":15,"max_hp_gain":0,"max_hp_loss":0,"event_name":"Shining Light","floor":8,"gold_loss":0,"cards_upgraded":["Zap","Fission"]},{"damage_healed":0,"gold_gain":99,"player_choice":"Stole From Cult","damage_taken":0,"max_hp_gain":0,"max_hp_loss":0,"event_name":"Nest","floor":19,"gold_loss":0},{"damage_healed":0,"gold_gain":0,"player_choice":"Stole Relic","damage_taken":0,"relics_obtained":["Thread and Needle"],"max_hp_gain":0,"max_hp_loss":0,"event_name":"Addict","floor":21,"gold_loss":0,"cards_obtained":["Shame"]},{"damage_healed":0,"gold_gain":0,"player_choice":"Fight","damage_taken":0,"max_hp_gain":0,"max_hp_loss":0,"event_name":"Mysterious Sphere","floor":38,"gold_loss":0},{"damage_healed":0,"gold_gain":0,"player_choice":"Fight","damage_taken":0,"max_hp_gain":0,"max_hp_loss":0,"event_name":"MindBloom","floor":39,"gold_loss":0},{"damage_healed":0,"gold_gain":0,"player_choice":"Ignored","damage_taken":0,"max_hp_gain":0,"max_hp_loss":0,"event_name":"Tomb of Lord Red Mask","floor":44,"gold_loss":0}],"is_beta":true,"boss_relics":[{"not_picked":["FrozenCore","Coffee Dripper"],"picked":"Busted Crown"},{"not_picked":["Tiny House","Philosopher\u0027s Stone"],"picked":"Sozu"}],"items_purged_floors":[22,29],"is_endless":false,"potions_floor_spawned":[7,13,14,20,23,25,28,37,40,42],"ascension_level":1}