{"gold_per_floor":[115,115,115,69,79,79,95,105,105,135,152,162,174,174,174,174],"floor_reached":16,"playtime":1685,"items_purged":[],"score":104,"play_id":"c8cdba11-a3a1-4557-9edb-99f63859da28","local_time":"20181122184948","is_ascension_mode":false,"campfire_choices":[{"data":"Pommel Strike","floor":6,"key":"SMITH"},{"data":"Thunderclap","floor":15,"key":"SMITH"}],"neow_cost":"","seed_source_timestamp":77294044086252,"circlet_count":0,"master_deck":["Strike_R","Strike_R","Strike_R","Strike_R","Defend_R","Defend_R","Defend_R","Defend_R","Bash","Metallicize","Combust","Pommel Strike+1","Pommel Strike","Clothesline","Dropkick","Sword Boomerang","Reaper","Thunderclap+1","Thunderclap"],"relics":["Burning Blood","Blood Vial","Gremlin Horn"],"potions_floor_usage":[12],"damage_taken":[{"damage":2,"enemies":"2 Louse","floor":1,"turns":3},{"damage":3,"enemies":"Cultist","floor":5,"turns":3},{"damage":3,"enemies":"Jaw Worm","floor":7,"turns":3},{"damage":14,"enemies":"Blue Slaver","floor":8,"turns":3},{"damage":23,"enemies":"3 Sentries","floor":10,"turns":8},{"damage":7,"enemies":"Exordium Wildlife","floor":11,"turns":3},{"damage":10,"enemies":"Red Slaver","floor":12,"turns":4},{"damage":19,"enemies":"Lots of Slimes","floor":13,"turns":2},{"damage":76,"enemies":"The Guardian","floor":16,"turns":11}],"seed_played":"6970899235218889228","potions_obtained":[{"floor":1,"key":"Dexterity Potion"},{"floor":11,"key":"SteroidPotion"},{"floor":12,"key":"Fruit Juice"},{"floor":13,"key":"Ancient Potion"}],"is_trial":false,"path_per_floor":["M","$","?","$","M","R","M","M","T","E","M","M","M","?","R","B"],"character_chosen":"IRONCLAD","items_purchased":["Pommel Strike"],"campfire_rested":0,"item_purchase_floors":[4],"current_hp_per_floor":[80,80,80,80,80,80,80,72,72,57,58,61,72,72,72,0],"gold":174,"neow_bonus":"","is_prod":false,"is_daily":false,"chose_seed":false,"campfire_upgraded":2,"win_rate":0.0,"timestamp":1542930588,"path_taken":["M","$","?","?","M","R","M","M","T","E","?","M","M","?","R","BOSS"],"build_version":"2018-11-15","purchased_purges":0,"victory":false,"max_hp_per_floor":[80,80,80,80,80,80,80,80,80,80,80,85,85,85,85,85],"card_choices":[{"not_picked":["Entrench","Cleave"],"picked":"Metallicize","floor":1},{"not_picked":["Whirlwind","Reckless Charge"],"picked":"Pommel Strike","floor":5},{"not_picked":["Thunderclap","Anger"],"picked":"Clothesline","floor":7},{"not_picked":["Warcry","Uppercut"],"picked":"Dropkick","floor":8},{"not_picked":["Perfected Strike","Inflame"],"picked":"Sword Boomerang","floor":10},{"not_picked":["Dual Wield","Bloodletting"],"picked":"Reaper","floor":11},{"not_picked":["Clash","Pommel Strike"],"picked":"Thunderclap","floor":12},{"not_picked":["Pommel Strike","Combust"],"picked":"Thunderclap","floor":13}],"player_experience":0,"relics_obtained":[{"floor":9,"key":"Blood Vial"},{"floor":10,"key":"Gremlin Horn"}],"event_choices":[{"damage_healed":0,"gold_gain":0,"cards_transformed":["Strike_R"],"player_choice":"Transformed","damage_taken":0,"max_hp_gain":0,"max_hp_loss":0,"event_name":"Transmorgrifier","floor":3,"gold_loss":0,"cards_obtained":["Combust"]},{"damage_healed":0,"gold_gain":0,"player_choice":"Leave","damage_taken":0,"max_hp_gain":0,"max_hp_loss":0,"event_name":"The Cleric","floor":14,"gold_loss":0}],"is_beta":false,"boss_relics":[],"items_purged_floors":[],"is_endless":false,"potions_floor_spawned":[1,11,12,13],"killed_by":"The Guardian","ascension_level":0}