{"gold_per_floor":[16,16,28,42,117,117,135,135,135,135,135,150,183,202,202,300,300,240,240,240,240],"floor_reached":21,"playtime":1127,"items_purged":[],"score":253,"play_id":"c922bd3e-daf8-42ed-96b6-93233b94a7da","local_time":"20190109032458","is_ascension_mode":true,"campfire_choices":[{"data":"Multi-Cast","floor":6,"key":"SMITH"},{"floor":8,"key":"REST"},{"data":"Zap","floor":11,"key":"SMITH"},{"data":"Sunder","floor":15,"key":"SMITH"}],"neow_cost":"NO_GOLD","seed_source_timestamp":1840761874432397,"circlet_count":0,"master_deck":["Strike_B","Defend_B","Defend_B","Defend_B","Defend_B","Zap+1","Dualcast","Multi-Cast+1","Heatsinks","Compile Driver","Chill","Leap","Static Discharge","Heatsinks","Chaos","Chaos","Sunder+1","Electrodynamics","Steam","Cold Snap+1"],"relics":["Cracked Core","Bag of Marbles","Ornamental Fan","Ectoplasm"],"potions_floor_usage":[13,13,13,16],"damage_taken":[{"damage":0,"enemies":"Cultist","floor":1,"turns":3},{"damage":2,"enemies":"Jaw Worm","floor":3,"turns":3},{"damage":0,"enemies":"2 Louse","floor":4,"turns":2},{"damage":27,"enemies":"Gremlin Gang","floor":7,"turns":7},{"damage":2,"enemies":"Large Slime","floor":12,"turns":7},{"damage":33,"enemies":"Gremlin Nob","floor":13,"turns":4},{"damage":1,"enemies":"Blue Slaver","floor":14,"turns":4},{"damage":24,"enemies":"Slime Boss","floor":16,"turns":8},{"damage":32,"enemies":"2 Thieves","floor":18,"turns":3},{"damage":9,"enemies":"Chosen","floor":20,"turns":4},{"damage":23,"enemies":"Snake Plant","floor":21,"turns":3}],"seed_played":"-5096520885107157482","potions_obtained":[{"floor":1,"key":"Energy Potion"},{"floor":7,"key":"PowerPotion"},{"floor":12,"key":"Regen Potion"},{"floor":14,"key":"LiquidBronze"}],"is_trial":false,"path_per_floor":["M","$","M","M","?","R","M","R","T","?","R","M","E","M","R","B",null,"M","?","M","M"],"character_chosen":"DEFECT","items_purchased":[],"campfire_rested":1,"item_purchase_floors":[],"current_hp_per_floor":[68,68,66,66,55,55,28,50,50,50,50,48,27,26,26,2,57,25,25,16,0],"gold":240,"neow_bonus":"TRANSFORM_TWO_CARDS","is_prod":false,"is_daily":false,"chose_seed":false,"campfire_upgraded":3,"win_rate":0,"timestamp":1547022298,"path_taken":["M","$","?","M","?","R","M","R","T","?","R","M","E","?","R","BOSS","M","?","M","M"],"build_version":"2019-01-03v4","purchased_purges":0,"victory":false,"max_hp_per_floor":[75,75,75,75,75,75,75,75,75,75,75,75,75,75,75,75,75,75,75,75,75],"card_choices":[{"not_picked":["Reinforced Body","Scrape"],"picked":"Compile Driver","floor":1},{"not_picked":["Aggregate","Ball Lightning"],"picked":"Chill","floor":3},{"not_picked":["Stack","Undo"],"picked":"Leap","floor":4},{"not_picked":["Redo","Double Energy"],"picked":"Static Discharge","floor":7},{"not_picked":["Blizzard","Skim"],"picked":"Chaos","floor":12},{"not_picked":["Recycle","Darkness"],"picked":"Chaos","floor":13},{"not_picked":["Compile Driver","Coolheaded"],"picked":"Sunder","floor":14},{"not_picked":["Reboot","Biased Cognition"],"picked":"Electrodynamics","floor":16},{"not_picked":["Rebound","Heatsinks+1"],"picked":"Steam","floor":18},{"not_picked":["Compile Driver","Hologram"],"picked":"Cold Snap+1","floor":20}],"player_experience":441152,"relics_obtained":[{"floor":9,"key":"Bag of Marbles"},{"floor":13,"key":"Ornamental Fan"}],"event_choices":[{"damage_healed":0,"gold_gain":75,"player_choice":"Gather Gold","damage_taken":11,"max_hp_gain":0,"max_hp_loss":0,"event_name":"World of Goop","floor":5,"gold_loss":0},{"damage_healed":0,"gold_gain":0,"cards_transformed":["Strike_B"],"player_choice":"Transformed","damage_taken":0,"max_hp_gain":0,"max_hp_loss":0,"event_name":"Transmorgrifier","floor":10,"gold_loss":0,"cards_obtained":["Heatsinks"]},{"damage_healed":0,"gold_gain":0,"player_choice":"Ignored","damage_taken":0,"max_hp_gain":0,"max_hp_loss":0,"event_name":"Vampires","floor":19,"gold_loss":0}],"is_beta":false,"boss_relics":[{"not_picked":["Sozu","Runic Pyramid"],"picked":"Ectoplasm"}],"items_purged_floors":[],"is_endless":false,"potions_floor_spawned":[1,7,12,14],"killed_by":"Snake Plant","ascension_level":8}