{"path_per_floor":["M","M","M","M","M","R","M","R","T","?","R","M","E","?","R","B",null,"M","M","?","?","?","R","E","M","T","T","M","R","M","$","R","B",null,"M","?","$","$","M","R","E","R","T","M","?","R","M"],"character_chosen":"THE_SILENT","items_purchased":["Well Laid Plans","Mercury Hourglass","Backstab","Block Potion","Prepared","Block Potion"],"gold_per_floor":[109,122,142,158,176,176,187,187,187,187,187,201,266,233,233,338,338,350,369,404,374,374,374,404,420,443,496,508,508,524,42,42,139,169,185,185,132,81,98,98,128,128,128,139,139,139,139,139],"floor_reached":48,"campfire_rested":4,"playtime":3303,"current_hp_per_floor":[62,62,62,51,50,50,43,43,43,29,29,29,44,44,44,9,59,59,59,22,22,47,47,27,42,42,42,27,49,25,25,47,37,71,69,69,69,69,50,50,11,35,35,6,6,30,30,0],"items_purged":["Strike_G"],"gold":139,"score":627,"play_id":"4c156d10-d413-47a9-95cb-58b6dba1bf60","local_time":"20180521144627","is_prod":false,"is_daily":false,"chose_seed":false,"is_ascension_mode":true,"campfire_upgraded":6,"timestamp":1526939187,"campfire_choices":[{"data":"Neutralize","floor":6,"key":"SMITH"},{"data":"Finisher","floor":8,"key":"SMITH"},{"data":"Underhanded Strike","floor":11,"key":"SMITH"},{"data":"Noxious Fumes","floor":15,"key":"SMITH"},{"data":"Calculated Gamble","floor":23,"key":"SMITH"},{"floor":29,"key":"REST"},{"floor":32,"key":"REST"},{"data":"Survivor","floor":40,"key":"SMITH"},{"floor":42,"key":"REST"},{"floor":46,"key":"REST"}],"path_taken":["M","M","M","M","M","R","M","R","T","?","R","M","E","?","R","BOSS","M","M","?","?","?","R","E","?","T","?","M","R","M","$","R","BOSS","M","?","?","$","M","R","E","R","T","M","?","R","M","M"],"build_version":"2018-05-17","seed_source_timestamp":1766680850909,"purchased_purges":1,"victory":false,"master_deck":["Defend_G","Defend_G","Defend_G","Defend_G","Strike_G","Strike_G+1","Strike_G+1","Survivor+1","Neutralize+1","Dagger Spray","Finisher+1","Dagger Throw","Calculated Gamble+1","Underhanded Strike+1","Noxious Fumes+1","Adrenaline","Noxious Fumes+1","Backstab","Dodge and Roll+1","Bane","Venomology+1","Well Laid Plans+1","Backstab","Corpse Explosion","Dash","Prepared+1","Eviscerate+1"],"max_hp_per_floor":[70,70,70,70,70,70,70,70,70,70,70,70,75,75,75,75,75,75,75,75,75,75,75,75,75,75,75,75,75,75,75,75,75,80,80,80,80,80,80,80,80,80,80,80,80,80,80,80],"relics":["Ring of the Snake","Tough Bandages","Tiny Chest","Lizard Tail","Red Mask","Toxic Egg 2","Juzu Bracelet","Oddly Smooth Stone","Mercury Hourglass","Tiny House","Boot","Dodecahedron"],"card_choices":[{"not_picked":["Backflip","Poisoned Stab"],"picked":"Dagger Spray","floor":1},{"not_picked":["Concentrate","Deadly Poison"],"picked":"Finisher","floor":2},{"not_picked":["Heel Hook","Dagger Spray","Backflip"],"picked":"SKIP","floor":3},{"not_picked":["Leg Sweep","Phantasmal Killer"],"picked":"Dagger Throw","floor":4},{"not_picked":["Quick Slash","Choke"],"picked":"Calculated Gamble","floor":5},{"not_picked":["Quick Slash","Masterful Stab"],"picked":"Underhanded Strike","floor":7},{"not_picked":["Sucker Punch","Deflect"],"picked":"Noxious Fumes","floor":12},{"not_picked":["PiercingWail","Expertise","Distraction"],"picked":"SKIP","floor":13},{"not_picked":["Phantasmal Killer","Envenom"],"picked":"Adrenaline","floor":16},{"not_picked":["Dagger Throw","Crippling Poison"],"picked":"Noxious Fumes+1","floor":18},{"not_picked":["Finisher+1","PiercingWail","Deadly Poison+1"],"picked":"SKIP","floor":19},{"not_picked":["Deflect","Riddle With Holes"],"picked":"Backstab","floor":20},{"not_picked":["Dagger Throw+1","Crippling Poison"],"picked":"Dodge and Roll","floor":24},{"not_picked":["Skewer","Setup+1"],"picked":"Bane","floor":25},{"not_picked":["Deflect+1","Bane"],"picked":"Venomology+1","floor":28},{"not_picked":["Predator","Dagger Spray","Blade Dance+1"],"picked":"SKIP","floor":30},{"not_picked":["Glass Knife","Bullet Time+1"],"picked":"Corpse Explosion","floor":33},{"not_picked":["PiercingWail+1","Calculated Gamble+1"],"picked":"Dash","floor":34},{"not_picked":["Well Laid Plans+1","Bane","Sucker Punch+1"],"picked":"SKIP","floor":35},{"not_picked":["Endless Agony+1","Deflect+1","Tools of the Trade"],"picked":"SKIP","floor":39},{"not_picked":["Poisoned Stab+1","Dodge and Roll+1"],"picked":"Eviscerate+1","floor":41},{"not_picked":["Flying Knee","Outmaneuver+1","PiercingWail+1"],"picked":"SKIP","floor":44}],"player_experience":627116,"potions_floor_usage":[13,13,16,24,25,30,33,33,41,41,41,41,47,48,48],"damage_taken":[{"damage":1,"enemies":"Jaw Worm","floor":1,"turns":5},{"damage":0,"enemies":"Small Slimes","floor":2,"turns":4},{"damage":0,"enemies":"2 Louse","floor":3,"turns":3},{"damage":11,"enemies":"Looter","floor":4,"turns":3},{"damage":1,"enemies":"Blue Slaver","floor":5,"turns":4},{"damage":7,"enemies":"2 Fungi Beasts","floor":7,"turns":3},{"damage":0,"enemies":"3 Louse","floor":12,"turns":3},{"damage":4,"enemies":"3 Sentries","floor":13,"turns":5},{"damage":35,"enemies":"Hexaghost","floor":16,"turns":10},{"damage":0,"enemies":"Spheric Guardian","floor":18,"turns":3},{"damage":0,"enemies":"2 Thieves","floor":19,"turns":4},{"damage":37,"enemies":"Masked Bandits","floor":20,"turns":5},{"damage":20,"enemies":"Book of Stabbing","floor":24,"turns":6},{"damage":0,"enemies":"Centurion and Healer","floor":25,"turns":6},{"damage":15,"enemies":"Chosen and Byrds","floor":28,"turns":5},{"damage":24,"enemies":"Snecko","floor":30,"turns":6},{"damage":48,"enemies":"Collector","floor":33,"turns":9},{"damage":2,"enemies":"Orb Walker","floor":35,"turns":4},{"damage":19,"enemies":"3 Darklings","floor":39,"turns":5},{"damage":39,"enemies":"2 Orb Walkers","floor":41,"turns":6},{"damage":29,"enemies":"4 Shapes","floor":44,"turns":5},{"damage":0,"enemies":"Sphere and 2 Shapes","floor":47,"turns":1},{"damage":36,"enemies":"Maw","floor":48,"turns":7}],"relics_obtained":[{"floor":9,"key":"Tough Bandages"},{"floor":13,"key":"Tiny Chest"},{"floor":20,"key":"Red Mask"},{"floor":24,"key":"Toxic Egg 2"},{"floor":26,"key":"Juzu Bracelet"},{"floor":27,"key":"Oddly Smooth Stone"},{"floor":41,"key":"Boot"},{"floor":43,"key":"Dodecahedron"}],"event_choices":[{"event_name":"Shining Light","player_choice":"Entered Light","floor":10,"damage_taken":0},{"event_name":"World of Goop","player_choice":"Left","floor":14,"damage_taken":0},{"event_name":"Masked Bandits","player_choice":"Fought over 369 gold","floor":20,"damage_taken":0},{"event_name":"The Woman in Blue","player_choice":"Bought 2 Potions","floor":21,"damage_taken":0},{"event_name":"The Library","player_choice":"Heal","floor":22,"damage_taken":0},{"event_name":"Mysterious Sphere","player_choice":"Ignore","floor":36,"damage_taken":0}],"boss_relics":[{"not_picked":["Ectoplasm","Philosopher\u0027s Stone"],"picked":"Lizard Tail"},{"not_picked":["Runic Pyramid","Sozu"],"picked":"Tiny House"}],"potions_floor_spawned":[3,4,5,7,12,19,20,33,39,41],"seed_played":"-6872854505046881642","killed_by":"Maw","ascension_level":6,"potions_obtained":[{"floor":3,"key":"Ancient Potion"},{"floor":4,"key":"PowerPotion"},{"floor":5,"key":"Regen Potion"},{"floor":7,"key":"SkillPotion"},{"floor":12,"key":"Fruit Juice"},{"floor":19,"key":"Regen Potion"},{"floor":20,"key":"Block Potion"},{"floor":21,"key":"Dexterity Potion"},{"floor":33,"key":"LiquidBronze"},{"floor":34,"key":"Weak Potion"},{"floor":41,"key":"LiquidBronze"}],"is_trial":false}