{"path_per_floor":["M","?","?","?","$","R","E","R","T","E","T","M","R","M","R","B",null,"M","M","$","?","?","E","R","E","T","R","E","?","M","M","R","B",null,"M","M","M","?","M","R","M","R","T","E","$","R","?","?","R"],"character_chosen":"DEFECT","items_purchased":["Finesse","Dodecahedron"],"gold_per_floor":[116,116,116,116,41,41,69,69,69,103,153,172,172,185,185,283,283,294,304,104,104,104,129,129,160,160,160,190,115,125,137,137,241,241,258,278,290,343,359,359,378,378,429,456,194,194,194,194,194,194],"floor_reached":50,"campfire_rested":3,"playtime":2938,"current_hp_per_floor":[64,64,49,74,74,74,66,66,66,58,58,58,58,58,82,42,82,70,70,70,57,57,25,50,21,21,46,35,35,41,48,56,38,57,57,45,57,57,57,57,55,57,57,60,60,67,67,59,67,0],"items_purged":["Strike_B","Defend_B"],"gold":194,"score":559,"play_id":"e40918d5-f2f2-4375-af2c-99589f7bafbe","local_time":"20180510124324","is_prod":false,"is_daily":false,"chose_seed":false,"is_ascension_mode":false,"campfire_upgraded":5,"timestamp":1525949004,"path_taken":["M","?","?","?","$","R","E","R","T","E","?","?","R","M","R","BOSS","M","M","$","?","?","E","R","E","T","R","E","?","M","?","R","BOSS","M","M","M","?","M","R","M","R","T","E","$","R","?","?","R","BOSS"],"build_version":"2018-05-08","seed_source_timestamp":9022620091266,"purchased_purges":2,"victory":false,"master_deck":["Defend_B+1","Zap+1","Dualcast+1","Steam","Leap+1","Leap+1","Beam Cell","Machine Learning","Auto Shields+1","Beam Cell+1","Finesse+1","Bite","Bite","Bite","Bite","Bite","All For One","Reinforced Body+1","FTL+1","Ball Lightning+1","Go for the Eyes","Reboot","Hologram+1","Tempest+1","Chill+1","Rebound+1","Ball Lightning+1","Steam","Finesse","Madness","Madness"],"max_hp_per_floor":[75,75,75,75,75,75,75,75,75,82,82,82,82,82,82,82,82,82,82,82,57,57,57,57,57,57,57,57,57,57,57,57,57,57,57,57,57,57,57,57,57,57,57,67,67,67,67,67,67,67],"relics":["Cracked Core","Kunai","Turnip","Strawberry","Prayer Wheel","Eternal Feather","Calipers","Peace Pipe","Lantern","Letter Opener","Happy Flower","Sozu","Torii","Dream Catcher","Pear","Dodecahedron"],"card_choices":[{"not_picked":["Turbo","Skim"],"picked":"Steam","floor":1},{"not_picked":["Barrage","Force Field"],"picked":"Leap","floor":7},{"not_picked":["Cold Snap","Fusion"],"picked":"Leap","floor":10},{"not_picked":["Leap","Static Discharge"],"picked":"Beam Cell","floor":12},{"not_picked":["Axe Kick","Barrage"],"picked":"Sunder","floor":14},{"not_picked":["Fission","Fusion"],"picked":"Machine Learning","floor":16},{"not_picked":["Steam Power","Sweeping Beam"],"picked":"Auto Shields","floor":18},{"not_picked":["Steam","Barrage"],"picked":"Beam Cell","floor":19},{"not_picked":["Blizzard","Turbo"],"picked":"All For One","floor":23},{"not_picked":["Chill","Heatsinks"],"picked":"Reinforced Body","floor":25},{"not_picked":["Sweeping Beam","Storm"],"picked":"FTL","floor":26},{"not_picked":["Axe Kick","Amplify"],"picked":"Ball Lightning","floor":28},{"not_picked":["Sweeping Beam","Force Field"],"picked":"Go for the Eyes","floor":30},{"not_picked":["Biased Cognition","Amplify"],"picked":"Reboot","floor":33},{"not_picked":["Skim","Steam"],"picked":"Hologram","floor":35},{"not_picked":["Skim","Ball Lightning"],"picked":"Tempest","floor":37},{"not_picked":["Skim","Coolheaded"],"picked":"Chill","floor":38},{"not_picked":["Loop","Stack"],"picked":"Rebound","floor":39},{"not_picked":["Barrage","Rebound"],"picked":"Ball Lightning","floor":41},{"not_picked":["Undo","Steam Power"],"picked":"Steam","floor":44},{"not_picked":["Deep Breath","Good Instincts"],"picked":"Finesse","floor":47}],"player_experience":64077,"potions_floor_usage":[33,33,33],"damage_taken":[{"damage":11,"enemies":"Jaw Worm","floor":1,"turns":2},{"damage":8,"enemies":"3 Sentries","floor":7,"turns":8},{"damage":15,"enemies":"Gremlin Nob","floor":10,"turns":5},{"damage":0,"enemies":"Cultist","floor":12,"turns":4},{"damage":0,"enemies":"2 Louse","floor":14,"turns":3},{"damage":40,"enemies":"The Guardian","floor":16,"turns":11},{"damage":12,"enemies":"Shell Parasite","floor":18,"turns":8},{"damage":0,"enemies":"3 Byrds","floor":19,"turns":5},{"damage":48,"enemies":"Slavers","floor":23,"turns":9},{"damage":43,"enemies":"Book of Stabbing","floor":25,"turns":8},{"damage":27,"enemies":"Gremlin Leader","floor":28,"turns":8},{"damage":4,"enemies":"Cultist and Chosen","floor":30,"turns":5},{"damage":3,"enemies":"Centurion and Healer","floor":31,"turns":5},{"damage":26,"enemies":"Champ","floor":33,"turns":8},{"damage":0,"enemies":"Orb Walker","floor":35,"turns":3},{"damage":20,"enemies":"3 Darklings","floor":36,"turns":6},{"damage":0,"enemies":"Maw","floor":37,"turns":7},{"damage":0,"enemies":"Mysterious Sphere","floor":38,"turns":4},{"damage":1,"enemies":"Spire Growth","floor":39,"turns":5},{"damage":6,"enemies":"Sphere and 2 Shapes","floor":41,"turns":5},{"damage":14,"enemies":"2 Orb Walkers","floor":44,"turns":7},{"damage":82,"enemies":"Donu and Deca","floor":50,"turns":7}],"event_choices":[{"event_name":"Accursed Blacksmith","player_choice":"Forge","floor":2,"damage_taken":0},{"event_name":"Shining Light","player_choice":"Entered Light","floor":3,"damage_taken":0},{"event_name":"Big Fish","player_choice":"Banana","floor":4,"damage_taken":0},{"event_name":"Vampires","player_choice":"Became a vampire","floor":21,"damage_taken":0},{"event_name":"The Mausoleum","player_choice":"Yes","floor":22,"damage_taken":0},{"event_name":"Beggar","player_choice":"Gave Gold","floor":29,"damage_taken":0},{"event_name":"Mysterious Sphere","player_choice":"Fight","floor":38,"damage_taken":0},{"event_name":"SensoryStone","player_choice":"Memory 1","floor":47,"damage_taken":0},{"event_name":"Winding Halls","player_choice":"Embrace Madness","floor":48,"damage_taken":0}],"boss_relics":[{"not_picked":["Snecko Eye","Inserter"],"picked":"Eternal Feather"},{"not_picked":["Black Star","White Beast Statue"],"picked":"Sozu"}],"potions_floor_spawned":[14,25,28,33,35,37],"seed_played":"-6256608446655399244","killed_by":"Donu and Deca","ascension_level":0,"is_trial":false}