{"gold_per_floor":[109,9,84,84,84,112,112,127,127,127,27,27,58,70,70,175,175,193,213,232,232],"floor_reached":21,"playtime":733,"items_purged":["Strike_G","Regret"],"score":276,"play_id":"03103fdf-0650-43dc-9cc9-971123c29ae5","local_time":"20190106011029","is_ascension_mode":true,"campfire_choices":[{"data":"A Thousand Cuts","floor":10,"key":"SMITH"},{"data":"Neutralize","floor":12,"key":"SMITH"},{"data":"Sucker Punch","floor":15,"key":"SMITH"}],"neow_cost":"NONE","seed_source_timestamp":1573901298944294,"circlet_count":0,"master_deck":["Defend_G","Defend_G","Defend_G","Defend_G","Defend_G","Strike_G","Strike_G","Strike_G","Strike_G","Survivor","Neutralize+1","Heel Hook","Sucker Punch+1","Dagger Throw","A Thousand Cuts+1","Flying Knee+1","Die Die Die+1","Heel Hook+1","All Out Attack+1","Cloak And Dagger"],"relics":["Ring of the Snake","NeowsBlessing","Pear","Sundial","Juzu Bracelet","Molten Egg 2","HoveringKite"],"potions_floor_usage":[13,16,18,19],"damage_taken":[{"damage":0,"enemies":"2 Louse","floor":1,"turns":1},{"damage":0,"enemies":"Gremlin Nob","floor":6,"turns":1},{"damage":0,"enemies":"Small Slimes","floor":8,"turns":1},{"damage":16,"enemies":"Lagavulin","floor":13,"turns":6},{"damage":4,"enemies":"Jaw Worm","floor":14,"turns":2},{"damage":27,"enemies":"Hexaghost","floor":16,"turns":10},{"damage":17,"enemies":"2 Thieves","floor":18,"turns":3},{"damage":14,"enemies":"Shell Parasite","floor":19,"turns":6},{"damage":30,"enemies":"Snake Plant","floor":20,"turns":4},{"damage":4,"enemies":"Chosen and Byrds","floor":21,"turns":1}],"seed_played":"8488716116570097146","potions_obtained":[{"floor":1,"key":"Dexterity Potion"},{"floor":8,"key":"Block Potion"},{"floor":14,"key":"Strength Potion"},{"floor":16,"key":"SteroidPotion"},{"floor":18,"key":"Block Potion"},{"floor":20,"key":"Poison Potion"}],"is_trial":false,"path_per_floor":["M","$","?","?","T","E","?","M","T","R","$","R","E","M","R","B",null,"M","M","M","M"],"character_chosen":"THE_SILENT","items_purchased":["Sucker Punch"],"campfire_rested":0,"item_purchase_floors":[2],"current_hp_per_floor":[63,63,52,62,62,62,62,62,62,62,62,62,46,42,42,15,64,47,33,3,0],"gold":232,"neow_bonus":"THREE_ENEMY_KILL","is_prod":false,"is_daily":false,"chose_seed":false,"campfire_upgraded":3,"win_rate":0,"timestamp":1546755029,"path_taken":["M","$","?","?","?","E","?","M","T","R","?","R","E","M","R","BOSS","M","M","M","M"],"build_version":"2019-01-03v4","purchased_purges":2,"victory":false,"max_hp_per_floor":[70,70,70,80,80,80,80,80,80,80,80,80,80,80,80,80,80,80,80,80,80],"card_choices":[{"not_picked":["Prepared","Underhanded Strike"],"picked":"Heel Hook","floor":1},{"not_picked":["Setup","Outmaneuver"],"picked":"Dagger Throw","floor":6},{"not_picked":["Reflex","Bouncing Flask"],"picked":"A Thousand Cuts","floor":8},{"not_picked":["Dagger Throw","Skewer"],"picked":"Flying Knee","floor":13},{"not_picked":["Finisher+1","Outmaneuver","Flechettes+1"],"picked":"SKIP","floor":14},{"not_picked":["Tools of the Trade","Bullet Time"],"picked":"Die Die Die+1","floor":16},{"not_picked":["Dagger Throw+1","Terror"],"picked":"Heel Hook+1","floor":18},{"not_picked":["Dagger Spray+1","Concentrate+1"],"picked":"All Out Attack+1","floor":19},{"not_picked":["Flying Knee+1","Finisher+1"],"picked":"Cloak And Dagger","floor":20}],"player_experience":355001,"relics_obtained":[{"floor":5,"key":"Sundial"},{"floor":6,"key":"Juzu Bracelet"},{"floor":13,"key":"Molten Egg 2"}],"event_choices":[{"damage_healed":0,"gold_gain":75,"player_choice":"Gather Gold","damage_taken":11,"max_hp_gain":0,"max_hp_loss":0,"event_name":"World of Goop","floor":3,"gold_loss":0},{"damage_healed":0,"gold_gain":0,"player_choice":"Box","damage_taken":0,"relics_obtained":["Pear"],"max_hp_gain":0,"max_hp_loss":0,"event_name":"Big Fish","floor":4,"gold_loss":0,"cards_obtained":["Regret"]},{"damage_healed":0,"gold_gain":0,"player_choice":"Ignored","damage_taken":0,"max_hp_gain":0,"max_hp_loss":0,"event_name":"Liars Game","floor":7,"gold_loss":0}],"is_beta":false,"boss_relics":[{"not_picked":["Runic Dome","Runic Pyramid"],"picked":"HoveringKite"}],"items_purged_floors":[2,11],"is_endless":false,"potions_floor_spawned":[1,8,14,16,18,20],"killed_by":"Chosen and Byrds","ascension_level":6}