{"gold_per_floor":[118,137,137,137,137,137,154,154,181,151,170,201,201,220,220,317,317,333,193,212,212,212,241,241,241],"floor_reached":25,"playtime":1399,"items_purged":[],"score":329,"play_id":"d09a7ded-2f36-4ecd-b12c-7e9f9f74be1d","local_time":"20190114014658","is_ascension_mode":true,"campfire_choices":[{"data":"True Grit","floor":6,"key":"SMITH"},{"data":"Metallicize","floor":8,"key":"SMITH"},{"data":"Demon Form","floor":13,"key":"SMITH"},{"floor":15,"key":"REST"},{"floor":24,"key":"REST"}],"neow_cost":"NONE","seed_source_timestamp":2266602687892532,"circlet_count":0,"master_deck":["AscendersBane","Strike_R","Strike_R","Defend_R","Defend_R","Defend_R","Defend_R","Bash","Thunderclap","True Grit+1","Metallicize+1","Feel No Pain","Demon Form+1","Combust","Battle Trance","Offering","Pummel+1","Intimidate+1","Searing Blow+1","Hemokinesis+1","Dark Embrace","True Grit","Uppercut","Metallicize"],"relics":["Burning Blood","Bronze Scales","Lantern","Pen Nib","Dream Catcher","Astrolabe","NlothsMask","Bottled Tornado"],"potions_floor_usage":[14,16,16,23,25],"damage_taken":[{"damage":9,"enemies":"Small Slimes","floor":1,"turns":4},{"damage":6,"enemies":"Cultist","floor":2,"turns":3},{"damage":2,"enemies":"Jaw Worm","floor":7,"turns":3},{"damage":2,"enemies":"2 Fungi Beasts","floor":11,"turns":3},{"damage":21,"enemies":"Lagavulin","floor":12,"turns":10},{"damage":31,"enemies":"Exordium Thugs","floor":14,"turns":7},{"damage":18,"enemies":"The Guardian","floor":16,"turns":9},{"damage":10,"enemies":"Spheric Guardian","floor":18,"turns":5},{"damage":26,"enemies":"2 Thieves","floor":20,"turns":4},{"damage":43,"enemies":"Book of Stabbing","floor":23,"turns":6},{"damage":41,"enemies":"Gremlin Leader","floor":25,"turns":6}],"seed_played":"4597434746017101286","potions_obtained":[{"floor":2,"key":"Weak Potion"},{"floor":10,"key":"Regen Potion"},{"floor":10,"key":"Strength Potion"},{"floor":18,"key":"Weak Potion"},{"floor":20,"key":"AttackPotion"},{"floor":23,"key":"SkillPotion"}],"is_trial":false,"path_per_floor":["M","M","?","?","$","R","M","R","T","?","M","E","R","M","R","B",null,"M","$","M","?","?","E","R","E"],"character_chosen":"IRONCLAD","items_purchased":["Dark Embrace"],"campfire_rested":2,"item_purchase_floors":[19],"current_hp_per_floor":[69,69,69,62,62,62,66,66,66,66,70,55,55,45,69,57,74,70,70,50,50,50,13,37,0],"gold":241,"neow_bonus":"RANDOM_COMMON_RELIC","is_prod":false,"is_daily":false,"chose_seed":false,"campfire_upgraded":3,"win_rate":0,"timestamp":1547448418,"path_taken":["M","M","?","?","$","R","M","R","T","?","?","E","R","M","R","BOSS","M","$","M","?","?","E","R","E"],"build_version":"2019-01-10","purchased_purges":0,"victory":false,"max_hp_per_floor":[80,80,80,80,80,80,80,80,80,80,80,80,80,80,80,80,80,80,80,80,80,80,80,80,80],"card_choices":[{"not_picked":["True Grit","Power Through"],"picked":"Thunderclap","floor":1},{"not_picked":["Spot Weakness","Clothesline"],"picked":"True Grit","floor":2},{"not_picked":["Clash","Carnage"],"picked":"Metallicize","floor":7},{"not_picked":["Heavy Blade","Intimidate"],"picked":"Feel No Pain","floor":11},{"not_picked":["Thunderclap","True Grit"],"picked":"Demon Form","floor":12},{"not_picked":["Rage","Armaments"],"picked":"Combust","floor":14},{"not_picked":["Combust","Fire Breathing"],"picked":"Battle Trance","floor":15},{"not_picked":["Fiend Fire","Brutality"],"picked":"Offering","floor":16},{"not_picked":["Flex","Reckless Charge+1"],"picked":"Hemokinesis+1","floor":18},{"not_picked":["Sword Boomerang","Rage"],"picked":"True Grit","floor":20},{"not_picked":["Sword Boomerang","Body Slam"],"picked":"Uppercut","floor":23},{"not_picked":["Iron Wave+1","Twin Strike"],"picked":"Metallicize","floor":24}],"player_experience":467919,"relics_obtained":[{"floor":9,"key":"Pen Nib"},{"floor":12,"key":"Dream Catcher"},{"floor":23,"key":"Bottled Tornado"}],"event_choices":[{"damage_healed":0,"gold_gain":0,"player_choice":"Box","damage_taken":0,"relics_obtained":["Lantern"],"max_hp_gain":0,"max_hp_loss":0,"event_name":"Big Fish","floor":3,"gold_loss":0,"cards_obtained":["Regret"]},{"cards_removed":["Regret"],"damage_healed":0,"gold_gain":0,"player_choice":"Card Removal","damage_taken":7,"max_hp_gain":0,"max_hp_loss":0,"event_name":"Golden Wing","floor":4,"gold_loss":0},{"damage_healed":0,"gold_gain":0,"player_choice":"Bought 2 Potions","damage_taken":0,"max_hp_gain":0,"max_hp_loss":0,"event_name":"The Woman in Blue","floor":10,"gold_loss":0},{"damage_healed":0,"gold_gain":0,"player_choice":"Ignored","damage_taken":0,"max_hp_gain":0,"max_hp_loss":0,"event_name":"Beggar","floor":21,"gold_loss":0},{"damage_healed":0,"gold_gain":0,"player_choice":"Trade","damage_taken":0,"relics_obtained":["NlothsMask"],"max_hp_gain":0,"max_hp_loss":0,"event_name":"FaceTrader","floor":22,"gold_loss":0}],"is_beta":false,"boss_relics":[{"not_picked":["White Beast Statue","Empty Cage"],"picked":"Astrolabe"}],"items_purged_floors":[],"is_endless":false,"potions_floor_spawned":[2,11,12,18,20,23],"killed_by":"Gremlin Leader","ascension_level":10}