{"gold_per_floor":[111,122,139,314,112,112,127,127,127,127,152,162,176,205,205,300,300,313,313,162,179,14,14,14,47,97,111,111,125,125,139,139,139],"floor_reached":33,"playtime":1796,"items_purged":["Doubt","Strike_R","Strike_R"],"score":267,"play_id":"88a89fe2-4ce1-474e-8803-353da7477980","local_time":"20190204223208","is_ascension_mode":false,"campfire_choices":[{"data":"Limit Break","floor":6,"key":"SMITH"},{"data":"True Grit","floor":8,"key":"SMITH"},{"data":"Bash","floor":10,"key":"SMITH"},{"data":"Bludgeon","floor":15,"key":"SMITH"},{"data":"Whirlwind","floor":23,"key":"SMITH"},{"data":"Immolate","floor":28,"key":"SMITH"},{"data":"Pommel Strike","floor":30,"key":"SMITH"},{"data":"Shockwave","floor":32,"key":"SMITH"}],"neow_cost":"NONE","seed_source_timestamp":100826986979310,"circlet_count":0,"master_deck":["Strike_R","Strike_R","Defend_R","Defend_R","Defend_R+1","Defend_R","Bash+1","Limit Break+1","Flex","True Grit+1","Rampage","Pommel Strike+1","Carnage","Bludgeon+1","Immolate+1","Flame Barrier+1","Shrug It Off","Whirlwind+1","Flex+1","Intimidate+1","Shockwave+1"],"relics":["Black Blood","Bronze Scales","Mercury Hourglass","Odd Mushroom","Molten Egg 2","Paper Frog","War Paint"],"potions_floor_usage":[11,16,16,25,33,33],"damage_taken":[{"damage":9,"enemies":"Small Slimes","floor":1,"turns":4},{"damage":11,"enemies":"Jaw Worm","floor":2,"turns":3},{"damage":1,"enemies":"Cultist","floor":3,"turns":4},{"damage":6,"enemies":"Exordium Wildlife","floor":7,"turns":5},{"damage":17,"enemies":"3 Sentries","floor":11,"turns":7},{"damage":13,"enemies":"Large Slime","floor":12,"turns":5},{"damage":0,"enemies":"Gremlin Gang","floor":13,"turns":4},{"damage":7,"enemies":"The Mushroom Lair","floor":14,"turns":3},{"damage":40,"enemies":"The Guardian","floor":16,"turns":6},{"damage":24,"enemies":"3 Byrds","floor":18,"turns":2},{"damage":11,"enemies":"Spheric Guardian","floor":21,"turns":4},{"damage":19,"enemies":"Gremlin Leader","floor":25,"turns":5},{"damage":0,"enemies":"Chosen and Byrds","floor":27,"turns":3},{"damage":11,"enemies":"Snake Plant","floor":29,"turns":3},{"damage":7,"enemies":"3 Cultists","floor":31,"turns":5},{"damage":69,"enemies":"Automaton","floor":33,"turns":8}],"seed_played":"-7068039909321078523","potions_obtained":[{"floor":3,"key":"Explosive Potion"},{"floor":11,"key":"Explosive Potion"},{"floor":12,"key":"FearPotion"},{"floor":18,"key":"EssenceOfSteel"},{"floor":27,"key":"SteroidPotion"},{"floor":29,"key":"Poison Potion"}],"is_trial":false,"path_per_floor":["M","M","M","?","$","R","M","R","T","R","E","M","M","?","R","B",null,"M","?","$","M","$","R","T","E","T","M","R","M","R","M","R","B"],"character_chosen":"IRONCLAD","items_purchased":["True Grit","Rampage","Shrug It Off","Whirlwind"],"campfire_rested":0,"item_purchase_floors":[5,5,20,22],"current_hp_per_floor":[77,72,77,77,77,77,77,77,77,77,66,59,65,64,64,30,80,66,66,66,65,65,65,65,56,56,66,66,65,65,68,68,0],"gold":139,"neow_bonus":"ONE_RANDOM_RARE_CARD","is_prod":false,"is_daily":false,"chose_seed":false,"campfire_upgraded":8,"win_rate":0.0,"timestamp":1549315928,"path_taken":["M","M","M","?","$","R","M","R","T","R","E","M","M","?","R","BOSS","M","?","$","M","?","R","?","E","T","M","R","M","R","M","R","BOSS"],"build_version":"2019-01-23","purchased_purges":3,"victory":false,"max_hp_per_floor":[80,80,80,80,80,80,80,80,80,80,80,80,80,80,80,80,80,80,80,80,80,80,80,80,80,80,80,80,80,80,80,80,80],"card_choices":[{"not_picked":["Clothesline","Perfected Strike"],"picked":"Flex","floor":1},{"not_picked":["Rupture","Metallicize","Iron Wave"],"picked":"SKIP","floor":2},{"not_picked":["Wild Strike","Body Slam","Iron Wave"],"picked":"SKIP","floor":3},{"not_picked":["True Grit","Wild Strike","Clash"],"picked":"SKIP","floor":7},{"not_picked":["Bloodletting","Feel No Pain"],"picked":"Pommel Strike","floor":11},{"not_picked":["Warcry","Iron Wave"],"picked":"Carnage","floor":12},{"not_picked":["Feel No Pain","Iron Wave"],"picked":"Bludgeon","floor":13},{"not_picked":["Bludgeon","Dark Embrace"],"picked":"Immolate","floor":16},{"not_picked":["Perfected Strike","Iron Wave"],"picked":"Flame Barrier","floor":18},{"not_picked":["Twin Strike","Pommel Strike","True Grit"],"picked":"SKIP","floor":21},{"not_picked":["Second Wind","Pummel+1"],"picked":"Flex+1","floor":25},{"not_picked":["Twin Strike+1","Reckless Charge+1","Dropkick+1"],"picked":"SKIP","floor":27},{"not_picked":["Evolve","Twin Strike+1"],"picked":"Intimidate+1","floor":29},{"not_picked":["Feel No Pain","Flex"],"picked":"Shockwave","floor":31}],"player_experience":15096,"relics_obtained":[{"floor":9,"key":"Bronze Scales"},{"floor":11,"key":"Mercury Hourglass"},{"floor":14,"key":"Odd Mushroom"},{"floor":24,"key":"Molten Egg 2"},{"floor":25,"key":"Paper Frog"},{"floor":26,"key":"War Paint"}],"event_choices":[{"damage_healed":0,"gold_gain":175,"player_choice":"AGREE","damage_taken":0,"max_hp_gain":0,"max_hp_loss":0,"event_name":"Liars Game","floor":4,"gold_loss":0,"cards_obtained":["Doubt"]},{"damage_healed":0,"gold_gain":0,"player_choice":"Fought Mushrooms","damage_taken":0,"max_hp_gain":0,"max_hp_loss":0,"event_name":"Mushrooms","floor":14,"gold_loss":0},{"cards_removed":["Strike_R"],"damage_healed":0,"gold_gain":0,"player_choice":"Offered Basic","damage_taken":0,"max_hp_gain":0,"max_hp_loss":0,"event_name":"Bonfire Elementals","floor":19,"gold_loss":0}],"is_beta":false,"boss_relics":[{"not_picked":["Calling Bell","Fusion Hammer"],"picked":"Black Blood"}],"items_purged_floors":[5,20,22],"is_endless":false,"potions_floor_spawned":[3,11,12,18,27,29],"killed_by":"Automaton","ascension_level":0}