{"path_per_floor":["M","M","$","?","?","E","R","M","T","R","$","M","M","M","R","B",null,"M","M","M","M"],"character_chosen":"DEFECT","items_purchased":["Defragment"],"gold_per_floor":[119,137,25,0,0,25,25,35,59,59,59,79,96,110,110,207,207,221,239,259,274,274],"floor_reached":22,"campfire_rested":1,"playtime":1291,"item_purchase_floors":[],"current_hp_per_floor":[75,75,75,75,75,75,75,75,75,75,75,56,48,39,75,56,75,61,47,14,4,0],"items_purged":["Strike_B"],"gold":274,"score":237,"play_id":"bd3ad96b-17f1-41cd-b0c4-34e81f700a95","local_time":"20180615130600","is_prod":false,"is_daily":false,"chose_seed":false,"is_ascension_mode":true,"campfire_upgraded":2,"win_rate":0,"timestamp":1529093160,"campfire_choices":[{"data":"Defragment","floor":7.0,"key":"SMITH"},{"data":"Defragment","floor":10.0,"key":"SMITH"},{"floor":15.0,"key":"REST"}],"path_taken":["M","M","$","?","?","E","R","M","T","R","?","M","M","M","R","BOSS","M","M","M","M","M"],"build_version":"2018-06-14v2","seed_source_timestamp":0,"purchased_purges":1,"victory":false,"master_deck":["Strike_B","Strike_B","Strike_B","Defend_B","Defend_B","Defend_B","Defend_B","Zap","Dualcast","Ball Lightning","Go for the Eyes","Defragment+1","Defragment+1","Redo","Chill","Stack","Streamline","Core Surge","Defragment","Reinforced Body"],"max_hp_per_floor":[75,75,75,75,75,75,75,75,75,75,75,75,75,75,75,75,75,75,75,75,75,75],"special_seed":0,"relics":["Cracked Core","NeowsBlessing","Vajra","Regal Pillow","Busted Crown"],"card_choices":[{"not_picked":["Go for the Eyes","Reinforced Body"],"picked":"Ball Lightning","floor":1.0},{"not_picked":["Leap","Redo"],"picked":"Go for the Eyes","floor":2.0},{"not_picked":["Rebound","Leap"],"picked":"Defragment","floor":6.0},{"not_picked":["Sweeping Beam","Steam Power"],"picked":"Redo","floor":8.0},{"not_picked":["Consume","Stack"],"picked":"Chill","floor":12.0},{"not_picked":["Darkness","Double Energy"],"picked":"Stack","floor":13.0},{"not_picked":["Scrape","Compile Driver"],"picked":"Streamline","floor":14.0},{"not_picked":["Reboot","Rainbow"],"picked":"Core Surge","floor":16.0},{"not_picked":["Rebound"],"picked":"SKIP","floor":18.0},{"not_picked":[],"picked":"Defragment","floor":19.0},{"not_picked":["Recycle"],"picked":"SKIP","floor":20.0},{"not_picked":[],"picked":"Reinforced Body","floor":21.0}],"player_experience":868415,"potions_floor_usage":[22],"damage_taken":[{"damage":0.0,"enemies":"2 Louse","floor":1.0,"turns":1.0},{"damage":0.0,"enemies":"Jaw Worm","floor":2.0,"turns":1.0},{"damage":0.0,"enemies":"3 Sentries","floor":6.0,"turns":1.0},{"damage":0.0,"enemies":"Cultist","floor":8.0,"turns":3.0},{"damage":19.0,"enemies":"3 Louse","floor":12.0,"turns":3.0},{"damage":8.0,"enemies":"Blue Slaver","floor":13.0,"turns":3.0},{"damage":9.0,"enemies":"Exordium Wildlife","floor":14.0,"turns":3.0},{"damage":19.0,"enemies":"Hexaghost","floor":16.0,"turns":8.0},{"damage":14.0,"enemies":"Chosen","floor":18.0,"turns":4.0},{"damage":14.0,"enemies":"3 Byrds","floor":19.0,"turns":6.0},{"damage":33.0,"enemies":"Snake Plant","floor":20.0,"turns":4.0},{"damage":10.0,"enemies":"Centurion and Healer","floor":21.0,"turns":7.0},{"damage":9,"enemies":"Slaver and Parasite","floor":22,"turns":3}],"relics_obtained":[{"floor":6.0,"key":"Vajra"},{"floor":9.0,"key":"Regal Pillow"}],"event_choices":[{"event_name":"World of Goop","player_choice":"Left","floor":4.0,"damage_taken":0.0},{"event_name":"The Cleric","player_choice":"Leave","floor":5.0,"damage_taken":0.0}],"boss_relics":[{"not_picked":["Empty Cage","Sozu"],"picked":"Busted Crown"}],"items_purged_floors":[],"is_endless":false,"potions_floor_spawned":[13,14,16,20,21],"seed_played":"2566354368460525038","killed_by":"Slaver and Parasite","ascension_level":2,"potions_obtained":[{"floor":13.0,"key":"Poison Potion"},{"floor":14.0,"key":"AttackPotion"},{"floor":16.0,"key":"SteroidPotion"},{"floor":20.0,"key":"GamblersBrew"}],"is_trial":false}