{"gold_per_floor":[109,122,122,122,197,197,216,216,241,261,38,69,88,113,113,113],"floor_reached":16,"playtime":734,"items_purged":[],"score":102,"play_id":"73d90d96-5228-4b93-bb43-4f00d68d7555","local_time":"20180918084346","is_ascension_mode":false,"campfire_choices":[{"floor":6,"key":"REST"},{"data":"Armaments","floor":8,"key":"SMITH"},{"data":"Flame Barrier","floor":15,"key":"SMITH"}],"neow_cost":"NONE","seed_source_timestamp":318905660481166,"circlet_count":0,"master_deck":["Strike_R","Strike_R","Strike_R","Strike_R","Strike_R","Defend_R","Defend_R","Defend_R","Defend_R","Bash","Armaments+1","Perfected Strike","Rupture","Brutality","Flame Barrier+1"],"relics":["Burning Blood","Happy Flower","Golden Idol","Potion Belt","Centennial Puzzle","Matryoshka"],"potions_floor_usage":[12,13],"damage_taken":[{"damage":7,"enemies":"2 Louse","floor":1,"turns":3},{"damage":1,"enemies":"Jaw Worm","floor":2,"turns":4},{"damage":0,"enemies":"Small Slimes","floor":7,"turns":4},{"damage":1,"enemies":"3 Louse","floor":10,"turns":4},{"damage":27,"enemies":"Gremlin Nob","floor":12,"turns":4},{"damage":11,"enemies":"Looter","floor":13,"turns":3},{"damage":16,"enemies":"2 Fungi Beasts","floor":14,"turns":4},{"damage":32,"enemies":"The Guardian","floor":16,"turns":2}],"seed_played":"-4890451015975114073","potions_obtained":[{"floor":10,"key":"Weak Potion"},{"floor":12,"key":"FearPotion"}],"is_trial":false,"path_per_floor":["M","M","?","?","?","R","M","R","T","M","$","E","M","M","R"],"character_chosen":"IRONCLAD","items_purchased":["Brutality","Centennial Puzzle"],"campfire_rested":1,"item_purchase_floors":[11,11],"current_hp_per_floor":[79,80,60,60,49,73,79,79,79,80,80,59,54,44,44,12],"gold":113,"neow_bonus":"RANDOM_COMMON_RELIC","is_prod":false,"is_daily":false,"chose_seed":false,"campfire_upgraded":2,"win_rate":0.0,"timestamp":1537278226,"path_taken":["M","M","?","?","?","R","M","R","T","?","$","E","M","?","R","BOSS"],"build_version":"2018-09-06","purchased_purges":0,"victory":false,"max_hp_per_floor":[80,80,80,80,80,80,80,80,80,80,80,80,80,80,80,80],"card_choices":[{"not_picked":["Wild Strike","Power Through"],"picked":"Armaments","floor":1},{"not_picked":["Intimidate","Hemokinesis"],"picked":"Perfected Strike","floor":2},{"not_picked":["True Grit","Clothesline"],"picked":"Rupture","floor":7},{"not_picked":["Rupture","Anger","Cleave"],"picked":"SKIP","floor":10},{"not_picked":["Infernal Blade","Armaments"],"picked":"Flame Barrier","floor":12},{"not_picked":["Headbutt","Infernal Blade","Flex"],"picked":"SKIP","floor":13},{"not_picked":["Impervious","Clothesline","Wild Strike"],"picked":"SKIP","floor":14}],"player_experience":36950,"relics_obtained":[{"floor":9,"key":"Potion Belt"},{"floor":12,"key":"Matryoshka"}],"event_choices":[{"event_name":"Golden Idol","player_choice":"Take Damage","floor":3,"damage_taken":0},{"event_name":"Liars Game","player_choice":"disagreed","floor":4,"damage_taken":0},{"event_name":"World of Goop","player_choice":"Gather Gold","floor":5,"damage_taken":0}],"is_beta":false,"boss_relics":[],"items_purged_floors":[],"is_endless":false,"potions_floor_spawned":[10,12],"killed_by":"The Guardian","ascension_level":0}