{"gold_per_floor":[116,86,100,119,32,32,32,63,89,89,114,189,22,34,34,34],"floor_reached":16,"playtime":1866,"items_purged":[],"score":216,"play_id":"e18c7365-1632-4aa8-a024-8d1e415ad43f","local_time":"20181210010938","is_ascension_mode":true,"campfire_choices":[{"data":"Inflame","floor":6,"key":"SMITH"},{"floor":15,"key":"REST"}],"neow_cost":"NONE","seed_source_timestamp":213777733776253,"circlet_count":0,"master_deck":["AscendersBane","Strike_R+1","Strike_R","Strike_R","Strike_R+1","Strike_R","Defend_R","Defend_R","Defend_R","Bash","Inflame","Pommel Strike","Ghostly Armor","Inflame+1","Pummel","Carnage"],"relics":["Burning Blood","NeowsBlessing","Bag of Marbles","PreservedInsect","Happy Flower","Regal Pillow"],"potions_floor_usage":[8,16],"damage_taken":[{"damage":0,"enemies":"2 Louse","floor":1,"turns":1},{"damage":0,"enemies":"Cultist","floor":3,"turns":1},{"damage":0,"enemies":"Small Slimes","floor":4,"turns":1},{"damage":15,"enemies":"3 Sentries","floor":8,"turns":6},{"damage":15,"enemies":"Lagavulin","floor":11,"turns":5},{"damage":18,"enemies":"3 Louse","floor":14,"turns":3},{"damage":62,"enemies":"The Guardian","floor":16,"turns":8}],"seed_played":"8553944626822926830","potions_obtained":[{"floor":2,"key":"SneckoOil"},{"floor":2,"key":"FairyPotion"},{"floor":4,"key":"AttackPotion"},{"floor":14,"key":"FearPotion"}],"is_trial":false,"path_per_floor":["M","?","M","M","$","R","?","E","T","?","E","?","$","M","R","B"],"character_chosen":"IRONCLAD","items_purchased":["Inflame","Regal Pillow"],"campfire_rested":1,"item_purchase_floors":[5,13],"current_hp_per_floor":[74,74,75,75,75,75,52,43,43,43,34,23,23,11,48,0],"gold":34,"neow_bonus":"THREE_ENEMY_KILL","is_prod":false,"is_daily":false,"chose_seed":false,"campfire_upgraded":1,"win_rate":0,"timestamp":1544429378,"path_taken":["M","?","M","M","?","R","?","E","T","?","E","?","?","M","R","BOSS"],"build_version":"2018-12-06","purchased_purges":0,"victory":false,"max_hp_per_floor":[75,75,75,75,75,75,75,75,75,75,75,75,75,75,75,75],"card_choices":[{"not_picked":["True Grit","Ghostly Armor"],"picked":"Inflame","floor":1},{"not_picked":["Heavy Blade","Metallicize"],"picked":"Pommel Strike","floor":3},{"not_picked":["Rampage","Spot Weakness"],"picked":"Ghostly Armor","floor":4},{"not_picked":["Flex","Warcry","Disarm"],"picked":"SKIP","floor":8},{"not_picked":["Flex","Hemokinesis"],"picked":"Pummel","floor":11},{"not_picked":["Thunderclap","Fire Breathing"],"picked":"Carnage","floor":14}],"player_experience":577728,"relics_obtained":[{"floor":8,"key":"Bag of Marbles"},{"floor":9,"key":"PreservedInsect"},{"floor":11,"key":"Happy Flower"}],"event_choices":[{"damage_healed":0,"gold_gain":0,"player_choice":"Bought 2 Potions","damage_taken":0,"max_hp_gain":0,"max_hp_loss":0,"event_name":"The Woman in Blue","floor":2,"gold_loss":0},{"damage_healed":0,"gold_gain":0,"player_choice":"Entered Light","damage_taken":23,"max_hp_gain":0,"max_hp_loss":0,"event_name":"Shining Light","floor":7,"gold_loss":0,"cards_upgraded":["Strike_R","Strike_R"]},{"cards_removed":["Defend_R"],"damage_healed":0,"gold_gain":0,"player_choice":"Forget","damage_taken":0,"max_hp_gain":0,"max_hp_loss":0,"event_name":"Living Wall","floor":10,"gold_loss":0},{"damage_healed":0,"gold_gain":75,"player_choice":"Gather Gold","damage_taken":11,"max_hp_gain":0,"max_hp_loss":0,"event_name":"World of Goop","floor":12,"gold_loss":0}],"is_beta":false,"boss_relics":[],"items_purged_floors":[],"is_endless":false,"potions_floor_spawned":[4,14],"killed_by":"The Guardian","ascension_level":20}