{"path_per_floor":["M","?","$","T","M","R","E","?","T","R","M","M","M","M","R","B",null,"M","$","?","M","M","R","E","R","T"],"character_chosen":"DEFECT","items_purchased":["Loop","Hologram+1","Streamline"],"gold_per_floor":[113,63,27,51,68,68,95,95,95,95,111,126,150,171,171,299,299,315,213,136,154,168,168,202,202,202,202],"floor_reached":27,"campfire_rested":2,"playtime":1895,"item_purchase_floors":[],"current_hp_per_floor":[71,71,71,71,71,71,55,55,55,55,55,48,37,33,68,42,69,69,69,69,28,21,56,45,45,45,0],"items_purged":[],"gold":202,"score":245,"play_id":"b7c69cd8-c126-44a9-a728-3641d9aa92dc","local_time":"20180604110813","is_prod":false,"is_daily":false,"chose_seed":false,"is_ascension_mode":true,"campfire_upgraded":3,"win_rate":0,"timestamp":1528135693,"campfire_choices":[{"data":"Zap","floor":6.0,"key":"SMITH"},{"data":"Loop","floor":10.0,"key":"SMITH"},{"floor":15.0,"key":"REST"},{"floor":23,"key":"REST"},{"data":"Go for the Eyes","floor":25,"key":"SMITH"}],"path_taken":["M","?","?","?","?","R","E","?","T","R","?","M","M","M","R","BOSS","M","$","?","M","M","R","E","R","T","E"],"build_version":"2018-05-31","seed_source_timestamp":0,"purchased_purges":0,"victory":false,"master_deck":["Strike_B","Defend_B","Defend_B","Zap+1","Dualcast","Auto Shields","Loop+1","Sweeping Beam","Cold Snap","Streamline","Go for the Eyes+1","Stack+1","Glacier+1","Seek+1","Genetic Algorithm+1","Coolheaded+1","Melter+1","Steam+1","Hologram+1","Streamline","J.A.X.+1","Self Repair","Chill+1","Rainbow+1"],"max_hp_per_floor":[75,75,75,75,75,75,75,69,69,69,69,69,69,69,69,69,69,69,69,69,69,69,69,69,69,69,69],"relics":["Cracked Core","Regal Pillow","Oddly Smooth Stone","Golden Idol","Toxic Egg 2","Astrolabe","Matryoshka","Singing Bowl","Blood Vial"],"card_choices":[{"not_picked":["Static Discharge","BootSequence"],"picked":"Auto Shields","floor":1.0},{"not_picked":["Ball Lightning","Compile Driver"],"picked":"Sweeping Beam","floor":5.0},{"not_picked":["Sweeping Beam","Go for the Eyes"],"picked":"Cold Snap","floor":7.0},{"not_picked":["Barrage","Steam+1"],"picked":"Streamline","floor":11.0},{"not_picked":["Auto Shields+1","Cold Snap"],"picked":"Go for the Eyes","floor":12.0},{"not_picked":["Reprogram+1","Sweeping Beam"],"picked":"Stack+1","floor":13.0},{"not_picked":["Rebound","Reinforced Body+1"],"picked":"Glacier+1","floor":14.0},{"not_picked":["Rainbow+1","Reboot+1"],"picked":"Seek+1","floor":16.0},{"not_picked":["Turbo+1","Cold Snap+1"],"picked":"Steam+1","floor":18.0},{"not_picked":["Redo+1","Stack+1"],"picked":"Self Repair","floor":21.0},{"not_picked":["Turbo+1","Steam Power+1"],"picked":"Chill+1","floor":22},{"not_picked":["Barrage","Undo+1"],"picked":"Rainbow+1","floor":24}],"player_experience":794099,"potions_floor_usage":[22,24],"damage_taken":[{"damage":4.0,"enemies":"2 Louse","floor":1.0,"turns":3.0},{"damage":0.0,"enemies":"Small Slimes","floor":5.0,"turns":4.0},{"damage":16.0,"enemies":"3 Sentries","floor":7.0,"turns":6.0},{"damage":0.0,"enemies":"Cultist","floor":11.0,"turns":3.0},{"damage":7.0,"enemies":"Exordium Wildlife","floor":12.0,"turns":3.0},{"damage":11.0,"enemies":"Lots of Slimes","floor":13.0,"turns":3.0},{"damage":4.0,"enemies":"Blue Slaver","floor":14.0,"turns":3.0},{"damage":26.0,"enemies":"Slime Boss","floor":16.0,"turns":13.0},{"damage":0.0,"enemies":"Spheric Guardian","floor":18.0,"turns":3.0},{"damage":41.0,"enemies":"2 Thieves","floor":21.0,"turns":4.0},{"damage":14,"enemies":"Snake Plant","floor":22,"turns":5},{"damage":18,"enemies":"Book of Stabbing","floor":24,"turns":12},{"damage":51,"enemies":"Gremlin Leader","floor":27,"turns":9}],"relics_obtained":[{"floor":4.0,"key":"Regal Pillow"},{"floor":7.0,"key":"Oddly Smooth Stone"},{"floor":9.0,"key":"Toxic Egg 2"},{"floor":24,"key":"Matryoshka"},{"floor":26,"key":"Singing Bowl"},{"floor":26,"key":"Blood Vial"}],"event_choices":[{"event_name":"The Cleric","player_choice":"Card Removal","floor":2.0,"damage_taken":0.0},{"event_name":"Golden Idol","player_choice":"Lose Max HP","floor":8.0,"damage_taken":0.0},{"event_name":"Drug Dealer","player_choice":"Got JAXXED","floor":20.0,"damage_taken":0.0}],"boss_relics":[],"items_purged_floors":[],"potions_floor_spawned":[1,5,13,16,22],"seed_played":"4217546225415176598","killed_by":"Gremlin Leader","ascension_level":1,"potions_obtained":[{"floor":1.0,"key":"AttackPotion"},{"floor":5.0,"key":"Energy Potion"},{"floor":13.0,"key":"Energy Potion"},{"floor":16.0,"key":"SpeedPotion"},{"floor":22,"key":"Weak Potion"}],"is_trial":false}