{"gold_per_floor":[119,44,44,44,64,64,107,107,133,203,216,216,237,277,277,402,402,422,322,322,357,357,357,382,382,408,429,429,201,214,235,235,356,356,371,440,290,310,135,135,175,191,191,215,235,235,256,271,271,271],"floor_reached":51,"playtime":9110,"items_purged":["Doubt","Strike_B","Strike_B","Strike_B","Defend_B"],"score":861,"play_id":"ebc2fc92-3557-4b91-957b-efc64328b689","local_time":"20180801083011","is_ascension_mode":true,"campfire_choices":[{"data":"Zap","floor":6,"key":"SMITH"},{"floor":8,"key":"REST"},{"floor":12,"key":"REST"},{"data":"Dualcast","floor":15,"key":"SMITH"},{"floor":23,"key":"DIG"},{"floor":25,"key":"DIG"},{"floor":32,"key":"DIG"},{"floor":40,"key":"DIG"},{"floor":46,"key":"DIG"},{"floor":49,"key":"DIG"}],"neow_cost":"CURSE","seed_source_timestamp":99327424971506,"circlet_count":0,"master_deck":["Strike_B+1","Defend_B","Defend_B","Defend_B","Zap+1","Dualcast+1","All For One+1","Undo","Coolheaded","Reinforced Body","Cold Snap+1","BootSequence","Machine Learning","Go for the Eyes+1","Defragment+1","Hologram+1","Gash","FTL+1","Self Repair","FTL","Loop","Echo Form","Chill+1","Streamline+1","Storm+1"],"relics":["FrozenCore","Golden Idol","Incense Burner","DataDisk","Mercury Hourglass","Lantern","Shovel","Red Mask","Centennial Puzzle","Vajra","Blood Vial","Oddly Smooth Stone","Anchor","Nuclear Battery","Nunchaku","Symbiotic Virus","Du-Vu Doll","Darkstone Periapt","Whetstone","Boot"],"potions_floor_usage":[10,16,16,16,21,33,35,36,41,42,48,50,50],"damage_taken":[{"damage":6,"enemies":"2 Louse","floor":1,"turns":3},{"damage":3,"enemies":"Small Slimes","floor":5,"turns":4},{"damage":20,"enemies":"3 Sentries","floor":7,"turns":6},{"damage":16,"enemies":"3 Sentries","floor":10,"turns":4},{"damage":0,"enemies":"Cultist","floor":11,"turns":2},{"damage":0,"enemies":"Exordium Wildlife","floor":13,"turns":5},{"damage":0,"enemies":"Lagavulin","floor":14,"turns":5},{"damage":3,"enemies":"Hexaghost","floor":16,"turns":7},{"damage":0,"enemies":"Spheric Guardian","floor":18,"turns":5},{"damage":3,"floor":21,"turns":4},{"damage":5,"enemies":"Chosen","floor":24,"turns":5},{"damage":1,"enemies":"Centurion and Healer","floor":27,"turns":5},{"damage":0,"enemies":"Cultist and Chosen","floor":30,"turns":6},{"damage":0,"enemies":"Slaver and Parasite","floor":31,"turns":5},{"damage":50,"enemies":"Champ","floor":33,"turns":12},{"damage":7,"enemies":"3 Darklings","floor":35,"turns":6},{"damage":0,"floor":36,"turns":6},{"damage":0,"enemies":"Orb Walker","floor":38,"turns":4},{"damage":14,"enemies":"Nemesis","floor":41,"turns":7},{"damage":2,"enemies":"Sphere and 2 Shapes","floor":42,"turns":4},{"damage":6,"enemies":"Maw","floor":44,"turns":6},{"damage":0,"enemies":"Transient","floor":45,"turns":5},{"damage":1,"enemies":"Flame Bruiser 2 Orb","floor":47,"turns":6},{"damage":1,"enemies":"Maw","floor":48,"turns":5},{"damage":39,"enemies":"Time Eater","floor":50,"turns":9}],"seed_played":"-2607422088094002574","potions_obtained":[{"floor":1,"key":"FearPotion"},{"floor":7,"key":"Explosive Potion"},{"floor":10,"key":"SteroidPotion"},{"floor":13,"key":"FocusPotion"},{"floor":16,"key":"AttackPotion"},{"floor":21,"key":"FairyPotion"},{"floor":24,"key":"PowerPotion"},{"floor":30,"key":"Explosive Potion"},{"floor":31,"key":"Ancient Potion"},{"floor":33,"key":"FearPotion"},{"floor":36,"key":"Weak Potion"},{"floor":41,"key":"Swift Potion"},{"floor":45,"key":"Energy Potion"},{"floor":47,"key":"Swift Potion"},{"floor":48,"key":"EssenceOfSteel"}],"is_trial":false,"path_per_floor":["M","$","?","?","M","R","E","R","T","?","M","R","M","E","R","B",null,"M","$","?","?","?","R","M","R","T","M","?","$","M","M","R","B",null,"M","?","$","M","$","R","E","M","T","M","M","R","M","M","R","B"],"character_chosen":"DEFECT","items_purchased":["FTL","Self Repair"],"campfire_rested":2,"item_purchase_floors":[29,29],"current_hp_per_floor":[62,62,44,29,26,26,6,28,28,12,12,34,34,34,34,31,64,64,64,64,61,61,61,56,56,56,57,57,57,66,75,75,32,64,66,75,75,75,75,75,68,75,75,75,75,75,75,75,75,43],"gold":271,"neow_bonus":"THREE_RARE_CARDS","is_prod":false,"is_daily":false,"chose_seed":false,"campfire_upgraded":2,"win_rate":0,"timestamp":1533076211,"path_taken":["M","$","?","?","M","R","E","R","T","?","?","R","M","E","R","BOSS","M","$","?","?","?","R","M","R","T","M","?","$","M","M","R","BOSS","M","?","$","M","$","R","E","?","T","M","M","R","?","M","R","BOSS"],"build_version":"2018-07-26","purchased_purges":5,"victory":true,"max_hp_per_floor":[75,75,75,75,75,75,75,75,75,75,75,75,75,75,75,75,75,75,75,75,75,75,75,75,75,75,75,75,75,75,75,75,75,75,75,75,75,75,75,75,75,75,75,75,75,75,75,75,75,75],"card_choices":[{"not_picked":["Seek","Buffer"],"picked":"All For One","floor":0},{"not_picked":["Streamline","Turbo"],"picked":"Undo","floor":1},{"not_picked":["Turbo","Steam"],"picked":"Coolheaded","floor":5},{"not_picked":["Rip and Tear","Steam","Streamline"],"picked":"SKIP","floor":7},{"not_picked":["Barrage","Reprogram"],"picked":"Reinforced Body","floor":10},{"not_picked":["Darkness","Turbo","Recycle"],"picked":"SKIP","floor":11},{"not_picked":["Blizzard","Redo"],"picked":"Cold Snap","floor":13},{"not_picked":["Heatsinks","Compile Driver"],"picked":"BootSequence","floor":14},{"not_picked":["Core Surge","Rainbow"],"picked":"Machine Learning","floor":16},{"not_picked":["Sweeping Beam","Ball Lightning"],"picked":"Go for the Eyes+1","floor":18},{"not_picked":["Redo","Steam"],"picked":"Defragment+1","floor":21},{"not_picked":["Recycle","Rebound"],"picked":"Hologram+1","floor":24},{"not_picked":["Chill","Heatsinks"],"picked":"Gash","floor":27},{"not_picked":["Sweeping Beam+1","Scrape"],"picked":"FTL","floor":30},{"not_picked":["Self Repair+1","Force Field"],"picked":"Loop","floor":31},{"not_picked":["Meteor Strike","Creative AI"],"picked":"Echo Form","floor":33},{"not_picked":["Undo+1","Sweeping Beam"],"picked":"Chill+1","floor":35},{"not_picked":["Coolheaded","Heatsinks","Auto Shields"],"picked":"SKIP","floor":38},{"not_picked":["Sweeping Beam","Reinforced Body"],"picked":"Streamline+1","floor":41},{"not_picked":["Genetic Algorithm+1","Streamline","Compile Driver"],"picked":"SKIP","floor":42},{"not_picked":["Turbo+1","Ball Lightning","Storm+1"],"picked":"SKIP","floor":44},{"not_picked":["Genetic Algorithm","Recycle+1","Sweeping Beam+1"],"picked":"SKIP","floor":45},{"not_picked":["Heatsinks+1","Compile Driver"],"picked":"Storm+1","floor":47},{"not_picked":["Steam+1","Biased Cognition","Sweeping Beam"],"picked":"SKIP","floor":48}],"player_experience":584588,"relics_obtained":[{"floor":7,"key":"Incense Burner"},{"floor":9,"key":"DataDisk"},{"floor":10,"key":"Mercury Hourglass"},{"floor":14,"key":"Lantern"},{"floor":21,"key":"Red Mask"},{"floor":23,"key":"Centennial Puzzle"},{"floor":25,"key":"Vajra"},{"floor":26,"key":"Blood Vial"},{"floor":32,"key":"Anchor"},{"floor":36,"key":"Nunchaku"},{"floor":40,"key":"Symbiotic Virus"},{"floor":41,"key":"Du-Vu Doll"},{"floor":43,"key":"Darkstone Periapt"},{"floor":46,"key":"Whetstone"},{"floor":49,"key":"Boot"}],"event_choices":[{"event_name":"Golden Idol","player_choice":"Take Damage","floor":3,"damage_taken":0},{"event_name":"Shining Light","player_choice":"Entered Light","floor":4,"damage_taken":0},{"event_name":"Dead Adventurer","player_choice":"Searched \u00271\u0027 times","floor":10,"damage_taken":0},{"event_name":"The Mausoleum","player_choice":"Yes","floor":20,"damage_taken":0},{"event_name":"Masked Bandits","player_choice":"Fought over 322 gold","floor":21,"damage_taken":0},{"event_name":"Vampires","player_choice":"Ignored","floor":22,"damage_taken":0},{"event_name":"Accursed Blacksmith","player_choice":"Rummage","floor":28,"damage_taken":0},{"event_name":"Mysterious Sphere","player_choice":"Fight","floor":36,"damage_taken":0}],"is_beta":false,"boss_relics":[{"not_picked":["Astrolabe","Runic Pyramid"],"picked":"FrozenCore"},{"not_picked":["Lizard Tail","Black Star"],"picked":"Nuclear Battery"}],"items_purged_floors":[2,19,29,37,39],"is_endless":false,"potions_floor_spawned":[1,7,10,13,16,21,24,30,31,33,36,41,45,47,48],"ascension_level":6}