{"gold_per_floor":[114,114,127,140,87,115,115,134,134,169,169,19,36,49,49,148,148,158,158,158,171,185,185,216,236,236,236,247,279,107,107,107,204,204,214,231,246,47,59,59,78,78,104,117,146,146,156,171,171,171],"floor_reached":50,"playtime":4773,"items_purged":[],"score":578,"play_id":"1823c287-546e-4522-a67e-e5129e335f2d","local_time":"20181124153416","is_ascension_mode":false,"campfire_choices":[{"data":"Blur","floor":7,"key":"SMITH"},{"floor":15,"key":"REST"},{"floor":23,"key":"REST"},{"floor":27,"key":"REST"},{"floor":32,"key":"REST"},{"floor":40,"key":"REST"},{"data":"Die Die Die","floor":42,"key":"SMITH"},{"floor":46,"key":"REST"},{"floor":49,"key":"REST"}],"neow_cost":"NONE","seed_source_timestamp":14432211241669,"circlet_count":0,"master_deck":["Defend_G+1","Defend_G+1","Defend_G+1","Defend_G+1","Strike_G+1","Strike_G+1","Strike_G+1","Survivor+1","Neutralize","Blade Dance","Predator","Poisoned Stab","Dagger Throw","Blur+1","Sucker Punch","Cloak And Dagger+1","Die Die Die+1","Caltrops+1","All Out Attack","Dash","Corpse Explosion+1","Riddle With Holes+1","Venomology+1","All Out Attack+1","Deflect+1","Deadly Poison+1","Backstab","Deflect+1","Dash+1","Deadly Poison+1","Accuracy+1","Noxious Fumes","After Image","Cloak And Dagger+1","Leg Sweep+1","Deflect+1","Deadly Poison+1","Cloak And Dagger+1","Bullet Time+1","Blade Dance+1","All Out Attack+1","Endless Agony","The Bomb+1","Dash+1","Blur+1","Flechettes+1","Die Die Die","Backflip+1","Acrobatics+1"],"relics":["Ring of the Snake","Ancient Tea Set","Toxic Egg 2","Mango","Astrolabe","Oddly Smooth Stone","Mummified Hand","The Courier","Regal Pillow","MutagenicStrength","Orrery","Strawberry","Potion Belt"],"potions_floor_usage":[6,18,18,22,24,24,25,25,29,33,33,33,39,39,44,45,45,50,50,50,50,50,50],"damage_taken":[{"damage":0,"enemies":"Small Slimes","floor":1,"turns":3},{"damage":0,"enemies":"Jaw Worm","floor":3,"turns":5},{"damage":0,"enemies":"2 Louse","floor":4,"turns":2},{"damage":19,"enemies":"Lagavulin","floor":6,"turns":8},{"damage":0,"enemies":"Lots of Slimes","floor":8,"turns":3},{"damage":18,"enemies":"3 Sentries","floor":10,"turns":9},{"damage":8,"enemies":"Exordium Thugs","floor":13,"turns":4},{"damage":0,"enemies":"Looter","floor":14,"turns":3},{"damage":44,"enemies":"The Guardian","floor":16,"turns":13},{"damage":11,"enemies":"Shell Parasite","floor":18,"turns":4},{"damage":2,"enemies":"Chosen","floor":21,"turns":5},{"damage":6,"enemies":"Centurion and Healer","floor":22,"turns":5},{"damage":10,"enemies":"Slavers","floor":24,"turns":4},{"damage":15,"enemies":"Shelled Parasite and Fungi","floor":25,"turns":5},{"damage":14,"enemies":"Sentry and Sphere","floor":28,"turns":4},{"damage":23,"enemies":"Gremlin Leader","floor":29,"turns":6},{"damage":69,"enemies":"Collector","floor":33,"turns":8},{"damage":0,"enemies":"Orb Walker","floor":35,"turns":3},{"damage":12,"enemies":"3 Darklings","floor":36,"turns":4},{"damage":15,"enemies":"Sphere and 2 Shapes","floor":37,"turns":5},{"damage":14,"enemies":"Maw","floor":39,"turns":8},{"damage":0,"enemies":"Jaw Worm Horde","floor":41,"turns":1},{"damage":34,"enemies":"Spire Growth","floor":44,"turns":4},{"damage":29,"enemies":"Reptomancer","floor":45,"turns":7},{"damage":0,"enemies":"4 Shapes","floor":47,"turns":3},{"damage":0,"enemies":"3 Darklings","floor":48,"turns":2},{"damage":114,"enemies":"Donu and Deca","floor":50,"turns":9}],"seed_played":"3084285355717804841","potions_obtained":[{"floor":1,"key":"FearPotion"},{"floor":6,"key":"Fruit Juice"},{"floor":10,"key":"SteroidPotion"},{"floor":13,"key":"Strength Potion"},{"floor":24,"key":"Dexterity Potion"},{"floor":33,"key":"PowerPotion"},{"floor":37,"key":"Block Potion"},{"floor":39,"key":"SmokeBomb"},{"floor":44,"key":"EssenceOfSteel"},{"floor":45,"key":"SkillPotion"},{"floor":48,"key":"SteroidPotion"}],"is_trial":false,"path_per_floor":["M","?","M","M","$","E","R","M","T","E","?","$","M","M","R","B",null,"M","?","?","M","M","R","E","M","T","R","M","E","$","?","R","B",null,"M","M","M","$","M","R","M","R","T","M","E","R","M","M","R","B"],"character_chosen":"THE_SILENT","items_purchased":["Dagger Throw","Die Die Die","Caltrops","Noxious Fumes","Regal Pillow","Endless Agony","The Bomb+1"],"campfire_rested":7,"item_purchase_floors":[5,12,12,30,30,38,38],"current_hp_per_floor":[70,70,70,70,70,56,56,56,56,52,52,52,44,44,70,26,89,78,78,78,76,70,89,79,64,64,89,75,52,52,52,89,20,89,89,77,62,62,48,89,89,89,96,62,38,81,81,81,96,0],"gold":171,"neow_bonus":"UPGRADE_CARD","is_prod":false,"is_daily":false,"chose_seed":false,"campfire_upgraded":2,"win_rate":0.0,"timestamp":1543091656,"path_taken":["M","?","M","M","$","E","R","M","T","E","?","?","M","M","R","BOSS","M","?","?","M","M","R","E","?","T","R","M","E","?","?","R","BOSS","M","M","M","$","M","R","M","R","T","M","E","R","M","M","R","BOSS"],"build_version":"2018-11-15","purchased_purges":0,"victory":false,"max_hp_per_floor":[70,70,70,70,70,75,75,75,75,89,89,89,89,89,89,89,89,89,89,89,89,89,89,89,89,89,89,89,89,89,89,89,89,89,89,89,89,89,89,89,89,89,96,96,96,96,96,96,96,96],"card_choices":[{"not_picked":["Tactician","Slice"],"picked":"Blade Dance","floor":1},{"not_picked":["Skewer","Slice"],"picked":"Predator","floor":3},{"not_picked":["Masterful Stab","Tools of the Trade"],"picked":"Poisoned Stab","floor":4},{"not_picked":["PiercingWail","Terror"],"picked":"Blur","floor":6},{"not_picked":["Backflip","Escape Plan"],"picked":"Sucker Punch","floor":8},{"not_picked":["Dagger Throw","Escape Plan+1"],"picked":"Cloak And Dagger+1","floor":10},{"not_picked":["Underhanded Strike","Poisoned Stab"],"picked":"All Out Attack","floor":13},{"not_picked":["Infinite Blades","Quick Slash"],"picked":"Dash","floor":14},{"not_picked":["Bullet Time+1","Storm of Steel+1"],"picked":"Corpse Explosion+1","floor":16},{"not_picked":["Sucker Punch+1","Choke+1"],"picked":"Deflect+1","floor":18},{"not_picked":["Calculated Gamble+1","Poisoned Stab"],"picked":"Deadly Poison+1","floor":21},{"not_picked":["Deadly Poison+1","Skewer+1"],"picked":"Backstab","floor":22},{"not_picked":["Concentrate+1","Sucker Punch"],"picked":"Deflect+1","floor":24},{"not_picked":["Distraction+1","Infinite Blades+1"],"picked":"Dash+1","floor":25},{"not_picked":["Predator","Quick Slash"],"picked":"Deadly Poison+1","floor":28},{"not_picked":["Choke","Dodge and Roll+1"],"picked":"Accuracy+1","floor":29},{"not_picked":["Glass Knife","Bullet Time+1"],"picked":"After Image","floor":33},{"not_picked":["Tactician+1","Poisoned Stab"],"picked":"Cloak And Dagger+1","floor":34},{"not_picked":["Dagger Throw+1","Deflect+1"],"picked":"Leg Sweep+1","floor":34},{"not_picked":["Escape Plan+1","Masterful Stab"],"picked":"Deflect+1","floor":34},{"not_picked":["Reflex+1","Dagger Throw"],"picked":"Deadly Poison+1","floor":34},{"not_picked":["Outmaneuver+1","Deadly Poison+1"],"picked":"Cloak And Dagger+1","floor":34},{"not_picked":["Deflect+1","Poisoned Stab+1"],"picked":"Bullet Time+1","floor":35},{"not_picked":["Blur+1","Riddle With Holes+1"],"picked":"Blade Dance+1","floor":36},{"not_picked":["Eviscerate","Outmaneuver+1"],"picked":"All Out Attack+1","floor":37},{"not_picked":["Reflex+1","Prepared+1"],"picked":"Dash+1","floor":39},{"not_picked":["Quick Slash","Deadly Poison+1"],"picked":"Blur+1","floor":41},{"not_picked":["Deflect+1","Sucker Punch+1"],"picked":"Flechettes+1","floor":44},{"not_picked":["Quick Slash","Cloak And Dagger+1"],"picked":"Die Die Die","floor":45},{"not_picked":["Choke","Distraction+1"],"picked":"Backflip+1","floor":47},{"not_picked":["Flying Knee+1","Skewer+1"],"picked":"Acrobatics+1","floor":48}],"player_experience":90640,"relics_obtained":[{"floor":6,"key":"Ancient Tea Set"},{"floor":9,"key":"Toxic Egg 2"},{"floor":10,"key":"Mango"},{"floor":24,"key":"Oddly Smooth Stone"},{"floor":26,"key":"Mummified Hand"},{"floor":29,"key":"The Courier"},{"floor":43,"key":"Strawberry"},{"floor":45,"key":"Potion Belt"}],"event_choices":[{"damage_healed":0,"gold_gain":0,"player_choice":"Leave","damage_taken":0,"max_hp_gain":0,"max_hp_loss":0,"event_name":"The Cleric","floor":2,"gold_loss":0},{"damage_healed":0,"gold_gain":0,"player_choice":"Ignored","damage_taken":0,"max_hp_gain":0,"max_hp_loss":0,"event_name":"Golden Idol","floor":11,"gold_loss":0},{"damage_healed":0,"gold_gain":0,"player_choice":"Simplicity","damage_taken":0,"max_hp_gain":0,"max_hp_loss":0,"event_name":"Back to Basics","floor":19,"gold_loss":0,"cards_upgraded":["Defend_G","Defend_G","Defend_G","Defend_G","Strike_G","Strike_G","Strike_G"]},{"damage_healed":0,"gold_gain":0,"player_choice":"Upgraded","damage_taken":0,"max_hp_gain":0,"max_hp_loss":0,"event_name":"Upgrade Shrine","floor":20,"gold_loss":0,"cards_upgraded":["Caltrops"]},{"damage_healed":0,"gold_gain":0,"player_choice":"Inject Mutagens","damage_taken":0,"relics_obtained":["MutagenicStrength"],"max_hp_gain":0,"max_hp_loss":0,"event_name":"Drug Dealer","floor":31,"gold_loss":0}],"is_beta":false,"boss_relics":[{"not_picked":["Pandora\u0027s Box","Busted Crown"],"picked":"Astrolabe"},{"not_picked":["Coffee Dripper","Tiny House"],"picked":"Orrery"}],"items_purged_floors":[],"is_endless":false,"potions_floor_spawned":[1,6,10,13,21,24,29,33,37,39,44,45,48],"killed_by":"Donu and Deca","ascension_level":0}