{"gold_per_floor":[118,131,141,141,156,156,156,156,205,237,202,202,230,293,293,293],"floor_reached":16,"playtime":504,"items_purged":[],"score":216,"play_id":"cea0e13a-c4df-4013-9873-50bb2138e5a9","local_time":"20181118101358","is_ascension_mode":true,"campfire_choices":[{"data":"Go for the Eyes","floor":6,"key":"SMITH"},{"floor":8,"key":"REST"},{"floor":12,"key":"REST"},{"data":"Chaos","floor":15,"key":"SMITH"}],"neow_cost":"NONE","seed_source_timestamp":780498991743405,"circlet_count":0,"master_deck":["AscendersBane","Strike_B+1","Strike_B","Strike_B","Strike_B","Defend_B","Defend_B","Defend_B","Defend_B+1","Zap+1","Dualcast","Chaos+1","Go for the Eyes+1","Echo Form+1","Glacier","Coolheaded","Glacier","BootSequence"],"relics":["Cracked Core","Vajra","Dream Catcher","StoneCalendar","Potion Belt"],"potions_floor_usage":[10,14],"damage_taken":[{"damage":7,"enemies":"Jaw Worm","floor":1,"turns":4},{"damage":1,"enemies":"2 Louse","floor":2,"turns":2},{"damage":12,"enemies":"Small Slimes","floor":3,"turns":3},{"damage":9,"enemies":"Blue Slaver","floor":5,"turns":4},{"damage":32,"enemies":"Gremlin Nob","floor":10,"turns":4},{"damage":4,"enemies":"Lagavulin","floor":13,"turns":9},{"damage":24,"enemies":"Gremlin Nob","floor":14,"turns":4},{"damage":21,"enemies":"Hexaghost","floor":16,"turns":12}],"seed_played":"4844773740758522373","potions_obtained":[{"floor":2,"key":"FairyPotion"},{"floor":5,"key":"FearPotion"},{"floor":13,"key":"Poison Potion"}],"is_trial":false,"path_per_floor":["M","M","M","?","M","R","?","R","T","E","?","R","E","?","R","B"],"character_chosen":"DEFECT","items_purchased":[],"campfire_rested":2,"item_purchase_floors":[],"current_hp_per_floor":[57,56,44,23,14,14,14,35,35,3,20,41,37,13,13,0],"gold":293,"neow_bonus":"UPGRADE_CARD","is_prod":false,"is_daily":false,"chose_seed":false,"campfire_upgraded":2,"win_rate":0,"timestamp":1542564838,"path_taken":["M","M","M","?","M","R","?","R","T","E","?","R","E","?","R","BOSS"],"build_version":"2018-11-15","purchased_purges":0,"victory":false,"max_hp_per_floor":[71,71,71,71,71,71,71,71,71,71,71,71,71,71,71,71],"card_choices":[{"not_picked":["Gash","Barrage","Redo"],"picked":"SKIP","floor":1},{"not_picked":["Barrage","Streamline"],"picked":"Chaos","floor":2},{"not_picked":["Streamline","Rebound"],"picked":"Go for the Eyes","floor":3},{"not_picked":["Rebound","Streamline"],"picked":"Echo Form","floor":5},{"not_picked":["Doom and Gloom","Scrape"],"picked":"Glacier","floor":10},{"not_picked":["Gash","Skim"],"picked":"Coolheaded","floor":12},{"not_picked":["Static Discharge","Undo"],"picked":"Glacier","floor":13},{"not_picked":["Sweeping Beam","Reprogram"],"picked":"BootSequence","floor":14}],"player_experience":947865,"relics_obtained":[{"floor":9,"key":"Vajra"},{"floor":10,"key":"Dream Catcher"},{"floor":13,"key":"StoneCalendar"},{"floor":14,"key":"Potion Belt"}],"event_choices":[{"damage_healed":0,"gold_gain":0,"player_choice":"Entered Light","damage_taken":21,"max_hp_gain":0,"max_hp_loss":0,"event_name":"Shining Light","floor":4,"gold_loss":0,"cards_upgraded":["Strike_B","Defend_B"]},{"damage_healed":0,"gold_gain":0,"player_choice":"Grow","damage_taken":0,"max_hp_gain":0,"max_hp_loss":0,"event_name":"Living Wall","floor":7,"gold_loss":0,"cards_upgraded":["Echo Form"]},{"damage_healed":17,"gold_gain":0,"player_choice":"Healed","damage_taken":0,"max_hp_gain":0,"max_hp_loss":0,"event_name":"The Cleric","floor":11,"gold_loss":35},{"damage_healed":0,"gold_gain":0,"player_choice":"Searched \u00271\u0027 times","damage_taken":0,"max_hp_gain":0,"max_hp_loss":0,"event_name":"Dead Adventurer","floor":14,"gold_loss":0}],"is_beta":true,"boss_relics":[],"items_purged_floors":[],"is_endless":false,"potions_floor_spawned":[2,5,13],"killed_by":"Hexaghost","ascension_level":20}