{"gold_per_floor":[117,128,138,63,63,89,89,122,176,176,195,19,52,14,14,90,90,30,30,30,30,30,30,30,30,30,30,30,30,30,30,30,30],"floor_reached":33,"playtime":2044,"items_purged":["Strike_B"],"score":471,"play_id":"4e6fa420-e607-476c-b504-eab2a67f22a0","local_time":"20181106135844","is_ascension_mode":true,"campfire_choices":[{"floor":7.0,"key":"REST"},{"floor":15.0,"key":"REST"},{"floor":23.0,"key":"REST"},{"data":"Sunder","floor":27.0,"key":"SMITH"},{"floor":32.0,"key":"REST"}],"neow_cost":"NONE","seed_source_timestamp":688992395463777,"circlet_count":0,"master_deck":["AscendersBane","Strike_B","Strike_B","Defend_B","Defend_B","Defend_B","Defend_B","Zap+1","Dualcast","Streamline","Compile Driver","Sweeping Beam","Compile Driver","Sunder+1","Cold Snap","Ball Lightning","Auto Shields","Glacier","Loop","Electrodynamics","Redo+1","Hologram","J.A.X.","Undo","Leap+1","Biased Cognition","Coolheaded","Conserve Battery+1"],"special_seed":0,"relics":["Cracked Core","NeowsBlessing","Question Card","PreservedInsect","Centennial Puzzle","Regal Pillow","Ectoplasm","Singing Bowl"],"potions_floor_usage":[33],"damage_taken":[{"damage":0.0,"enemies":"Cultist","floor":1.0,"turns":1.0},{"damage":0.0,"enemies":"Small Slimes","floor":2.0,"turns":1.0},{"damage":0.0,"enemies":"Jaw Worm","floor":3.0,"turns":1.0},{"damage":30.0,"enemies":"3 Sentries","floor":6.0,"turns":7.0},{"damage":20.0,"enemies":"Gremlin Nob","floor":8.0,"turns":4.0},{"damage":2.0,"enemies":"2 Fungi Beasts","floor":11.0,"turns":2.0},{"damage":11.0,"enemies":"3 Sentries","floor":13.0,"turns":4.0},{"damage":8.0,"enemies":"The Guardian","floor":16.0,"turns":12.0},{"damage":19.0,"enemies":"2 Thieves","floor":18.0,"turns":4.0},{"damage":0.0,"enemies":"3 Byrds","floor":19.0,"turns":4.0},{"damage":12.0,"enemies":"Centurion and Healer","floor":22.0,"turns":5.0},{"damage":9.0,"enemies":"Snake Plant","floor":24.0,"turns":4.0},{"damage":1.0,"enemies":"Cultist and Chosen","floor":28.0,"turns":4.0},{"damage":10.0,"enemies":"Snecko","floor":29.0,"turns":5.0},{"damage":0.0,"enemies":"3 Cultists","floor":30.0,"turns":3.0},{"damage":7.0,"enemies":"Snake Plant","floor":31.0,"turns":4.0},{"damage":78,"enemies":"Collector","floor":33,"turns":12}],"seed_played":"-8767109872096777935","potions_obtained":[{"floor":8.0,"key":"GamblersBrew"},{"floor":11.0,"key":"Poison Potion"},{"floor":29.0,"key":"SmokeBomb"}],"is_trial":false,"path_per_floor":["M","M","M","?","?","E","R","E","T","?","M","$","E","$","R","B",null,"M","M","?","?","M","R","M","?","T","R","M","M","M","M","R","B"],"character_chosen":"DEFECT","items_purchased":["Ball Lightning","Auto Shields","Loop"],"campfire_rested":4,"item_purchase_floors":[12,12,14],"current_hp_per_floor":[64,64,64,64,64,34,55,35,35,35,33,33,22,22,58,50,66,47,47,47,47,35,71,62,62,62,62,63,53,53,48,75,0],"gold":30,"neow_bonus":"THREE_ENEMY_KILL","is_prod":false,"is_daily":false,"chose_seed":false,"campfire_upgraded":1,"win_rate":0,"timestamp":1541541524,"path_taken":["M","M","?","?","?","E","R","E","T","?","M","$","E","?","R","BOSS","M","M","?","?","M","R","M","?","T","R","M","M","?","M","R","BOSS"],"build_version":"2018-11-01","purchased_purges":1,"victory":false,"max_hp_per_floor":[71,71,71,71,71,71,71,71,71,71,71,71,71,71,71,71,71,71,71,71,71,71,71,71,71,71,71,73,73,73,75,75,75],"card_choices":[{"not_picked":["Turbo","Darkness"],"picked":"Streamline","floor":1.0},{"not_picked":["Hologram","BootSequence"],"picked":"Compile Driver","floor":2.0},{"not_picked":["Turbo","Creative AI"],"picked":"Sweeping Beam","floor":3.0},{"not_picked":["Barrage","Tempest"],"picked":"Compile Driver","floor":6.0},{"not_picked":["Genetic Algorithm","Turbo","Beam Cell"],"picked":"Sunder","floor":8.0},{"not_picked":["Compile Driver","Turbo","Thunder Strike"],"picked":"Cold Snap","floor":11.0},{"not_picked":["Cold Snap","Redo","Streamline"],"picked":"Glacier","floor":13.0},{"not_picked":["Biased Cognition","Core Surge","Buffer"],"picked":"Electrodynamics","floor":16.0},{"not_picked":["Doom and Gloom","Turbo","Stack"],"picked":"Redo+1","floor":18.0},{"not_picked":["Streamline","Rebound","Gash"],"picked":"Hologram","floor":19.0},{"not_picked":["Sweeping Beam","Rebound","Leap"],"picked":"Undo","floor":22.0},{"not_picked":["Redo","Static Discharge","Force Field"],"picked":"Leap+1","floor":24.0},{"not_picked":["Leap","Cold Snap","BootSequence+1","Conserve Battery"],"picked":"Singing Bowl","floor":28.0},{"not_picked":["Sunder","Beam Cell","Reboot"],"picked":"Coolheaded","floor":29.0},{"not_picked":["Streamline","Sweeping Beam","Barrage"],"picked":"Conserve Battery+1","floor":30.0},{"not_picked":["Sweeping Beam","Skim","Barrage","Steam+1"],"picked":"Singing Bowl","floor":31.0}],"player_experience":1241753,"relics_obtained":[{"floor":6.0,"key":"Question Card"},{"floor":8.0,"key":"PreservedInsect"},{"floor":9.0,"key":"Centennial Puzzle"},{"floor":13.0,"key":"Regal Pillow"},{"floor":26.0,"key":"Singing Bowl"}],"event_choices":[{"cards_removed":["Strike_B"],"damage_healed":0.0,"max_hp_gain":0.0,"max_hp_loss":0.0,"gold_gain":0.0,"event_name":"The Cleric","player_choice":"Card Removal","floor":4.0,"gold_loss":75.0,"damage_taken":0.0},{"damage_healed":0.0,"max_hp_gain":0.0,"max_hp_loss":0.0,"gold_gain":0.0,"event_name":"Liars Game","player_choice":"Ignored","floor":5.0,"gold_loss":0.0,"damage_taken":0.0},{"damage_healed":0.0,"max_hp_gain":0.0,"max_hp_loss":0.0,"gold_gain":0.0,"event_name":"Living Wall","player_choice":"Grow","floor":10.0,"gold_loss":0.0,"damage_taken":0.0,"cards_upgraded":["Zap"]},{"damage_healed":0.0,"max_hp_gain":0.0,"max_hp_loss":0.0,"gold_gain":0.0,"event_name":"Drug Dealer","player_choice":"Obtain J.A.X.","floor":20.0,"gold_loss":0.0,"damage_taken":0.0,"cards_obtained":["J.A.X."]},{"damage_healed":0.0,"max_hp_gain":0.0,"max_hp_loss":0.0,"gold_gain":0.0,"event_name":"Ghosts","player_choice":"Ignored","floor":21.0,"gold_loss":0.0,"damage_taken":0.0},{"damage_healed":0.0,"max_hp_gain":0.0,"max_hp_loss":0.0,"gold_gain":0.0,"event_name":"The Library","player_choice":"Read","floor":25.0,"gold_loss":0.0,"damage_taken":0.0,"cards_obtained":["Biased Cognition"]}],"is_beta":false,"boss_relics":[{"not_picked":["Tiny House","Fusion Hammer"],"picked":"Ectoplasm"}],"items_purged_floors":[12],"is_endless":false,"potions_floor_spawned":[8,11,16,18,24,29,30],"killed_by":"Collector","ascension_level":15}