{"path_per_floor":["M","?","M","M","$","E","R","E","T","M","$","M","R","?","R","B",null,"M","M","?","M","M","E","M","R","T","M","R","E","R","$","R","B",null,"M","M","?","?","?","R","E","?","T","M","E","M","R","M","R","B"],"character_chosen":"THE_SILENT","items_purchased":["Dagger Spray","Lantern"],"gold_per_floor":[116,116,133,153,28,56,56,86,168,187,187,203,203,203,203,298,298,310,329,329,345,362,397,407,407,407,426,426,459,459,202,202,306,306,318,334,334,334,385,385,410,410,410,420,449,460,460,480,480,480],"floor_reached":51,"campfire_rested":1,"playtime":4391,"item_purchase_floors":[],"current_hp_per_floor":[77,77,77,77,77,60,60,48,48,48,48,38,38,38,38,23,77,62,47,47,49,48,51,45,45,45,43,43,53,53,53,53,24,53,53,53,43,38,42,42,23,23,23,43,11,29,29,13,43,41],"items_purged":["Strike_G","Bite"],"gold":480,"score":757,"play_id":"78578704-0f2b-4ec1-b65a-dd6c4448b2d5","local_time":"20180601091141","is_prod":false,"is_daily":false,"chose_seed":false,"is_ascension_mode":false,"campfire_upgraded":9,"win_rate":0,"timestamp":1527869501,"campfire_choices":[{"data":"Neutralize","floor":7.0,"key":"SMITH"},{"data":"A Thousand Cuts","floor":13.0,"key":"SMITH"},{"data":"Dagger Spray","floor":15.0,"key":"SMITH"},{"data":"Footwork","floor":25.0,"key":"SMITH"},{"data":"Noxious Fumes","floor":28.0,"key":"SMITH"},{"data":"Bane","floor":30.0,"key":"SMITH"},{"data":"Blur","floor":32.0,"key":"SMITH"},{"data":"Adrenaline","floor":40.0,"key":"SMITH"},{"data":"Predator","floor":47.0,"key":"SMITH"},{"floor":49.0,"key":"REST"}],"path_taken":["M","?","M","M","$","E","R","E","T","M","?","M","R","?","R","BOSS","M","M","?","M","M","E","?","R","T","M","R","E","R","$","R","BOSS","M","M","?","?","?","R","E","?","T","?","E","M","R","M","R","BOSS"],"build_version":"2018-05-31","seed_source_timestamp":930878794716864,"purchased_purges":2,"victory":true,"master_deck":["Defend_G","Defend_G","Defend_G","Defend_G","Defend_G","Survivor","Neutralize+1","Cloak And Dagger+1","Dagger Throw","PiercingWail","Dagger Spray+1","Blur+1","A Thousand Cuts+1","Backflip","Noxious Fumes+1","Envenom","Well Laid Plans","Bite","Bite","Bite","Bite","Footwork+1","Bane+1","Acrobatics+1","Tools of the Trade+1","Adrenaline+1","Prepared+1","Cloak And Dagger+1","Sadistic Nature+1","Dark Shackles","Dark Shackles","Skewer+1","Footwork+1","Predator+1","Backflip+1"],"max_hp_per_floor":[77,77,77,77,77,77,77,77,77,77,77,77,77,77,77,77,77,77,77,53,53,53,53,53,53,53,53,53,53,53,53,53,53,53,53,53,53,53,53,53,53,53,53,53,53,53,53,53,53,53],"relics":["Ring of the Snake","Tingsha","Regal Pillow","Tough Bandages","Cursed Key","Frozen Egg 2","Question Card","Lantern","Philosopher\u0027s Stone","Bird Faced Urn","Vajra","Potion Belt"],"card_choices":[{"not_picked":["Terror","Leg Sweep"],"picked":"Cloak And Dagger","floor":1.0},{"not_picked":["Slice","Caltrops"],"picked":"Dagger Throw","floor":3.0},{"not_picked":["Bane","Acrobatics"],"picked":"PiercingWail","floor":4.0},{"not_picked":["Concentrate","Crippling Poison","Eviscerate"],"picked":"SKIP","floor":6.0},{"not_picked":["Endless Agony","Dodge and Roll"],"picked":"Blur","floor":8.0},{"not_picked":["PiercingWail","Endless Agony"],"picked":"A Thousand Cuts","floor":10.0},{"not_picked":["Sucker Punch","Slice"],"picked":"Backflip","floor":12.0},{"not_picked":["Phantasmal Killer","Night Terror"],"picked":"Envenom","floor":16.0},{"not_picked":["Deadly Poison","PiercingWail","Underhanded Strike+1"],"picked":"SKIP","floor":18.0},{"not_picked":["Sucker Punch","Reflex"],"picked":"Well Laid Plans","floor":19.0},{"not_picked":["Blade Dance","Backflip"],"picked":"Footwork","floor":21.0},{"not_picked":["Bouncing Flask","Deflect+1"],"picked":"Bane","floor":22.0},{"not_picked":["Heel Hook","Prepared"],"picked":"Acrobatics+1","floor":23.0},{"not_picked":["Deadly Poison+1","Deflect","Dagger Spray"],"picked":"SKIP","floor":24.0},{"not_picked":["Poisoned Stab","Dagger Throw"],"picked":"Tools of the Trade+1","floor":27.0},{"not_picked":["Poisoned Stab","Finisher","Grand Finale"],"picked":"SKIP","floor":29.0},{"not_picked":["Die Die Die","Wraith Form v2+1","Tools of the Trade+1"],"picked":"Adrenaline","floor":33.0},{"not_picked":["Underhanded Strike","Acrobatics","Well Laid Plans+1"],"picked":"Prepared+1","floor":35.0},{"not_picked":["Escape Plan","Bane+1","Backflip"],"picked":"Cloak And Dagger+1","floor":36.0},{"not_picked":["Secret Technique","Dark Shackles","Madness"],"picked":"Sadistic Nature+1","floor":37.0},{"not_picked":["Secret Weapon","Dramatic Entrance","Secret Technique"],"picked":"Dark Shackles","floor":37.0},{"not_picked":["Panacea","Dramatic Entrance","Deep Breath"],"picked":"Dark Shackles","floor":37.0},{"not_picked":["Catalyst+1","Choke+1","Backflip+1"],"picked":"Skewer+1","floor":39.0},{"not_picked":["Tactician","Caltrops+1","Doppelganger"],"picked":"Footwork+1","floor":41.0},{"not_picked":["Bouncing Flask","Prepared","Acrobatics+1"],"picked":"Predator","floor":44.0},{"not_picked":["Deflect+1","Bane+1","Setup","Concentrate+1"],"picked":"SKIP","floor":45.0},{"not_picked":["Dagger Spray","Masterful Stab+1","Caltrops+1","Dagger Throw"],"picked":"SKIP","floor":46.0},{"not_picked":["Quick Slash","Deadly Poison+1","Cloak And Dagger+1"],"picked":"Backflip+1","floor":48.0}],"player_experience":766809,"potions_floor_usage":[50,50,50],"damage_taken":[{"damage":0.0,"enemies":"2 Louse","floor":1.0,"turns":4.0},{"damage":0.0,"enemies":"Jaw Worm","floor":3.0,"turns":3.0},{"damage":0.0,"enemies":"Cultist","floor":4.0,"turns":3.0},{"damage":17.0,"enemies":"3 Sentries","floor":6.0,"turns":9.0},{"damage":12.0,"enemies":"Lagavulin","floor":8.0,"turns":6.0},{"damage":0.0,"enemies":"Large Slime","floor":10.0,"turns":7.0},{"damage":10.0,"enemies":"Exordium Thugs","floor":12.0,"turns":4.0},{"damage":15.0,"enemies":"Slime Boss","floor":16.0,"turns":8.0},{"damage":15.0,"enemies":"Shell Parasite","floor":18.0,"turns":6.0},{"damage":15.0,"enemies":"Chosen","floor":19.0,"turns":6.0},{"damage":8.0,"enemies":"3 Cultists","floor":21.0,"turns":4.0},{"damage":7.0,"enemies":"Sentry and Sphere","floor":22.0,"turns":4.0},{"damage":19.0,"enemies":"Gremlin Leader","floor":23.0,"turns":10.0},{"damage":14.0,"enemies":"Centurion and Healer","floor":24.0,"turns":5.0},{"damage":14.0,"enemies":"Cultist and Chosen","floor":27.0,"turns":7.0},{"damage":1.0,"enemies":"Book of Stabbing","floor":29.0,"turns":6.0},{"damage":36.0,"enemies":"Collector","floor":33.0,"turns":8.0},{"damage":0.0,"enemies":"3 Shapes","floor":35.0,"turns":4.0},{"damage":2.0,"enemies":"3 Darklings","floor":36.0,"turns":5.0},{"damage":0.0,"enemies":"Mysterious Sphere","floor":39.0,"turns":3.0},{"damage":34.0,"enemies":"Nemesis","floor":41.0,"turns":3.0},{"damage":0.0,"enemies":"4 Shapes","floor":44.0,"turns":6.0},{"damage":48.0,"enemies":"2 Orb Walkers","floor":45.0,"turns":4.0},{"damage":0.0,"enemies":"Sphere and 2 Shapes","floor":46.0,"turns":3.0},{"damage":34.0,"enemies":"3 Darklings","floor":48.0,"turns":3.0},{"damage":22,"enemies":"Time Eater","floor":50,"turns":9}],"relics_obtained":[{"floor":6.0,"key":"Tingsha"},{"floor":8.0,"key":"Regal Pillow"},{"floor":9.0,"key":"Tough Bandages"},{"floor":23.0,"key":"Frozen Egg 2"},{"floor":29.0,"key":"Question Card"},{"floor":39.0,"key":"Bird Faced Urn"},{"floor":41.0,"key":"Vajra"},{"floor":45.0,"key":"Potion Belt"}],"event_choices":[{"event_name":"Living Wall","player_choice":"Grow","floor":2.0,"damage_taken":0.0},{"event_name":"Match and Keep!","player_choice":"1 cards matched","floor":14.0,"damage_taken":0.0},{"event_name":"Vampires","player_choice":"Became a vampire","floor":20.0,"damage_taken":0.0},{"event_name":"SensoryStone","player_choice":"Memory 3","floor":37.0,"damage_taken":0.0},{"event_name":"Wheel of Change","player_choice":"Damage","floor":38.0,"damage_taken":0.0},{"event_name":"Mysterious Sphere","player_choice":"Fight","floor":39.0,"damage_taken":0.0},{"event_name":"Accursed Blacksmith","player_choice":"Ignore","floor":42.0,"damage_taken":0.0}],"boss_relics":[],"items_purged_floors":[],"potions_floor_spawned":[3,4,10,12,16,19,23,24,27,35,39,44,45,48],"seed_played":"4486119475887991140","ascension_level":0,"potions_obtained":[{"floor":3.0,"key":"Poison Potion"},{"floor":4.0,"key":"EssenceOfSteel"},{"floor":10.0,"key":"GhostInAJar"},{"floor":12.0,"key":"Dexterity Potion"},{"floor":19.0,"key":"Strength Potion"},{"floor":27.0,"key":"Dexterity Potion"},{"floor":35.0,"key":"PowerPotion"},{"floor":39.0,"key":"LiquidBronze"},{"floor":44.0,"key":"AttackPotion"},{"floor":45.0,"key":"EssenceOfSteel"},{"floor":48.0,"key":"Strength Potion"}],"is_trial":false}