{"gold_per_floor":[367,15,15,26,2,36,36,63,133,145,199,221,247,279,291,379,391,423,435],"floor_reached":19,"playtime":3924,"items_purged":["Writhe"],"score":358,"play_id":"f6d2c212-bedd-4355-95ef-7f948f5f3762","local_time":"20181212103854","is_ascension_mode":true,"campfire_choices":[{"data":"Bash","floor":7,"key":"SMITH"},{"floor":15,"key":"REST"}],"neow_cost":"CURSE","seed_source_timestamp":136402263911702,"circlet_count":0,"master_deck":["AscendersBane","Strike_R","Strike_R","Strike_R","Strike_R","Strike_R","Defend_R","Defend_R","Defend_R","Defend_R","Bash+1","Headbutt","Rage","Twin Strike","Ghostly Armor","Warcry","Shrug It Off","Bloodletting","Rupture+1","Intimidate","Barricade+1","Body Slam"],"relics":["Burning Blood","Letter Opener","Art of War","Mercury Hourglass","Frozen Egg 2","MawBank","Mark of Pain"],"potions_floor_usage":[4,6,8,10,16,18],"damage_taken":[{"damage":11,"enemies":"2 Louse","floor":1,"turns":3},{"damage":1,"enemies":"Cultist","floor":4,"turns":3},{"damage":41,"enemies":"3 Sentries","floor":6,"turns":9},{"damage":36,"enemies":"Lagavulin","floor":8,"turns":6},{"damage":9,"enemies":"Jaw Worm","floor":10,"turns":3},{"damage":7,"enemies":"Lots of Slimes","floor":12,"turns":3},{"damage":10,"enemies":"Exordium Thugs","floor":13,"turns":4},{"damage":3,"enemies":"Looter","floor":14,"turns":3},{"damage":38,"enemies":"The Guardian","floor":16,"turns":13},{"damage":41,"enemies":"Shell Parasite","floor":18,"turns":6},{"damage":30,"enemies":"Spheric Guardian","floor":19,"turns":5}],"seed_played":"-1323699821658492665","potions_obtained":[{"floor":3,"key":"FearPotion"},{"floor":3,"key":"Poison Potion"},{"floor":4,"key":"Regen Potion"},{"floor":8,"key":"BloodPotion"},{"floor":13,"key":"Regen Potion"},{"floor":16,"key":"PowerPotion"}],"is_trial":false,"path_per_floor":["M","$","?","M","$","E","R","E","T","M","T","M","M","M","R","B",null,"M","M"],"character_chosen":"IRONCLAD","items_purchased":["Letter Opener","Twin Strike"],"campfire_rested":1,"item_purchase_floors":[2,5],"current_hp_per_floor":[63,63,63,68,68,48,48,18,18,22,22,21,17,20,42,25,63,28,0],"gold":435,"neow_bonus":"TWO_FIFTY_GOLD","is_prod":false,"is_daily":false,"chose_seed":false,"campfire_upgraded":1,"win_rate":0,"timestamp":1544636334,"path_taken":["M","$","?","M","?","E","R","E","T","M","?","M","M","?","R","BOSS","M","M"],"build_version":"2018-12-06","purchased_purges":1,"victory":false,"max_hp_per_floor":[75,75,75,75,75,75,75,75,75,75,75,75,75,75,75,75,75,75,75],"card_choices":[{"not_picked":["Power Through","True Grit"],"picked":"Headbutt","floor":1},{"not_picked":["Thunderclap","True Grit"],"picked":"Rage","floor":4},{"not_picked":["Iron Wave","Searing Blow"],"picked":"Ghostly Armor","floor":6},{"not_picked":["Dual Wield","Entrench"],"picked":"Warcry","floor":8},{"not_picked":["Power Through","Sword Boomerang"],"picked":"Shrug It Off","floor":10},{"not_picked":["Shrug It Off","Twin Strike"],"picked":"Bloodletting","floor":12},{"not_picked":["Wild Strike","Sword Boomerang"],"picked":"Rupture+1","floor":13},{"not_picked":["Hemokinesis","Twin Strike"],"picked":"Intimidate","floor":14},{"not_picked":["Double Tap","Exhume"],"picked":"Barricade+1","floor":16},{"not_picked":["Disarm","Bloodletting"],"picked":"Body Slam","floor":18}],"player_experience":605347,"relics_obtained":[{"floor":6,"key":"Art of War"},{"floor":8,"key":"Mercury Hourglass"},{"floor":9,"key":"Frozen Egg 2"},{"floor":11,"key":"MawBank"}],"event_choices":[{"damage_healed":0,"gold_gain":0,"player_choice":"Got Potions","damage_taken":0,"max_hp_gain":0,"max_hp_loss":0,"event_name":"Lab","floor":3,"gold_loss":0}],"is_beta":false,"boss_relics":[{"not_picked":["Sozu","Snecko Eye"],"picked":"Mark of Pain"}],"items_purged_floors":[2],"is_endless":false,"potions_floor_spawned":[4,8,13,16],"killed_by":"Spheric Guardian","ascension_level":20}