{"path_per_floor":["M","M","M","$","M","E","R","M","T","E","M","M","R","M","R","B",null,"M","$","M","M","?","R","E","M","T","M","M","R","E","M","R"],"character_chosen":"THE_SILENT","items_purchased":["Dash","Malaise","Bottled Lightning","Escape Plan"],"gold_per_floor":[110,122,137,33,52,80,80,92,92,127,141,154,154,173,173,272,272,288,3,14,28,28,28,55,65,140,159,170,170,199,219,219,219],"floor_reached":33,"campfire_rested":5,"playtime":2161,"item_purchase_floors":[4,4,19,19],"current_hp_per_floor":[70,70,70,70,66,39,60,60,60,38,38,38,59,58,58,28,70,47,47,47,17,40,61,51,45,45,45,39,60,31,7,28,0],"items_purged":[],"gold":219,"score":416,"play_id":"6ab75648-66ae-40b5-b976-7354766b4a36","local_time":"20180619160530","is_prod":false,"is_daily":false,"chose_seed":false,"is_ascension_mode":true,"campfire_upgraded":1,"win_rate":0,"timestamp":1529417130,"campfire_choices":[{"floor":7,"key":"REST"},{"floor":13,"key":"REST"},{"data":"Neutralize","floor":15,"key":"SMITH"},{"floor":23,"key":"REST"},{"floor":29,"key":"REST"},{"floor":32,"key":"REST"}],"path_taken":["M","M","M","?","M","E","R","M","T","E","M","M","R","M","R","BOSS","M","?","M","M","?","R","E","M","T","M","M","R","E","M","R","BOSS"],"build_version":"2018-06-18","seed_source_timestamp":28299865089626,"purchased_purges":0,"circlet_count":0,"victory":false,"master_deck":["Survivor","Neutralize+1","All Out Attack","Predator","Riddle With Holes","Dash","Malaise","Deflect","Deflect","Dash","Well Laid Plans","Cloak And Dagger","Backflip","Die Die Die","A Thousand Cuts","Expertise","Outmaneuver","Dagger Throw","Bane","Deflect","Poisoned Stab","Well Laid Plans","Catalyst","Backstab","Dagger Throw","Quick Slash","Escape Plan","Dodge and Roll+1","Dodge and Roll","Envenom","Leg Sweep","Dash","Noxious Fumes","Poisoned Stab","Cloak And Dagger+1","Deflect+1","Blur+1"],"max_hp_per_floor":[70,70,70,70,70,70,70,70,70,70,70,70,70,70,70,70,70,70,70,70,70,70,70,70,70,70,70,70,70,70,70,70,70],"relics":["Ring of the Snake","Matryoshka","Ninja Scroll","Bottled Flame","Gremlin Horn","Pandora\u0027s Box","Bottled Lightning","Dream Catcher","Juzu Bracelet","Dodecahedron","Toxic Egg 2"],"card_choices":[{"not_picked":["Acrobatics","Bane"],"picked":"All Out Attack","floor":1},{"not_picked":["Eviscerate","Expertise"],"picked":"Predator","floor":2},{"not_picked":["Skewer","Underhanded Strike"],"picked":"Riddle With Holes","floor":3},{"not_picked":["Crippling Poison","Calculated Gamble"],"picked":"Deflect","floor":5},{"not_picked":["Calculated Gamble","Heel Hook"],"picked":"Deflect","floor":6},{"not_picked":["Calculated Gamble","Flying Knee"],"picked":"Dash","floor":8},{"not_picked":["Dash","Poisoned Stab"],"picked":"Well Laid Plans","floor":10},{"not_picked":["Backflip","Blur"],"picked":"Cloak And Dagger","floor":11},{"not_picked":["Blade Dance","Outmaneuver"],"picked":"Backflip","floor":12},{"not_picked":["Skewer","All Out Attack"],"picked":"Die Die Die","floor":14},{"not_picked":["Tactician","Storm of Steel"],"picked":"A Thousand Cuts","floor":16},{"not_picked":["Outmaneuver","Backflip"],"picked":"Quick Slash","floor":18},{"not_picked":["Choke","Tactician"],"picked":"Dodge and Roll+1","floor":20},{"not_picked":["Reflex","Endless Agony+1"],"picked":"Dodge and Roll","floor":21},{"not_picked":["Deflect","Cloak And Dagger+1"],"picked":"Envenom","floor":24},{"not_picked":["Riddle With Holes","PiercingWail+1"],"picked":"Leg Sweep","floor":25},{"not_picked":["Outmaneuver","Flechettes"],"picked":"Dash","floor":27},{"not_picked":["Quick Slash+1","Masterful Stab"],"picked":"Noxious Fumes","floor":28},{"not_picked":["Prepared","Underhanded Strike"],"picked":"Poisoned Stab","floor":29},{"not_picked":["Underhanded Strike+1","Leg Sweep"],"picked":"Cloak And Dagger","floor":30},{"not_picked":["Masterful Stab","Glass Knife"],"picked":"Deflect+1","floor":31},{"not_picked":["Cloak And Dagger+1","Deadly Poison+1"],"picked":"Blur+1","floor":32}],"player_experience":264228,"potions_floor_usage":[6,16,27,28,33,33],"damage_taken":[{"damage":0,"enemies":"Cultist","floor":1,"turns":5},{"damage":0,"enemies":"Jaw Worm","floor":2,"turns":5},{"damage":0,"enemies":"2 Louse","floor":3,"turns":2},{"damage":4,"enemies":"Lots of Slimes","floor":5,"turns":2},{"damage":27,"enemies":"Gremlin Nob","floor":6,"turns":4},{"damage":0,"enemies":"Red Slaver","floor":8,"turns":6},{"damage":22,"enemies":"Lagavulin","floor":10,"turns":8},{"damage":0,"enemies":"3 Louse","floor":11,"turns":1},{"damage":0,"enemies":"Blue Slaver","floor":12,"turns":3},{"damage":1,"enemies":"Looter","floor":14,"turns":3},{"damage":30,"enemies":"The Guardian","floor":16,"turns":11},{"damage":23,"enemies":"Chosen","floor":18,"turns":5},{"damage":0,"enemies":"3 Byrds","floor":20,"turns":3},{"damage":30,"enemies":"Snake Plant","floor":21,"turns":5},{"damage":10,"enemies":"Gremlin Leader","floor":24,"turns":7},{"damage":6,"enemies":"Snecko","floor":25,"turns":4},{"damage":0,"enemies":"Chosen and Byrds","floor":27,"turns":5},{"damage":6,"enemies":"Slaver and Parasite","floor":28,"turns":9},{"damage":29,"enemies":"Book of Stabbing","floor":30,"turns":7},{"damage":24,"enemies":"Cultist and Chosen","floor":31,"turns":6},{"damage":64,"enemies":"Collector","floor":33,"turns":11}],"relics_obtained":[{"floor":6,"key":"Matryoshka"},{"floor":9,"key":"Ninja Scroll"},{"floor":9,"key":"Bottled Flame"},{"floor":10,"key":"Gremlin Horn"},{"floor":24,"key":"Dream Catcher"},{"floor":26,"key":"Juzu Bracelet"},{"floor":26,"key":"Dodecahedron"},{"floor":30,"key":"Toxic Egg 2"}],"event_choices":[{"event_name":"The Library","player_choice":"Heal","floor":22,"damage_taken":0}],"boss_relics":[{"not_picked":["Orrery","Snecko Eye"],"picked":"Pandora\u0027s Box"}],"items_purged_floors":[],"is_endless":false,"potions_floor_spawned":[2,3,6,12,18,21,25,30,31],"seed_played":"694740254972410378","killed_by":"Collector","ascension_level":4,"potions_obtained":[{"floor":2,"key":"LiquidBronze"},{"floor":3,"key":"Poison Potion"},{"floor":6,"key":"Swift Potion"},{"floor":12,"key":"FearPotion"},{"floor":18,"key":"Dexterity Potion"},{"floor":21,"key":"Fire Potion"},{"floor":30,"key":"FairyPotion"},{"floor":31,"key":"GamblersBrew"}],"is_trial":false}