{"gold_per_floor":[119,130,130,141,141,141,171,171,171,171,188,219,219,251,251,355,355,367,380,395,410,421,447,474,486],"floor_reached":25,"playtime":1691,"items_purged":[],"score":257,"play_id":"af617576-280e-4153-8524-af299816e319","local_time":"20190109162805","is_ascension_mode":true,"campfire_choices":[{"data":"Dualcast","floor":6,"key":"SMITH"},{"data":"Multi-Cast","floor":8,"key":"SMITH"},{"data":"Loop","floor":13,"key":"SMITH"},{"floor":15,"key":"REST"}],"neow_cost":"NONE","seed_source_timestamp":115826466096037,"circlet_count":0,"master_deck":["Strike_B","Strike_B","Strike_B","Strike_B","Defend_B","Defend_B","Defend_B","Defend_B","Zap+1","Dualcast+1","Coolheaded+1","Undo","Multi-Cast+1","Loop+1","Ball Lightning","Rainbow","Conserve Battery+1","Creative AI","Machine Learning"],"relics":["Cracked Core","Art of War","Singing Bowl","Bottled Lightning","Question Card","Lantern","Runic Pyramid","MawBank"],"potions_floor_usage":[14,14,16,23,23,23,25],"damage_taken":[{"damage":3,"enemies":"Jaw Worm","floor":1,"turns":3},{"damage":1,"enemies":"2 Louse","floor":2,"turns":2},{"damage":0,"enemies":"Small Slimes","floor":4,"turns":2},{"damage":12,"enemies":"Lagavulin","floor":7,"turns":8},{"damage":5,"enemies":"Gremlin Gang","floor":11,"turns":6},{"damage":15,"enemies":"3 Sentries","floor":12,"turns":9},{"damage":28,"enemies":"Gremlin Nob","floor":14,"turns":5},{"damage":33,"enemies":"Slime Boss","floor":16,"turns":9},{"damage":5,"enemies":"Shell Parasite","floor":18,"turns":4},{"damage":8,"enemies":"Spheric Guardian","floor":19,"turns":4},{"damage":12,"enemies":"Centurion and Healer","floor":20,"turns":4},{"damage":2,"enemies":"Chosen and Byrds","floor":21,"turns":6},{"damage":13,"enemies":"Sentry and Sphere","floor":22,"turns":6},{"damage":6,"enemies":"Slavers","floor":23,"turns":5},{"damage":7,"enemies":"Snake Plant","floor":24,"turns":4},{"damage":37,"enemies":"Book of Stabbing","floor":25,"turns":5}],"seed_played":"-7251885060337581926","potions_obtained":[{"floor":2,"key":"Poison Potion"},{"floor":11,"key":"PowerPotion"},{"floor":12,"key":"Dexterity Potion"},{"floor":14,"key":"Poison Potion"},{"floor":19,"key":"EssenceOfSteel"},{"floor":21,"key":"Swift Potion"},{"floor":23,"key":"Fire Potion"}],"is_trial":false,"path_per_floor":["M","M","?","M","?","R","E","R","T","?","M","E","R","E","R","B",null,"M","M","M","M","M","E","M","E"],"character_chosen":"DEFECT","items_purchased":[],"campfire_rested":1,"item_purchase_floors":[],"current_hp_per_floor":[72,71,71,71,71,71,59,59,59,59,56,41,41,13,36,3,77,74,68,58,56,43,37,32,0],"gold":486,"neow_bonus":"RANDOM_COMMON_RELIC","is_prod":false,"is_daily":false,"chose_seed":false,"campfire_upgraded":3,"win_rate":0,"timestamp":1547011685,"path_taken":["M","M","?","M","?","R","E","R","T","?","M","E","R","E","R","BOSS","M","?","?","M","M","E","M","E"],"build_version":"2018-11-15","purchased_purges":0,"victory":false,"max_hp_per_floor":[75,75,75,75,75,75,75,75,75,75,77,77,77,77,77,77,77,79,81,83,83,83,83,85,85],"card_choices":[{"not_picked":["Sweeping Beam","Steam"],"picked":"Coolheaded","floor":1},{"not_picked":["Skim","Barrage","Turbo"],"picked":"SKIP","floor":2},{"not_picked":["Coolheaded","Double Energy"],"picked":"Undo","floor":4},{"not_picked":["Steam Power","Stack"],"picked":"Multi-Cast","floor":7},{"not_picked":["Sweeping Beam","Leap","Stack"],"picked":"Singing Bowl","floor":11},{"not_picked":["Leap","Hello World"],"picked":"Loop","floor":12},{"not_picked":["Reprogram","Undo","Glacier"],"picked":"Ball Lightning","floor":14},{"not_picked":["Core Surge","All For One","Reboot"],"picked":"Rainbow","floor":16},{"not_picked":["Reprogram","Gash","Compile Driver+1","Redo"],"picked":"Singing Bowl","floor":18},{"not_picked":["Steam","Undo+1","Aggregate","Stack+1"],"picked":"Singing Bowl","floor":19},{"not_picked":["Storm","Static Discharge","Coolheaded","Chill"],"picked":"Singing Bowl","floor":20},{"not_picked":["White Noise","Hello World+1","Steam+1"],"picked":"Conserve Battery+1","floor":21},{"not_picked":["Streamline","Sweeping Beam+1","Redo"],"picked":"Creative AI","floor":22},{"not_picked":["Coolheaded+1","Beam Cell","Genetic Algorithm"],"picked":"Machine Learning","floor":23},{"not_picked":["Cold Snap","Ball Lightning","Hologram","Coolheaded"],"picked":"Singing Bowl","floor":24}],"player_experience":1062062,"relics_obtained":[{"floor":7,"key":"Singing Bowl"},{"floor":9,"key":"Bottled Lightning"},{"floor":12,"key":"Question Card"},{"floor":14,"key":"Lantern"},{"floor":23,"key":"MawBank"}],"event_choices":[{"damage_healed":0,"gold_gain":0,"player_choice":"Ignored","damage_taken":0,"max_hp_gain":0,"max_hp_loss":0,"event_name":"Liars Game","floor":3,"gold_loss":0},{"damage_healed":0,"gold_gain":0,"player_choice":"Grow","damage_taken":0,"max_hp_gain":0,"max_hp_loss":0,"event_name":"Living Wall","floor":5,"gold_loss":0,"cards_upgraded":["Zap"]},{"damage_healed":0,"gold_gain":0,"player_choice":"Forge","damage_taken":0,"max_hp_gain":0,"max_hp_loss":0,"event_name":"Accursed Blacksmith","floor":10,"gold_loss":0,"cards_upgraded":["Coolheaded"]}],"is_beta":true,"boss_relics":[{"not_picked":["Fusion Hammer","Coffee Dripper"],"picked":"Runic Pyramid"}],"items_purged_floors":[],"is_endless":false,"potions_floor_spawned":[2,11,12,14,19,21,23],"killed_by":"Book of Stabbing","ascension_level":1}