{"gold_per_floor":[116,131,145,162,127,127,152,152,152,177,192,203,43,60,60,164,164,175,186,186,201,218,252,252,279,350,350,350,350,370,382,382,487,487,500,218,218,233,252,270,270,270,297,332,151,161,161,173,173,173,173,173,29,62,62],"floor_reached":55,"playtime":4181,"items_purged":[],"score":856,"play_id":"74217333-4ead-442a-91d6-2e43faa67ed6","local_time":"20181223032311","is_ascension_mode":true,"campfire_choices":[{"data":"Noxious Fumes","floor":6.0,"key":"SMITH"},{"floor":8.0,"key":"RECALL"},{"floor":15.0,"key":"REST"},{"floor":24.0,"key":"REST"},{"floor":27.0,"key":"REST"},{"data":"Noxious Fumes","floor":32.0,"key":"SMITH"},{"data":"1","floor":42.0,"key":"LIFT"},{"data":"2","floor":47.0,"key":"LIFT"},{"data":"3","floor":49.0,"key":"LIFT"},{"data":"Neutralize","floor":52.0,"key":"SMITH"}],"neow_cost":"NONE","seed_source_timestamp":367808637676610,"circlet_count":0,"master_deck":["Defend_G","Defend_G","Defend_G","Defend_G","Defend_G","Strike_G","Strike_G","Strike_G","Strike_G","Survivor","Neutralize+1","Noxious Fumes+1","Deadly Poison","Dagger Spray","Dagger Throw","Noxious Fumes+1","Venomology+1","PiercingWail+1","Bandage Up+1","Footwork+1","Backflip+1","Adrenaline+1","Deflect+1","Outmaneuver+1","Terror+1","Bane","Ghostly+1","Ghostly+1","Ghostly+1","Ghostly+1","Ghostly+1","Outmaneuver+1","Prepared+1","Malaise+1","Dodge and Roll+1","Dodge and Roll+1","Parasite","Skewer+1","Backflip+1","Finesse+1","Prepared+1"],"special_seed":0,"relics":["Ring of the Snake","Girya","Toxic Egg 2","Empty Cage","Paper Crane","Smiling Mask","Shuriken","Bottled Lightning","Lizard Tail","Membership Card","Bag of Preparation","Boot","Meat on the Bone","Ice Cream","Toolbox","Incense Burner"],"potions_floor_usage":[55,55],"damage_taken":[{"damage":6.0,"enemies":"Small Slimes","floor":1.0,"turns":7.0},{"damage":1.0,"enemies":"2 Louse","floor":2.0,"turns":3.0},{"damage":0.0,"enemies":"Jaw Worm","floor":3.0,"turns":5.0},{"damage":5.0,"enemies":"Blue Slaver","floor":4.0,"turns":4.0},{"damage":24.0,"enemies":"Lagavulin","floor":7.0,"turns":7.0},{"damage":32.0,"enemies":"3 Sentries","floor":10.0,"turns":6.0},{"damage":0.0,"enemies":"Lots of Slimes","floor":11.0,"turns":1.0},{"damage":3.0,"enemies":"Large Slime","floor":12.0,"turns":4.0},{"damage":15.0,"enemies":"Red Slaver","floor":14.0,"turns":5.0},{"damage":8.0,"enemies":"The Guardian","floor":16.0,"turns":9.0},{"damage":14.0,"enemies":"Spheric Guardian","floor":18.0,"turns":5.0},{"damage":0.0,"enemies":"3 Byrds","floor":19.0,"turns":3.0},{"damage":18.0,"enemies":"Snecko","floor":21.0,"turns":6.0},{"damage":2.0,"enemies":"Snake Plant","floor":22.0,"turns":6.0},{"damage":11.0,"enemies":"Book of Stabbing","floor":23.0,"turns":8.0},{"damage":50.0,"enemies":"Slavers","floor":25.0,"turns":8.0},{"damage":15.0,"enemies":"Shelled Parasite and Fungi","floor":30.0,"turns":6.0},{"damage":0.0,"enemies":"Sentry and Sphere","floor":31.0,"turns":5.0},{"damage":11.0,"enemies":"Collector","floor":33.0,"turns":9.0},{"damage":1.0,"enemies":"3 Shapes","floor":35.0,"turns":5.0},{"damage":3.0,"enemies":"Orb Walker","floor":38.0,"turns":5.0},{"damage":2.0,"enemies":"Transient","floor":39.0,"turns":5.0},{"damage":2.0,"enemies":"4 Shapes","floor":40.0,"turns":6.0},{"damage":29.0,"enemies":"Giant Head","floor":44.0,"turns":11.0},{"damage":3.0,"enemies":"Writhing Mass","floor":46.0,"turns":8.0},{"damage":1.0,"enemies":"Jaw Worm Horde","floor":48.0,"turns":7.0},{"damage":21.0,"enemies":"Donu and Deca","floor":50.0,"turns":12.0},{"damage":48.0,"enemies":"Shield and Spear","floor":54.0,"turns":11.0},{"damage":79,"enemies":"The Heart","floor":55,"turns":9}],"seed_played":"994744264868070969","potions_obtained":[{"floor":1.0,"key":"SkillPotion"},{"floor":10.0,"key":"Poison Potion"},{"floor":16.0,"key":"Regen Potion"},{"floor":21.0,"key":"Block Potion"},{"floor":22.0,"key":"Dexterity Potion"},{"floor":25.0,"key":"Regen Potion"},{"floor":33.0,"key":"Poison Potion"},{"floor":44.0,"key":"GhostInAJar"},{"floor":54.0,"key":"LiquidBronze"}],"is_trial":false,"path_per_floor":["M","M","M","M","?","R","E","R","T","E","M","M","$","M","R","B",null,"M","M","?","M","M","E","R","E","T","R","?","?","M","M","R","B",null,"M","$","?","M","M","M","?","R","T","E","$","M","R","M","R","B",null,"R","$","E","B"],"character_chosen":"THE_SILENT","items_purchased":["Bandage Up+1","Footwork","Membership Card","Bag of Preparation","Ice Cream","Dodge and Roll+1","Finesse+1","Toolbox"],"campfire_rested":3,"item_purchase_floors":[13,13,36,36,45,45,53,53],"current_hp_per_floor":[64,63,63,58,70,70,46,46,46,14,14,11,11,2,23,21,70,64,70,70,58,62,57,70,26,26,47,35,31,37,37,37,32,40,39,39,38,35,37,36,36,36,36,12,12,27,27,32,32,29,38,38,38,15,0],"gold":62,"neow_bonus":"TRANSFORM_CARD","is_prod":false,"is_daily":false,"chose_seed":false,"campfire_upgraded":3,"win_rate":0,"timestamp":1545553391,"path_taken":["M","M","M","M","?","R","E","R","T","E","M","M","$","M","R","BOSS","M","M","?","M","M","E","R","E","T","R","?","?","M","M","R","BOSS","M","$","?","M","M","M","?","R","T","E","$","?","R","M","R","BOSS","R","$","E","BOSS"],"build_version":"2018-12-20","purchased_purges":0,"victory":false,"max_hp_per_floor":[70,70,70,70,70,70,70,70,70,70,70,70,70,70,70,70,70,70,70,70,70,70,70,70,70,70,70,35,40,40,40,40,40,40,40,40,38,38,38,38,38,38,38,38,38,38,38,38,38,38,38,38,38,38,38],"card_choices":[{"not_picked":["Choke","Dagger Spray"],"picked":"Noxious Fumes","floor":1.0},{"not_picked":["Blade Dance","Dodge and Roll"],"picked":"Deadly Poison","floor":2.0},{"not_picked":["Riddle With Holes","Underhanded Strike"],"picked":"Dagger Spray","floor":3.0},{"not_picked":["Choke","Deflect"],"picked":"Dagger Throw","floor":4.0},{"not_picked":["Flechettes","Riddle With Holes"],"picked":"Noxious Fumes","floor":7.0},{"not_picked":["Poisoned Stab","Sucker Punch"],"picked":"Venomology","floor":10.0},{"not_picked":["Underhanded Strike","Tactician+1"],"picked":"Setup+1","floor":11.0},{"not_picked":["Acrobatics+1","Accuracy"],"picked":"PiercingWail+1","floor":12.0},{"not_picked":["Underhanded Strike","Dodge and Roll+1"],"picked":"Backflip+1","floor":14.0},{"not_picked":["Envenom","A Thousand Cuts"],"picked":"Adrenaline+1","floor":16.0},{"not_picked":["Blade Dance+1","Dagger Spray","Underhanded Strike"],"picked":"SKIP","floor":18.0},{"not_picked":["Choke","Slice+1"],"picked":"Deflect+1","floor":19.0},{"not_picked":["Slice","Quick Slash"],"picked":"Outmaneuver+1","floor":21.0},{"not_picked":["Dagger Spray","Flying Knee"],"picked":"Terror+1","floor":22.0},{"not_picked":["Eviscerate","Cloak And Dagger+1","Underhanded Strike"],"picked":"SKIP","floor":23.0},{"not_picked":["Wraith Form v2","Heel Hook"],"picked":"Bane","floor":25.0},{"not_picked":["All Out Attack+1","Backstab"],"picked":"Outmaneuver+1","floor":30.0},{"not_picked":["Bane","Well Laid Plans"],"picked":"Prepared+1","floor":31.0},{"not_picked":["Unload","Grand Finale"],"picked":"Malaise+1","floor":33.0},{"not_picked":["Blade Dance+1","Choke","Flying Knee+1"],"picked":"SKIP","floor":35.0},{"not_picked":["PiercingWail+1","Slice+1","Outmaneuver+1"],"picked":"SKIP","floor":38.0},{"not_picked":["Acrobatics+1","Quick Slash+1"],"picked":"Dodge and Roll+1","floor":39.0},{"not_picked":["PiercingWail+1","Eviscerate+1","Dodge and Roll+1"],"picked":"SKIP","floor":40.0},{"not_picked":["Bouncing Flask+1","Finisher+1","Concentrate+1"],"picked":"SKIP","floor":44.0},{"not_picked":["Blade Dance+1","Expertise+1"],"picked":"Skewer+1","floor":46.0},{"not_picked":["Die Die Die","Slice+1"],"picked":"Backflip+1","floor":48.0},{"not_picked":["Distraction+1","Cloak And Dagger+1"],"picked":"Prepared+1","floor":54.0}],"player_experience":241676,"relics_obtained":[{"floor":7.0,"key":"Girya"},{"floor":10.0,"key":"Toxic Egg 2"},{"floor":23.0,"key":"Smiling Mask"},{"floor":25.0,"key":"Shuriken"},{"floor":26.0,"key":"Bottled Lightning"},{"floor":43.0,"key":"Boot"},{"floor":44.0,"key":"Meat on the Bone"},{"floor":54.0,"key":"Incense Burner"}],"event_choices":[{"damage_healed":17.0,"max_hp_gain":0.0,"max_hp_loss":0.0,"gold_gain":0.0,"event_name":"The Cleric","player_choice":"Healed","floor":5.0,"gold_loss":35.0,"damage_taken":0.0},{"damage_healed":0.0,"max_hp_gain":0.0,"max_hp_loss":0.0,"gold_gain":0.0,"event_name":"The Mausoleum","player_choice":"Opened","floor":20.0,"gold_loss":0.0,"damage_taken":0.0,"relics_obtained":["Paper Crane"]},{"damage_healed":0.0,"max_hp_gain":0.0,"max_hp_loss":35.0,"gold_gain":0.0,"event_name":"Ghosts","player_choice":"Became a Ghost","floor":28.0,"gold_loss":0.0,"damage_taken":0.0,"cards_obtained":["Ghostly","Ghostly","Ghostly","Ghostly","Ghostly"]},{"damage_healed":0.0,"max_hp_gain":5.0,"max_hp_loss":0.0,"gold_gain":0.0,"event_name":"Forgotten Altar","player_choice":"Shed Blood","floor":29.0,"gold_loss":0.0,"damage_taken":9.0},{"damage_healed":0.0,"max_hp_gain":0.0,"max_hp_loss":2.0,"gold_gain":0.0,"event_name":"Winding Halls","player_choice":"Max HP","floor":37.0,"gold_loss":0.0,"damage_taken":0.0},{"damage_healed":0.0,"max_hp_gain":0.0,"max_hp_loss":0.0,"gold_gain":0.0,"event_name":"Upgrade Shrine","player_choice":"Upgraded","floor":41.0,"gold_loss":0.0,"damage_taken":0.0,"cards_upgraded":["Footwork"]}],"is_beta":false,"boss_relics":[{"not_picked":["WristBlade","Busted Crown"],"picked":"Empty Cage"},{"not_picked":["Philosopher\u0027s Stone","Ring of the Serpent"],"picked":"Lizard Tail"}],"items_purged_floors":[],"is_endless":false,"potions_floor_spawned":[1,10,16,21,22,25,33,44,48,54],"killed_by":"The Heart","ascension_level":2}