{"gold_per_floor":[116,116,116,116,116,116,145,145,145,163,188,263,263,288,288,359,359,373,298,298,317,333,333,17,17],"floor_reached":25,"playtime":907,"items_purged":[],"score":421,"play_id":"351cad74-a7c4-41bd-853f-5a1d25773335","local_time":"20190203151904","is_ascension_mode":true,"campfire_choices":[{"data":"Hyperbeam","floor":6,"key":"SMITH"},{"data":"Streamline","floor":8,"key":"SMITH"},{"data":"Genetic Algorithm","floor":13,"key":"SMITH"},{"data":"Aggregate","floor":15,"key":"SMITH"},{"floor":23,"key":"REST"}],"neow_cost":"NONE","seed_source_timestamp":504566493037023,"circlet_count":0,"master_deck":["AscendersBane","Defend_B","Defend_B","Defend_B","Defend_B","Dualcast","Streamline+1","Hyperbeam+1","Melter","Leap","Genetic Algorithm+1","Aggregate+1","Echo Form","Stack","Bite","Bite","Bite","Bite","Bite","Stack","Go for the Eyes"],"relics":["FrozenCore","NeowsBlessing","The Courier","Dead Branch","Bag of Preparation","Smiling Mask","Art of War","Bottled Lightning","Regal Pillow","Matryoshka"],"potions_floor_usage":[16,25],"damage_taken":[{"damage":0,"enemies":"2 Louse","floor":1,"turns":1},{"damage":0,"enemies":"Lagavulin","floor":7,"turns":1},{"damage":0,"enemies":"Small Slimes","floor":10,"turns":1},{"damage":16,"enemies":"Gremlin Nob","floor":11,"turns":3},{"damage":12,"enemies":"Lagavulin","floor":14,"turns":6},{"damage":26,"enemies":"The Guardian","floor":16,"turns":12},{"damage":29,"enemies":"2 Thieves","floor":18,"turns":5},{"damage":6,"enemies":"3 Byrds","floor":21,"turns":3},{"damage":30,"enemies":"Snecko","floor":22,"turns":5},{"damage":48,"enemies":"Gremlin Leader","floor":25,"turns":4}],"seed_played":"-7888245199747975421","potions_obtained":[{"floor":1,"key":"SmokeBomb"},{"floor":7,"key":"Weak Potion"},{"floor":16,"key":"Dexterity Potion"},{"floor":21,"key":"FairyPotion"}],"is_trial":false,"path_per_floor":["M","?","?","?","T","R","E","R","T","M","E","?","R","E","R","B",null,"M","?","?","M","M","R","$","E"],"character_chosen":"DEFECT","items_purchased":["Regal Pillow","Matryoshka"],"campfire_rested":1,"item_purchase_floors":[24,24],"current_hp_per_floor":[68,65,65,70,70,70,70,70,70,70,54,43,43,31,31,5,61,32,32,32,32,8,24,24,0],"gold":17,"neow_bonus":"THREE_ENEMY_KILL","is_prod":false,"is_daily":false,"chose_seed":false,"campfire_upgraded":4,"win_rate":0,"timestamp":1549228744,"path_taken":["M","?","?","?","?","R","E","R","T","M","E","?","R","E","R","BOSS","M","?","?","M","?","R","$","E"],"build_version":"2019-01-23","purchased_purges":0,"victory":false,"max_hp_per_floor":[75,75,75,80,80,80,80,80,80,80,80,80,80,80,80,80,80,80,80,56,56,56,56,56,56],"card_choices":[{"not_picked":["FTL","Barrage"],"picked":"Streamline","floor":1},{"not_picked":["Heatsinks","Stack"],"picked":"Melter","floor":7},{"not_picked":["Barrage","Stack"],"picked":"Leap","floor":10},{"not_picked":["Skim","Conserve Battery"],"picked":"Genetic Algorithm","floor":11},{"not_picked":["Chill","Barrage"],"picked":"Aggregate","floor":14},{"not_picked":["Thunder Strike","Seek"],"picked":"Echo Form","floor":16},{"not_picked":["Streamline","Scrape"],"picked":"Stack","floor":18},{"not_picked":["Melter","Go for the Eyes"],"picked":"Stack","floor":21},{"not_picked":["Static Discharge","Doom and Gloom"],"picked":"Go for the Eyes","floor":22}],"player_experience":524708,"relics_obtained":[{"floor":5,"key":"Dead Branch"},{"floor":7,"key":"Bag of Preparation"},{"floor":9,"key":"Smiling Mask"},{"floor":11,"key":"Art of War"},{"floor":14,"key":"Bottled Lightning"}],"event_choices":[{"damage_healed":0,"gold_gain":0,"player_choice":"Success","damage_taken":3,"relics_obtained":["The Courier"],"max_hp_gain":0,"max_hp_loss":0,"event_name":"Scrap Ooze","floor":2,"gold_loss":0},{"damage_healed":0,"gold_gain":0,"cards_transformed":["Strike_B"],"player_choice":"Change","damage_taken":0,"max_hp_gain":0,"max_hp_loss":0,"event_name":"Living Wall","floor":3,"gold_loss":0,"cards_obtained":["Hyperbeam"]},{"damage_healed":0,"gold_gain":0,"player_choice":"Donut","damage_taken":0,"max_hp_gain":5,"max_hp_loss":0,"event_name":"Big Fish","floor":4,"gold_loss":0},{"damage_healed":0,"gold_gain":75,"player_choice":"Gather Gold","damage_taken":11,"max_hp_gain":0,"max_hp_loss":0,"event_name":"World of Goop","floor":12,"gold_loss":0},{"cards_removed":["Zap"],"damage_healed":0,"gold_gain":0,"player_choice":"Gave Gold","damage_taken":0,"max_hp_gain":0,"max_hp_loss":0,"event_name":"Beggar","floor":19,"gold_loss":75},{"damage_healed":0,"gold_gain":0,"player_choice":"Became a vampire","damage_taken":0,"max_hp_gain":0,"max_hp_loss":24,"event_name":"Vampires","floor":20,"gold_loss":0,"cards_obtained":["Bite","Bite","Bite","Bite","Bite"]}],"is_beta":false,"boss_relics":[{"not_picked":["Runic Dome","Coffee Dripper"],"picked":"FrozenCore"}],"items_purged_floors":[],"is_endless":false,"potions_floor_spawned":[1,7,16,21],"killed_by":"Gremlin Leader","ascension_level":13}