{"gold_per_floor":[113,124,299,314,328,663,663,679,679,243,258,277,287,287,287,391,391,402,106,124,87,87,87,134,134,161,192,209,209,222,222,222,321,321,333,333,348,366,32,32,87,87,87,87,120,137,149,196,196,196],"floor_reached":51,"playtime":1907,"items_purged":["Doubt","Strike_R","Berserk"],"score":1005,"play_id":"c983005f-7e4b-4316-ab44-175aa68edff9","local_time":"20181107095019","is_ascension_mode":true,"campfire_choices":[{"floor":7,"key":"REST"},{"floor":15,"key":"REST"},{"data":"Heavy Blade","floor":23,"key":"SMITH"},{"data":"Pummel","floor":25,"key":"SMITH"},{"floor":29,"key":"REST"},{"data":"Pummel","floor":32,"key":"SMITH"},{"data":"Limit Break","floor":40,"key":"SMITH"},{"data":"Warcry","floor":42,"key":"SMITH"},{"data":"Rampage","floor":44,"key":"SMITH"},{"floor":49,"key":"REST"}],"neow_cost":"NONE","seed_source_timestamp":1317487502115,"circlet_count":0,"master_deck":["Strike_R","Strike_R","Strike_R","Strike_R","Defend_R","Defend_R","Defend_R","Bash+1","Rampage+1","Dropkick","Thunderclap","Warcry+1","Pummel+1","Heavy Blade+1","Headbutt+1","Headbutt","Inflame","Pummel+1","Limit Break+1","Flex+1"],"relics":["Burning Blood","Boot","Old Coin","Singing Bowl","Bag of Preparation","Brimstone","Sozu","ClockworkSouvenir","Strawberry","Orichalcum","Red Mask","Lizard Tail","Lee\u0027s Waffle","Tiny Chest","Pocketwatch","Omamori","StoneCalendar"],"potions_floor_usage":[5,6,8,12,50],"damage_taken":[{"damage":6,"enemies":"Cultist","floor":1,"turns":4},{"damage":9,"enemies":"Jaw Worm","floor":2,"turns":3},{"damage":5,"enemies":"2 Louse","floor":4,"turns":3},{"damage":18,"enemies":"Lots of Slimes","floor":5,"turns":4},{"damage":41,"enemies":"Lagavulin","floor":6,"turns":8},{"damage":31,"enemies":"Exordium Thugs","floor":8,"turns":6},{"damage":2,"enemies":"Looter","floor":11,"turns":2},{"damage":0,"enemies":"Large Slime","floor":12,"turns":3},{"damage":15,"enemies":"Blue Slaver","floor":13,"turns":3},{"damage":0,"enemies":"Slime Boss","floor":16,"turns":5},{"damage":10,"enemies":"3 Byrds","floor":18,"turns":4},{"damage":9,"enemies":"Chosen","floor":20,"turns":2},{"damage":18,"enemies":"Masked Bandits","floor":27,"turns":3},{"damage":8,"enemies":"Sentry and Sphere","floor":28,"turns":3},{"damage":3,"enemies":"Shelled Parasite and Fungi","floor":30,"turns":2},{"damage":40,"enemies":"Automaton","floor":33,"turns":5},{"damage":3,"enemies":"Orb Walker","floor":35,"turns":2},{"damage":9,"enemies":"3 Shapes","floor":37,"turns":3},{"damage":33,"enemies":"Jaw Worm Horde","floor":38,"turns":3},{"damage":10,"enemies":"Giant Head","floor":45,"turns":4},{"damage":22,"enemies":"Spire Growth","floor":46,"turns":3},{"damage":14,"enemies":"Writhing Mass","floor":47,"turns":3},{"damage":6,"enemies":"2 Orb Walkers","floor":48,"turns":2},{"damage":78,"enemies":"Donu and Deca","floor":50,"turns":5}],"seed_played":"-278539027933028212","potions_obtained":[{"floor":1,"key":"SteroidPotion"},{"floor":5,"key":"SpeedPotion"},{"floor":6,"key":"Explosive Potion"},{"floor":8,"key":"Explosive Potion"},{"floor":16,"key":"Ancient Potion"}],"is_trial":false,"path_per_floor":["M","M","?","M","M","E","R","M","T","$","M","M","M","?","R","B",null,"M","$","M","$","$","R","T","R","T","?","M","R","M","?","R","B",null,"M","?","M","M","$","R","T","R","T","R","E","M","M","?","R","B",null],"character_chosen":"IRONCLAD","items_purchased":["Bag of Preparation","Brimstone","ClockworkSouvenir","Inflame","Lee\u0027s Waffle"],"campfire_rested":4,"item_purchase_floors":[10,10,19,21,39],"current_hp_per_floor":[80,77,77,78,66,31,55,30,30,30,34,42,33,33,57,65,79,75,75,72,72,72,72,79,79,79,69,69,95,97,97,97,63,89,94,94,93,68,110,110,110,110,110,110,106,92,86,88,116,44],"gold":196,"neow_bonus":"RANDOM_COMMON_RELIC","is_prod":false,"is_daily":false,"chose_seed":false,"campfire_upgraded":6,"win_rate":0,"timestamp":1541580619,"path_taken":["M","?","?","M","M","E","R","M","T","$","M","M","M","?","R","BOSS","M","$","M","?","$","R","?","R","T","?","M","R","M","?","R","BOSS","M","?","M","M","$","R","?","R","T","R","E","M","?","?","R","BOSS"],"build_version":"2018-11-05","purchased_purges":3,"victory":true,"max_hp_per_floor":[80,80,80,80,80,80,80,80,80,80,80,82,82,82,82,84,84,84,84,84,84,84,84,91,91,91,93,95,95,97,97,97,97,97,99,99,101,103,110,110,110,110,110,110,110,112,114,116,116,116],"card_choices":[{"not_picked":["Evolve","Clothesline"],"picked":"Rampage","floor":1},{"not_picked":["Sword Boomerang","Clothesline"],"picked":"Dropkick","floor":2},{"not_picked":["Wild Strike","Clothesline"],"picked":"Berserk","floor":4},{"not_picked":["Wild Strike","Heavy Blade"],"picked":"Thunderclap","floor":5},{"not_picked":["Evolve","Iron Wave","Sword Boomerang"],"picked":"SKIP","floor":6},{"not_picked":["Cleave","Burning Pact"],"picked":"Warcry","floor":8},{"not_picked":["Armaments","Barricade"],"picked":"Pummel","floor":11},{"not_picked":["Second Wind","Cleave","Hemokinesis"],"picked":"Singing Bowl","floor":12},{"not_picked":["Iron Wave","Thunderclap"],"picked":"Heavy Blade","floor":13},{"not_picked":["Brutality","Barricade","Dark Embrace"],"picked":"Singing Bowl","floor":16},{"not_picked":["Feel No Pain+1","Seeing Red"],"picked":"Headbutt+1","floor":18},{"not_picked":["Battle Trance","Shrug It Off"],"picked":"Headbutt","floor":20},{"not_picked":["Headbutt+1","Clash","Body Slam"],"picked":"Singing Bowl","floor":27},{"not_picked":["Feel No Pain+1","Body Slam+1","Twin Strike"],"picked":"Singing Bowl","floor":28},{"not_picked":["Corruption+1","Feed","Anger"],"picked":"Singing Bowl","floor":30},{"not_picked":["Berserk","Bludgeon"],"picked":"Limit Break","floor":33},{"not_picked":["Twin Strike+1","Inflame+1","Spot Weakness+1"],"picked":"Singing Bowl","floor":35},{"not_picked":["Clash","Flex","Intimidate"],"picked":"Singing Bowl","floor":37},{"not_picked":["Iron Wave+1","Wild Strike+1","Flex"],"picked":"Singing Bowl","floor":38},{"not_picked":["True Grit","Twin Strike"],"picked":"Flex+1","floor":45},{"not_picked":["Heavy Blade+1","Wild Strike+1","Clash+1"],"picked":"Singing Bowl","floor":46},{"not_picked":["Double Tap","Wild Strike","Second Wind"],"picked":"Singing Bowl","floor":47},{"not_picked":["Heavy Blade+1","Metallicize","Carnage"],"picked":"Singing Bowl","floor":48}],"player_experience":160377,"relics_obtained":[{"floor":6,"key":"Old Coin"},{"floor":9,"key":"Singing Bowl"},{"floor":24,"key":"Strawberry"},{"floor":26,"key":"Orichalcum"},{"floor":27,"key":"Red Mask"},{"floor":41,"key":"Tiny Chest"},{"floor":43,"key":"Pocketwatch"},{"floor":45,"key":"Omamori"},{"floor":48,"key":"StoneCalendar"}],"event_choices":[{"damage_healed":0,"gold_gain":175,"player_choice":"AGREE","damage_taken":0,"max_hp_gain":0,"max_hp_loss":0,"event_name":"Liars Game","floor":3,"gold_loss":0,"cards_obtained":["Doubt"]},{"damage_healed":0,"gold_gain":0,"player_choice":"Forge","damage_taken":0,"max_hp_gain":0,"max_hp_loss":0,"event_name":"Accursed Blacksmith","floor":14,"gold_loss":0,"cards_upgraded":["Bash"]},{"damage_healed":0,"gold_gain":0,"player_choice":"Fought Bandits","damage_taken":0,"max_hp_gain":0,"max_hp_loss":0,"event_name":"Masked Bandits","floor":27,"gold_loss":0},{"damage_healed":0,"gold_gain":0,"player_choice":"Read","damage_taken":0,"max_hp_gain":0,"max_hp_loss":0,"event_name":"The Library","floor":31,"gold_loss":0,"cards_obtained":["Pummel"]},{"cards_removed":["Defend_R"],"damage_healed":0,"gold_gain":0,"player_choice":"Removed Skill","damage_taken":0,"max_hp_gain":0,"max_hp_loss":0,"event_name":"Falling","floor":36,"gold_loss":0},{"damage_healed":0,"gold_gain":0,"player_choice":"Fight","damage_taken":0,"max_hp_gain":0,"max_hp_loss":0,"event_name":"Mysterious Sphere","floor":48,"gold_loss":0}],"is_beta":true,"boss_relics":[{"not_picked":["Fusion Hammer","Black Star"],"picked":"Sozu"},{"not_picked":["Velvet Choker","Snecko Eye"],"picked":"Lizard Tail"}],"items_purged_floors":[10,19,39],"is_endless":false,"potions_floor_spawned":[1,5,6,8,16,18,28,37,47],"ascension_level":5}