{"gold_per_floor":[111,111,111,125,144,175,175,208,208,227,247,15,15,28,28,118,118,143,161,161,161],"floor_reached":21,"playtime":1026,"items_purged":[],"score":315,"play_id":"c6b92c9f-30c9-47ae-9592-02b2749db47d","local_time":"20190203112445","is_ascension_mode":true,"campfire_choices":[{"floor":7,"key":"REST"},{"floor":13,"key":"REST"},{"floor":15,"key":"REST"}],"neow_cost":"NONE","seed_source_timestamp":490388061914580,"circlet_count":0,"master_deck":["AscendersBane","Defend_G","Defend_G","Defend_G","Defend_G","Defend_G","Strike_G","Strike_G","Strike_G","Strike_G","Survivor","Neutralize","Finisher","Finisher","Bouncing Flask","Crippling Poison","Dash","Cloak And Dagger","Infinite Blades","Cloak And Dagger","Infinite Blades","After Image","Well Laid Plans","A Thousand Cuts","Envenom","Escape Plan","A Thousand Cuts"],"relics":["Ring of the Serpent","Golden Idol","The Courier","Question Card","Bottled Flame","MutagenicStrength"],"potions_floor_usage":[8,16,16],"damage_taken":[{"damage":4,"enemies":"Small Slimes","floor":1,"turns":4},{"damage":1,"enemies":"Cultist","floor":4,"turns":3},{"damage":7,"enemies":"Jaw Worm","floor":5,"turns":4},{"damage":27,"enemies":"3 Sentries","floor":6,"turns":8},{"damage":25,"enemies":"Gremlin Nob","floor":8,"turns":5},{"damage":11,"enemies":"Looter","floor":10,"turns":3},{"damage":10,"enemies":"Exordium Thugs","floor":11,"turns":6},{"damage":11,"enemies":"Lots of Slimes","floor":14,"turns":5},{"damage":15,"enemies":"Slime Boss","floor":16,"turns":6},{"damage":16,"enemies":"Spheric Guardian","floor":18,"turns":6},{"damage":17,"enemies":"Shell Parasite","floor":19,"turns":6},{"damage":32,"enemies":"Colosseum Slavers","floor":21,"turns":3}],"seed_played":"-2434580625151935374","potions_obtained":[{"floor":4,"key":"GhostInAJar"},{"floor":8,"key":"FairyPotion"},{"floor":11,"key":"Fire Potion"},{"floor":14,"key":"SkillPotion"}],"is_trial":false,"path_per_floor":["M","?","?","M","M","E","R","E","T","M","M","$","R","M","R","B",null,"M","M","?","?"],"character_chosen":"THE_SILENT","items_purchased":["Infinite Blades","After Image","Well Laid Plans"],"campfire_rested":3,"item_purchase_floors":[12,12,12],"current_hp_per_floor":[59,59,59,58,51,24,45,20,20,9,7,7,28,17,38,23,58,42,25,25,0],"gold":161,"neow_bonus":"TRANSFORM_CARD","is_prod":false,"is_daily":false,"chose_seed":false,"campfire_upgraded":0,"win_rate":0,"timestamp":1549214685,"path_taken":["M","?","?","M","M","E","R","E","T","M","?","$","R","M","R","BOSS","M","M","?","?"],"build_version":"2019-01-23","purchased_purges":0,"victory":false,"max_hp_per_floor":[70,70,70,70,70,70,70,70,70,70,70,70,70,70,70,70,70,70,70,70,70],"card_choices":[{"not_picked":["Dodge and Roll","Bane"],"picked":"Finisher","floor":1},{"not_picked":["Slice","Dodge and Roll"],"picked":"Bouncing Flask","floor":4},{"not_picked":["Acrobatics","Dodge and Roll"],"picked":"Crippling Poison","floor":5},{"not_picked":["Flechettes","Quick Slash"],"picked":"Dash","floor":6},{"not_picked":["All Out Attack","Phantasmal Killer"],"picked":"Cloak And Dagger","floor":8},{"not_picked":["Cloak And Dagger","Flying Knee","Deflect"],"picked":"Infinite Blades","floor":10},{"not_picked":["Skewer","Flying Knee","Bane"],"picked":"Cloak And Dagger","floor":11},{"not_picked":["Bane","Underhanded Strike","Calculated Gamble"],"picked":"A Thousand Cuts","floor":14},{"not_picked":["Die Die Die","Tools of the Trade","Doppelganger"],"picked":"Envenom","floor":16},{"not_picked":["Cloak And Dagger","Flying Knee","Underhanded Strike"],"picked":"Escape Plan","floor":18},{"not_picked":["Bane","Dagger Spray","Tactician"],"picked":"A Thousand Cuts","floor":19}],"player_experience":517104,"relics_obtained":[{"floor":6,"key":"The Courier"},{"floor":8,"key":"Question Card"},{"floor":9,"key":"Bottled Flame"}],"event_choices":[{"damage_healed":0,"gold_gain":0,"player_choice":"Take Wound","damage_taken":0,"relics_obtained":["Golden Idol"],"max_hp_gain":0,"max_hp_loss":0,"event_name":"Golden Idol","floor":2,"gold_loss":0,"cards_obtained":["Injury"]},{"cards_removed":["Injury"],"damage_healed":0,"gold_gain":0,"player_choice":"Removed Curses","damage_taken":0,"max_hp_gain":0,"max_hp_loss":0,"event_name":"Fountain of Cleansing","floor":3,"gold_loss":0},{"damage_healed":0,"gold_gain":0,"player_choice":"Inject Mutagens","damage_taken":0,"relics_obtained":["MutagenicStrength"],"max_hp_gain":0,"max_hp_loss":0,"event_name":"Drug Dealer","floor":20,"gold_loss":0},{"damage_healed":0,"gold_gain":0,"player_choice":"Fight","damage_taken":0,"max_hp_gain":0,"max_hp_loss":0,"event_name":"Colosseum","floor":21,"gold_loss":0}],"is_beta":false,"boss_relics":[{"not_picked":["Pandora\u0027s Box","Runic Pyramid"],"picked":"Ring of the Serpent"}],"items_purged_floors":[],"is_endless":false,"potions_floor_spawned":[4,8,11,14],"killed_by":"Colosseum Slavers","ascension_level":13}