{"gold_per_floor":[210,229,243,189,203,235,235,249,249,304,323,323,335,260,260,334,334,348,364,381,281,301,301,332,332,332,348,363,108,108,108,108,108],"floor_reached":33,"playtime":2688,"items_purged":["Strike_R","Strike_R"],"score":534,"play_id":"3509d7e5-8480-467d-ae16-8dcb4dd704f7","local_time":"20190103082110","is_ascension_mode":true,"campfire_choices":[{"floor":7.0,"key":"REST"},{"data":"Carnage","floor":12,"key":"SMITH"},{"floor":15,"key":"REST"},{"floor":23,"key":"REST"},{"data":"True Grit","floor":25,"key":"SMITH"},{"floor":32,"key":"REST"}],"neow_cost":"NONE","seed_source_timestamp":1122211679243774,"circlet_count":0,"master_deck":["AscendersBane","Strike_R","Strike_R","Strike_R","Defend_R","Defend_R","Defend_R","Defend_R","Bash","Thunderclap","Uppercut","Carnage+1","True Grit+1","Whirlwind+1","Headbutt+1","Clothesline+1","Reaper+1","Flame Barrier","Shrug It Off","Seeing Red+1","Inflame","Dropkick+1","Shrug It Off","Decay"],"special_seed":0,"relics":["Burning Blood","Molten Egg 2","Pear","Tiny Chest","Mark of Pain","Blue Candle","Bottled Lightning","Lantern"],"potions_floor_usage":[10,16,22,24,33],"damage_taken":[{"damage":6.0,"enemies":"Cultist","floor":1.0,"turns":3.0},{"damage":6.0,"enemies":"Jaw Worm","floor":2.0,"turns":5.0},{"damage":8.0,"enemies":"Small Slimes","floor":3.0,"turns":3.0},{"damage":14.0,"enemies":"Looter","floor":5.0,"turns":3.0},{"damage":47.0,"enemies":"3 Sentries","floor":6.0,"turns":9.0},{"damage":10.0,"enemies":"Gremlin Gang","floor":8.0,"turns":2.0},{"damage":30,"enemies":"Lagavulin","floor":10,"turns":5},{"damage":0,"enemies":"Exordium Wildlife","floor":11,"turns":1},{"damage":6,"enemies":"Blue Slaver","floor":13,"turns":3},{"damage":13,"enemies":"Slime Boss","floor":16,"turns":8},{"damage":0,"enemies":"3 Byrds","floor":18,"turns":4},{"damage":28,"enemies":"Shell Parasite","floor":19,"turns":5},{"damage":23,"enemies":"Centurion and Healer","floor":20,"turns":6},{"damage":43,"enemies":"Cultist and Chosen","floor":22,"turns":4},{"damage":23,"enemies":"Gremlin Leader","floor":24,"turns":5},{"damage":15,"enemies":"Snecko","floor":27,"turns":4},{"damage":22,"enemies":"Centurion and Healer","floor":28,"turns":8},{"damage":8,"enemies":"Colosseum Slavers","floor":31,"turns":5},{"damage":74,"enemies":"Collector","floor":33,"turns":5}],"seed_played":"2026373129492573897","potions_obtained":[{"floor":2.0,"key":"Strength Potion"},{"floor":11,"key":"Swift Potion"},{"floor":16,"key":"LiquidBronze"},{"floor":22,"key":"SkillPotion"},{"floor":27,"key":"FearPotion"}],"is_trial":false,"path_per_floor":["M","M","M","$","M","E","R","M","T","E","M","R","M","$","R","B",null,"M","M","M","$","M","R","E","R","T","M","M","$","?","?","R","B"],"character_chosen":"IRONCLAD","items_purchased":["FearPotion","Lantern","Dropkick+1","Shrug It Off"],"campfire_rested":4,"item_purchase_floors":[4,29,29,29],"current_hp_per_floor":[68,68,66,66,58,17,39,35,45,21,27,27,27,27,52,45,75,85,63,56,56,19,44,27,27,27,23,17,17,17,22,47,0],"gold":108,"neow_bonus":"HUNDRED_GOLD","is_prod":false,"is_daily":false,"chose_seed":false,"campfire_upgraded":2,"win_rate":0,"timestamp":1546532470,"path_taken":["M","M","M","$","M","E","R","M","T","E","M","R","M","$","R","BOSS","M","?","M","$","M","R","E","R","T","M","M","$","?","?","R","BOSS"],"build_version":"2018-12-20","purchased_purges":2,"victory":false,"max_hp_per_floor":[75,75,75,75,75,75,75,75,85,85,85,85,85,85,85,85,85,85,85,85,85,85,85,85,85,85,85,85,85,85,85,85,85],"card_choices":[{"not_picked":["Iron Wave","Armaments"],"picked":"Thunderclap","floor":1.0},{"not_picked":["Clash","Sever Soul"],"picked":"Uppercut","floor":2.0},{"not_picked":["Iron Wave","Armaments"],"picked":"Carnage","floor":3.0},{"not_picked":["Rupture","Barricade"],"picked":"True Grit","floor":5.0},{"not_picked":["Pummel","Body Slam"],"picked":"Whirlwind","floor":6.0},{"not_picked":["Rage","Searing Blow+1"],"picked":"Headbutt+1","floor":8.0},{"not_picked":["Clash+1","Perfected Strike+1"],"picked":"Clothesline+1","floor":10},{"not_picked":["Heavy Blade+1","Clothesline+1","Combust"],"picked":"SKIP","floor":11},{"not_picked":["Berserk","Combust","Perfected Strike+1"],"picked":"SKIP","floor":13},{"not_picked":["Feed+1","Offering"],"picked":"Reaper+1","floor":16},{"not_picked":["Perfected Strike+1","Twin Strike+1"],"picked":"Flame Barrier","floor":18},{"not_picked":["Intimidate","Twin Strike+1"],"picked":"Shrug It Off","floor":19},{"not_picked":["Cleave+1","Thunderclap+1","Clothesline+1"],"picked":"SKIP","floor":20},{"not_picked":["Havoc+1","Offering","Flex"],"picked":"SKIP","floor":22},{"not_picked":["Hemokinesis+1","Brutality"],"picked":"Seeing Red+1","floor":24},{"not_picked":["Warcry","Shrug It Off"],"picked":"Inflame","floor":27},{"not_picked":["Corruption","Flex","Sever Soul+1"],"picked":"SKIP","floor":28}],"player_experience":1639241,"relics_obtained":[{"floor":6.0,"key":"Molten Egg 2"},{"floor":9.0,"key":"Pear"},{"floor":10,"key":"Tiny Chest"},{"floor":24,"key":"Blue Candle"},{"floor":26,"key":"Bottled Lightning"}],"event_choices":[{"damage_healed":0,"gold_gain":0,"player_choice":"Smashed Altar","damage_taken":0,"max_hp_gain":0,"max_hp_loss":0,"event_name":"Forgotten Altar","floor":30,"gold_loss":0,"cards_obtained":["Decay"]},{"damage_healed":0,"gold_gain":0,"player_choice":"Fight","damage_taken":0,"max_hp_gain":0,"max_hp_loss":0,"event_name":"Colosseum","floor":31,"gold_loss":0},{"damage_healed":0,"gold_gain":0,"player_choice":"Fled From Nobs","damage_taken":0,"max_hp_gain":0,"max_hp_loss":0,"event_name":"Colosseum","floor":31,"gold_loss":0}],"is_beta":false,"boss_relics":[{"not_picked":["Eternal Feather","Busted Crown"],"picked":"Mark of Pain"}],"items_purged_floors":[14,21],"is_endless":false,"potions_floor_spawned":[2,6,11,16,22,27],"killed_by":"Collector","ascension_level":18}