{"gold_per_floor":[115,215,215,215,226,226,244,244,244,244,272,272,291,301,301,404,404,416,416,432,432],"floor_reached":21,"playtime":940,"items_purged":[],"score":224,"play_id":"284300bb-3aff-42f2-811f-4678bcf1ebd0","local_time":"20180831152425","is_ascension_mode":true,"campfire_choices":[{"data":"Conserve Battery","floor":6,"key":"SMITH"},{"data":"Beam Cell","floor":8,"key":"SMITH"},{"data":"BootSequence","floor":10,"key":"SMITH"},{"floor":15,"key":"REST"}],"neow_cost":"NONE","seed_source_timestamp":1373718811413628,"circlet_count":0,"master_deck":["Strike_B+1","Strike_B","Strike_B+1","Strike_B","Defend_B","Defend_B","Defend_B","Defend_B","Zap+1","Dualcast+1","Conserve Battery+1","BootSequence+1","Beam Cell+1","Darkness","Chaos","Ball Lightning","Seek","Cold Snap","Coolheaded"],"relics":["Cracked Core","Kunai","Whetstone","Inserter","GremlinMask"],"potions_floor_usage":[11,11],"damage_taken":[{"damage":1,"enemies":"2 Louse","floor":1,"turns":2},{"damage":0,"enemies":"Cultist","floor":5,"turns":3},{"damage":0,"enemies":"Small Slimes","floor":7,"turns":3},{"damage":26,"enemies":"Gremlin Nob","floor":11,"turns":4},{"damage":12,"enemies":"Gremlin Gang","floor":13,"turns":4},{"damage":0,"enemies":"Blue Slaver","floor":14,"turns":2},{"damage":32,"enemies":"Slime Boss","floor":16,"turns":8},{"damage":16,"enemies":"Shell Parasite","floor":18,"turns":6},{"damage":10,"enemies":"Chosen","floor":20,"turns":5},{"damage":39,"enemies":"Snake Plant","floor":21,"turns":5}],"seed_played":"-2106443615977701906","potions_obtained":[{"floor":1,"key":"Poison Potion"},{"floor":7,"key":"Energy Potion"},{"floor":14,"key":"SpeedPotion"},{"floor":20,"key":"GamblersBrew"}],"is_trial":false,"path_per_floor":["M","?","?","$","M","R","M","R","T","R","E","?","M","M","R","B",null,"M","?","M"],"character_chosen":"DEFECT","items_purchased":[],"campfire_rested":1,"item_purchase_floors":[],"current_hp_per_floor":[74,74,74,74,74,74,74,74,74,74,48,48,36,36,58,26,63,47,47,37,0],"gold":432,"neow_bonus":"UPGRADE_CARD","is_prod":false,"is_daily":false,"chose_seed":false,"campfire_upgraded":3,"win_rate":0,"timestamp":1535754265,"path_taken":["M","?","?","?","M","R","M","R","T","R","E","?","M","M","R","BOSS","M","?","M","M"],"build_version":"2018-08-30","purchased_purges":0,"victory":false,"max_hp_per_floor":[75,75,75,75,75,75,75,75,75,75,75,75,75,75,75,75,75,75,75,75,75],"card_choices":[{"not_picked":["Skim","Static Discharge"],"picked":"Conserve Battery","floor":1},{"not_picked":["Hello World","Force Field"],"picked":"BootSequence","floor":5},{"not_picked":["Gash","Rebound"],"picked":"Beam Cell","floor":7},{"not_picked":["BootSequence","Conserve Battery"],"picked":"Darkness","floor":11},{"not_picked":["Compile Driver","Fusion"],"picked":"Chaos","floor":13},{"not_picked":["Compile Driver","Chaos"],"picked":"Ball Lightning","floor":14},{"not_picked":["Fission","Thunder Strike"],"picked":"Seek","floor":16},{"not_picked":["Static Discharge+1","Sweeping Beam+1"],"picked":"Cold Snap","floor":18},{"not_picked":["Compile Driver","Beam Cell"],"picked":"Coolheaded","floor":20}],"player_experience":997836,"relics_obtained":[{"floor":9,"key":"Kunai"},{"floor":11,"key":"Whetstone"}],"event_choices":[{"event_name":"Golden Shrine","player_choice":"Pray","floor":2,"damage_taken":0},{"event_name":"Upgrade Shrine","player_choice":"Upgraded","floor":3,"damage_taken":0},{"event_name":"Liars Game","player_choice":"disagreed","floor":12,"damage_taken":0},{"event_name":"FaceTrader","player_choice":"Trade","floor":19,"damage_taken":0}],"is_beta":false,"boss_relics":[{"not_picked":["Astrolabe","Nuclear Battery"],"picked":"Inserter"}],"items_purged_floors":[],"is_endless":false,"potions_floor_spawned":[1,7,14,20],"killed_by":"Snake Plant","ascension_level":5}