{"gold_per_floor":[114,129,129,129,148,186,186,186,236,236,111,130,149,168,168,293,293,312,331,6,105,124,124,162,162,237,256,275,294,294,313,313,313],"floor_reached":33,"playtime":2350,"items_purged":["Wraith Form v2"],"score":296,"play_id":"36799a85-f5ee-49f3-b089-301a9d221485","local_time":"20190126134928","daily_mods":["Shiny","Uncertain Future","Terminal"],"is_ascension_mode":false,"campfire_choices":[{"data":"Deadly Poison","floor":7,"key":"SMITH"},{"floor":10,"key":"REST"},{"data":"Noxious Fumes","floor":15,"key":"SMITH"},{"data":"A Thousand Cuts","floor":23,"key":"SMITH"},{"data":"Well Laid Plans","floor":30,"key":"SMITH"},{"data":"Acrobatics","floor":32,"key":"SMITH"}],"neow_cost":"","seed_source_timestamp":170105055832561,"circlet_count":0,"master_deck":["Venomology","Corpse Explosion","Malaise","Phantasmal Killer","Die Die Die","Adrenaline","Envenom","Doppelganger","Burst","Tools of the Trade","Night Terror","Unload","After Image","Bullet Time","Storm of Steel","Glass Knife","A Thousand Cuts+1","Grand Finale","Prepared","Deadly Poison+1","Concentrate","Noxious Fumes+1","Flying Knee","Well Laid Plans+1","Deadly Poison","Dramatic Entrance","Backflip","Acrobatics+1"],"special_seed":17922,"relics":["Ring of the Snake","Golden Idol","Strawberry","Mercury Hourglass","Anchor","HoveringKite","Membership Card","Pear","StoneCalendar","Meat on the Bone"],"potions_floor_usage":[5,12,12,12,16,18,22,24,24,27,28,29,33,33,33],"damage_taken":[{"damage":0,"enemies":"2 Louse","floor":1,"turns":2},{"damage":2,"enemies":"Jaw Worm","floor":2,"turns":3},{"damage":0,"enemies":"Small Slimes","floor":5,"turns":3},{"damage":25,"enemies":"Lagavulin","floor":6,"turns":5},{"damage":0,"enemies":"Red Slaver","floor":12,"turns":3},{"damage":0,"enemies":"Blue Slaver","floor":13,"turns":3},{"damage":0,"enemies":"2 Fungi Beasts","floor":14,"turns":3},{"damage":8,"enemies":"The Guardian","floor":16,"turns":8},{"damage":11,"enemies":"2 Thieves","floor":18,"turns":4},{"damage":14,"enemies":"3 Byrds","floor":19,"turns":3},{"damage":0,"enemies":"Cultist and Chosen","floor":22,"turns":4},{"damage":17,"enemies":"Slavers","floor":24,"turns":2},{"damage":7,"enemies":"Centurion and Healer","floor":27,"turns":4},{"damage":10,"enemies":"Snecko","floor":28,"turns":3},{"damage":1,"enemies":"Cultist and Chosen","floor":29,"turns":5},{"damage":0,"enemies":"3 Cultists","floor":31,"turns":2},{"damage":45,"enemies":"Automaton","floor":33,"turns":6}],"seed_played":"8774462537706310572","potions_obtained":[{"floor":2,"key":"Fruit Juice"},{"floor":6,"key":"Strength Potion"},{"floor":13,"key":"AttackPotion"},{"floor":22,"key":"FearPotion"},{"floor":27,"key":"AttackPotion"},{"floor":31,"key":"Swift Potion"}],"is_trial":false,"path_per_floor":["M","M","?","?","M","E","R","T","T","R","$","M","M","M","R","B",null,"M","M","$","?","M","R","E","?","T","M","M","M","R","M","R","B"],"character_chosen":"THE_SILENT","items_purchased":["Fire Potion","Membership Card","Pear"],"campfire_rested":1,"item_purchase_floors":[11,20,20],"current_hp_per_floor":[68,66,66,50,55,37,37,37,37,58,58,69,68,67,66,58,64,53,39,49,49,49,49,32,32,32,37,39,38,38,38,38,0],"gold":313,"neow_bonus":"","is_prod":false,"is_daily":true,"chose_seed":false,"campfire_upgraded":5,"win_rate":0.0,"timestamp":1548532168,"path_taken":["M","M","?","?","M","E","R","?","T","R","$","M","M","M","R","BOSS","M","M","$","?","M","R","E","?","T","?","M","M","R","M","R","BOSS"],"build_version":"2019-01-23","purchased_purges":1,"victory":false,"max_hp_per_floor":[68,67,66,65,69,75,74,73,72,71,70,69,68,67,66,65,64,63,62,71,70,69,68,67,66,65,64,63,62,61,60,59,59],"card_choices":[{"not_picked":["Dagger Spray","Slice"],"picked":"Prepared","floor":1},{"not_picked":["Poisoned Stab","Accuracy"],"picked":"Deadly Poison","floor":2},{"not_picked":["Wraith Form v2","Backstab"],"picked":"Concentrate","floor":5},{"not_picked":["Sucker Punch","Slice"],"picked":"Noxious Fumes","floor":6},{"not_picked":["Backstab","Blade Dance","Prepared"],"picked":"SKIP","floor":12},{"not_picked":["PiercingWail","Deflect","Venomology"],"picked":"SKIP","floor":13},{"not_picked":["Dagger Spray","Outmaneuver"],"picked":"Flying Knee","floor":14},{"not_picked":["Deflect","Expertise"],"picked":"Well Laid Plans","floor":18},{"not_picked":["PiercingWail","Flechettes","Crippling Poison"],"picked":"SKIP","floor":19},{"not_picked":["Dagger Throw+1","Accuracy","Riddle With Holes+1"],"picked":"SKIP","floor":22},{"not_picked":["Flechettes","Bane"],"picked":"Deadly Poison","floor":24},{"not_picked":["Concentrate","Leg Sweep","Reflex"],"picked":"SKIP","floor":27},{"not_picked":["Flechettes","Dagger Spray"],"picked":"Backflip","floor":28},{"not_picked":["Well Laid Plans","Tactician+1","Poisoned Stab"],"picked":"SKIP","floor":29},{"not_picked":["Dash","Deflect"],"picked":"Acrobatics","floor":31}],"player_experience":85281,"relics_obtained":[{"floor":6,"key":"Strawberry"},{"floor":8,"key":"Mercury Hourglass"},{"floor":9,"key":"Anchor"},{"floor":24,"key":"StoneCalendar"},{"floor":26,"key":"Meat on the Bone"}],"event_choices":[{"damage_healed":0,"gold_gain":0,"player_choice":"Ignored","damage_taken":0,"max_hp_gain":0,"max_hp_loss":0,"event_name":"Liars Game","floor":3,"gold_loss":0},{"damage_healed":0,"gold_gain":0,"player_choice":"Take Damage","damage_taken":16,"relics_obtained":["Golden Idol"],"max_hp_gain":0,"max_hp_loss":0,"event_name":"Golden Idol","floor":4,"gold_loss":0},{"damage_healed":0,"gold_gain":99,"player_choice":"Stole From Cult","damage_taken":0,"max_hp_gain":0,"max_hp_loss":0,"event_name":"Nest","floor":21,"gold_loss":0},{"damage_healed":0,"gold_gain":0,"player_choice":"1 cards matched","damage_taken":0,"max_hp_gain":0,"max_hp_loss":0,"event_name":"Match and Keep!","floor":25,"gold_loss":0,"cards_obtained":["Dramatic Entrance"]}],"is_beta":false,"boss_relics":[{"not_picked":["Sozu","Fusion Hammer"],"picked":"HoveringKite"}],"items_purged_floors":[11],"is_endless":false,"potions_floor_spawned":[2,6,13,22,27,31],"killed_by":"Automaton","ascension_level":0}