{"gold_per_floor":[117,93,55,66,78,111,111,111,111,126,126,139,173,192,192,290,290,308,328,340,353,370,370],"floor_reached":23,"playtime":1694,"items_purged":[],"score":207,"play_id":"b927cab5-418c-4427-9a59-d3742eef4d23","local_time":"20181127233601","is_ascension_mode":false,"campfire_choices":[{"floor":7,"key":"REST"},{"floor":11,"key":"REST"},{"floor":15,"key":"REST"}],"neow_cost":"PERCENT_DAMAGE","seed_source_timestamp":313714745043483,"circlet_count":0,"master_deck":["Strike_B","Strike_B","Strike_B","Strike_B","Defend_B","Defend_B","Defend_B","Defend_B","Zap","Dualcast","Secret Weapon","Trip","Genetic Algorithm","Redo","Compile Driver","Self Repair","Static Discharge","Doom and Gloom","Tempest","Capacitor","Melter","Rainbow","Beam Cell","Storm+1","Auto Shields","Doom and Gloom+1","FTL"],"relics":["Cracked Core","Pear","Bottled Flame","Letter Opener","Dodecahedron","Nuclear Battery"],"potions_floor_usage":[18,23,23],"damage_taken":[{"damage":1,"enemies":"Cultist","floor":1,"turns":3},{"damage":2,"enemies":"Jaw Worm","floor":4,"turns":4},{"damage":2,"enemies":"2 Louse","floor":5,"turns":3},{"damage":27,"enemies":"Gremlin Nob","floor":6,"turns":4},{"damage":19,"enemies":"2 Fungi Beasts","floor":10,"turns":3},{"damage":11,"enemies":"3 Louse","floor":12,"turns":3},{"damage":26,"enemies":"3 Sentries","floor":13,"turns":6},{"damage":14,"enemies":"Exordium Thugs","floor":14,"turns":4},{"damage":47,"enemies":"Hexaghost","floor":16,"turns":8},{"damage":0,"enemies":"Spheric Guardian","floor":18,"turns":3},{"damage":11,"enemies":"2 Thieves","floor":19,"turns":4},{"damage":10,"enemies":"Snecko","floor":20,"turns":4},{"damage":15,"enemies":"Cultist and Chosen","floor":21,"turns":5},{"damage":25,"enemies":"Snake Plant","floor":22,"turns":4},{"damage":62,"enemies":"Gremlin Leader","floor":23,"turns":7}],"seed_played":"-1514221437982231825","potions_obtained":[{"floor":4,"key":"FearPotion"},{"floor":10,"key":"Energy Potion"},{"floor":13,"key":"FocusPotion"},{"floor":16,"key":"Regen Potion"},{"floor":19,"key":"PowerPotion"},{"floor":20,"key":"Fire Potion"}],"is_trial":false,"path_per_floor":["M","$","?","M","M","E","R","T","T","M","R","M","E","M","R","B",null,"M","M","M","M","M","E"],"character_chosen":"DEFECT","items_purchased":["Redo"],"campfire_rested":3,"item_purchase_floors":[2],"current_hp_per_floor":[53,53,53,51,49,39,64,64,64,52,77,73,54,47,72,25,85,85,81,78,70,45,0],"gold":370,"neow_bonus":"RANDOM_COLORLESS_2","is_prod":false,"is_daily":false,"chose_seed":false,"campfire_upgraded":0,"win_rate":0.0,"timestamp":1543379761,"path_taken":["M","?","?","M","M","E","R","?","T","M","R","M","E","M","R","BOSS","M","M","M","M","M","E"],"build_version":"2018-11-15","purchased_purges":0,"victory":false,"max_hp_per_floor":[75,75,75,75,75,85,85,85,85,85,85,85,85,85,85,85,85,85,85,85,85,85,85],"card_choices":[{"not_picked":["Coolheaded","Leap"],"picked":"Genetic Algorithm","floor":1},{"not_picked":["Capacitor","Turbo"],"picked":"Compile Driver","floor":4},{"not_picked":["Gash","Conserve Battery"],"picked":"Self Repair","floor":5},{"not_picked":["Hologram","Go for the Eyes"],"picked":"Static Discharge","floor":6},{"not_picked":["Meteor Strike","Coolheaded"],"picked":"Doom and Gloom","floor":10},{"not_picked":["Aggregate","Compile Driver"],"picked":"Tempest","floor":12},{"not_picked":["Aggregate","Go for the Eyes"],"picked":"Capacitor","floor":13},{"not_picked":["Aggregate","Lockon"],"picked":"Melter","floor":14},{"not_picked":["Multi-Cast","Biased Cognition"],"picked":"Rainbow","floor":16},{"not_picked":["Steam","Hologram"],"picked":"Beam Cell","floor":18},{"not_picked":["Sweeping Beam+1","Darkness+1"],"picked":"Storm+1","floor":19},{"not_picked":["Cold Snap+1","Steam Power"],"picked":"Auto Shields","floor":20},{"not_picked":["Undo","Hologram"],"picked":"Doom and Gloom+1","floor":21},{"not_picked":["Consume+1","Streamline"],"picked":"FTL","floor":22}],"player_experience":117498,"relics_obtained":[{"floor":6,"key":"Pear"},{"floor":8,"key":"Bottled Flame"},{"floor":9,"key":"Letter Opener"},{"floor":13,"key":"Dodecahedron"}],"event_choices":[{"damage_healed":0,"gold_gain":0,"player_choice":"Left Gold","damage_taken":0,"max_hp_gain":0,"max_hp_loss":0,"event_name":"World of Goop","floor":3,"gold_loss":38}],"is_beta":false,"boss_relics":[{"not_picked":["FrozenCore","Runic Pyramid"],"picked":"Nuclear Battery"}],"items_purged_floors":[],"is_endless":false,"potions_floor_spawned":[4,10,13,16,19,20,21],"killed_by":"Gremlin Leader","ascension_level":0}