{"gold_per_floor":[210,228,228,245,46,46,80,80,80,98,98,118,138,150,150,150],"floor_reached":16,"playtime":828,"items_purged":["Strike_G"],"score":109,"play_id":"0e144366-c04c-402d-becb-43b3402de6e1","local_time":"20190202134030","is_ascension_mode":true,"campfire_choices":[{"floor":11,"key":"REST"},{"floor":15,"key":"REST"}],"neow_cost":"NONE","seed_source_timestamp":372971538631445,"circlet_count":0,"master_deck":["Defend_G","Defend_G","Defend_G","Defend_G","Defend_G","Strike_G","Strike_G","Strike_G","Survivor","Neutralize","Well Laid Plans","Dodge and Roll","Blade Dance","PiercingWail","Noxious Fumes","Impatience","Escape Plan","Deflect","Distraction","Terror","Dodge and Roll"],"relics":["Ring of the Snake","Bird Faced Urn","Mummified Hand"],"potions_floor_usage":[],"damage_taken":[{"damage":0,"enemies":"2 Louse","floor":1,"turns":3},{"damage":1,"enemies":"Cultist","floor":2,"turns":5},{"damage":2,"enemies":"Small Slimes","floor":4,"turns":4},{"damage":52,"enemies":"Gremlin Nob","floor":7,"turns":6},{"damage":1,"enemies":"Exordium Wildlife","floor":10,"turns":4},{"damage":2,"enemies":"Blue Slaver","floor":12,"turns":6},{"damage":3,"enemies":"Exordium Thugs","floor":13,"turns":6},{"damage":16,"enemies":"Large Slime","floor":14,"turns":9},{"damage":0,"enemies":"Hexaghost","floor":16,"turns":2}],"seed_played":"4423753045277441010","potions_obtained":[{"floor":4,"key":"Explosive Potion"},{"floor":6,"key":"Weak Potion"},{"floor":6,"key":"PowerPotion"},{"floor":14,"key":"SkillPotion"}],"is_trial":false,"path_per_floor":["M","M","?","M","$","?","E","$","T","M","R","M","M","M","R","B"],"character_chosen":"THE_SILENT","items_purchased":["Noxious Fumes","Impatience"],"campfire_rested":2,"item_purchase_floors":[5,5],"current_hp_per_floor":[70,69,69,67,67,67,15,15,15,18,39,41,42,30,51,53],"gold":150,"neow_bonus":"HUNDRED_GOLD","is_prod":false,"is_daily":false,"chose_seed":false,"campfire_upgraded":0,"win_rate":0,"timestamp":1549136430,"path_taken":["M","M","?","?","$","?","E","$","T","M","R","M","M","M","R","BOSS"],"build_version":"2019-01-23","purchased_purges":1,"victory":false,"max_hp_per_floor":[70,70,70,70,70,70,70,70,70,70,70,70,70,70,70,70],"card_choices":[{"not_picked":["Quick Slash","Underhanded Strike"],"picked":"Well Laid Plans","floor":1},{"not_picked":["Flying Knee","Deflect"],"picked":"Dodge and Roll","floor":2},{"not_picked":["Sucker Punch","Unload"],"picked":"PiercingWail","floor":4},{"not_picked":["Deflect","Cloak And Dagger"],"picked":"Escape Plan","floor":7},{"not_picked":["Outmaneuver","Prepared"],"picked":"Deflect","floor":10},{"not_picked":["Blur","Blade Dance"],"picked":"Distraction","floor":12},{"not_picked":["Endless Agony","Dodge and Roll"],"picked":"Terror","floor":13},{"not_picked":["Bane","Finisher"],"picked":"Dodge and Roll","floor":14}],"player_experience":100545,"relics_obtained":[{"floor":7,"key":"Bird Faced Urn"},{"floor":9,"key":"Mummified Hand"}],"event_choices":[{"damage_healed":0,"gold_gain":0,"cards_transformed":["Strike_G"],"player_choice":"Transformed","damage_taken":0,"max_hp_gain":0,"max_hp_loss":0,"event_name":"Transmorgrifier","floor":3,"gold_loss":0,"cards_obtained":["Blade Dance"]},{"damage_healed":0,"gold_gain":0,"player_choice":"Got Potions","damage_taken":0,"max_hp_gain":0,"max_hp_loss":0,"event_name":"Lab","floor":6,"gold_loss":0}],"is_beta":false,"boss_relics":[],"items_purged_floors":[5],"is_endless":false,"potions_floor_spawned":[4,13,14],"killed_by":"Hexaghost","ascension_level":1}