{"gold_per_floor":[115,115,215,231,248,248,276,276,302,333,333,101,101,101,101,203,203,222,240,240,253,79,111,111,141,141,170,21,34,68,83,83,178,178,189,0,14,32,32,65,65,77,154,154,183,183,115,128,128,128],"floor_reached":50,"playtime":2342,"items_purged":["Strike_B","Strike_B"],"score":911,"play_id":"14b74db0-c8b4-4161-a5d3-f6dbe348eb41","local_time":"20190111163833","is_ascension_mode":true,"campfire_choices":[{"data":"Zap","floor":6,"key":"SMITH"},{"data":"Leap","floor":8,"key":"SMITH"},{"data":"Leap","floor":11,"key":"SMITH"},{"data":"Coolheaded","floor":15,"key":"SMITH"},{"floor":24,"key":"REST"},{"floor":32,"key":"RECALL"},{"floor":41,"key":"REST"},{"floor":44,"key":"REST"},{"floor":49,"key":"REST"}],"neow_cost":"NONE","seed_source_timestamp":72229384071799,"circlet_count":0,"master_deck":["Strike_B","Strike_B","Defend_B","Defend_B+1","Defend_B+1","Defend_B","Zap+1","Coolheaded+1","Leap+1","Ball Lightning","Leap+1","Ball Lightning","Electrodynamics","Barrage+1","Self Repair+1","Beam Cell","Heatsinks","Stack","Coolheaded+1","Streamline+1","Tempest+1","Leap+1","Conserve Battery+1","Fission","Static Discharge+1","Storm","Coolheaded+1","Melter+1","Double Energy","Glacier+1","Conserve Battery+1","Ball Lightning+1","Streamline+1","Force Field","Defragment"],"relics":["Cracked Core","NeowsBlessing","Blood Vial","Oddly Smooth Stone","WingedGreaves","PreservedInsect","Bag of Marbles","Fusion Hammer","Anchor","Pen Nib","Dodecahedron","Potion Belt","War Paint","Regal Pillow","Orrery","Red Mask","Happy Flower","Orichalcum","Meat on the Bone"],"potions_floor_usage":[10,16,23,25,33,40,48,50],"damage_taken":[{"damage":0,"enemies":"Small Slimes","floor":1,"turns":1},{"damage":0,"enemies":"2 Louse","floor":4,"turns":1},{"damage":0,"enemies":"Cultist","floor":5,"turns":1},{"damage":16,"enemies":"Gremlin Nob","floor":7,"turns":4},{"damage":18,"enemies":"Lagavulin","floor":10,"turns":7},{"damage":43,"enemies":"Slime Boss","floor":16,"turns":12},{"damage":10,"enemies":"Chosen","floor":18,"turns":5},{"damage":8,"enemies":"Shell Parasite","floor":19,"turns":3},{"damage":0,"enemies":"Cultist and Chosen","floor":21,"turns":4},{"damage":10,"enemies":"Slavers","floor":23,"turns":3},{"damage":4,"enemies":"Book of Stabbing","floor":25,"turns":4},{"damage":0,"enemies":"Gremlin Leader","floor":27,"turns":5},{"damage":0,"enemies":"Snake Plant","floor":29,"turns":4},{"damage":18,"enemies":"Book of Stabbing","floor":30,"turns":3},{"damage":2,"enemies":"Chosen and Byrds","floor":31,"turns":4},{"damage":36,"enemies":"Collector","floor":33,"turns":9},{"damage":24,"enemies":"3 Darklings","floor":35,"turns":4},{"damage":8,"enemies":"Orb Walker","floor":37,"turns":4},{"damage":18,"enemies":"4 Shapes","floor":38,"turns":7},{"damage":27,"enemies":"Reptomancer","floor":40,"turns":3},{"damage":7,"enemies":"Sphere and 2 Shapes","floor":42,"turns":5},{"damage":7,"enemies":"Nemesis","floor":45,"turns":5},{"damage":9,"enemies":"Writhing Mass","floor":48,"turns":7},{"damage":81,"enemies":"Awakened One","floor":50,"turns":16}],"seed_played":"-1771218191267705901","potions_obtained":[{"floor":5,"key":"Block Potion"},{"floor":7,"key":"GamblersBrew"},{"floor":10,"key":"Weak Potion"},{"floor":19,"key":"SkillPotion"},{"floor":27,"key":"Explosive Potion"},{"floor":30,"key":"Energy Potion"},{"floor":31,"key":"FocusPotion"},{"floor":37,"key":"Explosive Potion"},{"floor":45,"key":"SpeedPotion"},{"floor":48,"key":"Dexterity Potion"}],"is_trial":false,"path_per_floor":["M","?","?","M","M","R","E","R","T","E","R","$","?","?","R","B",null,"M","M","?","M","$","E","R","E","T","E","$","M","E","M","R","B",null,"M","?","M","M","?","E","R","M","T","R","E","?","$","M","R","B"],"character_chosen":"DEFECT","items_purchased":["PreservedInsect","Heatsinks","War Paint","Defragment"],"campfire_rested":4,"item_purchase_floors":[12,22,28,47],"current_hp_per_floor":[68,61,61,61,61,61,45,45,45,29,29,29,17,42,42,1,57,49,43,43,55,55,47,69,67,67,75,75,75,67,75,75,49,69,47,47,51,45,45,30,67,62,62,75,75,75,75,75,75,0],"gold":128,"neow_bonus":"THREE_ENEMY_KILL","is_prod":false,"is_daily":false,"chose_seed":false,"campfire_upgraded":4,"win_rate":0,"timestamp":1547246313,"path_taken":["M","?","?","M","?","R","E","R","T","E","R","?","?","?","R","BOSS","M","M","?","M","$","E","R","E","T","E","?","M","E","M","R","BOSS","M","?","M","M","?","E","R","M","T","R","E","?","$","M","R","BOSS"],"build_version":"2019-01-10","purchased_purges":2,"victory":false,"max_hp_per_floor":[75,75,75,75,75,75,75,75,75,75,75,75,75,75,75,75,75,75,75,75,75,75,75,75,75,75,75,75,75,75,75,75,75,75,75,75,75,75,75,75,75,75,75,75,75,75,75,75,75,75],"card_choices":[{"not_picked":["Hologram","Blizzard"],"picked":"Coolheaded","floor":1},{"not_picked":["Cold Snap","Fusion"],"picked":"Leap","floor":4},{"not_picked":["Tempest","Go for the Eyes"],"picked":"Ball Lightning","floor":5},{"not_picked":["Streamline","Chill"],"picked":"Leap","floor":7},{"not_picked":["Gash","Redo"],"picked":"Ball Lightning","floor":10},{"not_picked":["Biased Cognition","Hyperbeam"],"picked":"Electrodynamics","floor":16},{"not_picked":["Rip and Tear","Recycle+1"],"picked":"Barrage+1","floor":18},{"not_picked":["Cold Snap","Conserve Battery"],"picked":"Self Repair","floor":19},{"not_picked":["Streamline","Rebound"],"picked":"Beam Cell","floor":21},{"not_picked":["Coolheaded","Compile Driver+1"],"picked":"Stack","floor":23},{"not_picked":["Compile Driver","Blizzard"],"picked":"Coolheaded+1","floor":25},{"not_picked":["Redo","Conserve Battery"],"picked":"Streamline+1","floor":27},{"not_picked":["Auto Shields","Reboot"],"picked":"Tempest+1","floor":29},{"not_picked":["Sweeping Beam+1","Lockon"],"picked":"Leap+1","floor":30},{"not_picked":["Hologram","Compile Driver"],"picked":"Conserve Battery+1","floor":31},{"not_picked":["Hyperbeam","Multi-Cast"],"picked":"Fission","floor":33},{"not_picked":["Gash","Hologram"],"picked":"Static Discharge+1","floor":34},{"not_picked":["Go for the Eyes","Tempest"],"picked":"Storm","floor":34},{"not_picked":["Streamline","Meteor Strike"],"picked":"Coolheaded+1","floor":34},{"not_picked":["Beam Cell","Ball Lightning"],"picked":"Melter+1","floor":34},{"not_picked":["Beam Cell","Cold Snap"],"picked":"Double Energy","floor":34},{"not_picked":["Compile Driver","Cold Snap"],"picked":"Glacier+1","floor":35},{"not_picked":["Barrage","Compile Driver"],"picked":"Conserve Battery+1","floor":37},{"not_picked":["Steam","Darkness+1"],"picked":"Sweeping Beam+1","floor":38},{"not_picked":["Leap","Consume"],"picked":"Ball Lightning+1","floor":40},{"not_picked":["Steam","Rebound"],"picked":"Streamline+1","floor":42},{"not_picked":["Chill","Biased Cognition"],"picked":"Force Field","floor":45},{"not_picked":["Barrage","Turbo","Leap"],"picked":"SKIP","floor":48}],"player_experience":431746,"relics_obtained":[{"floor":7,"key":"Blood Vial"},{"floor":9,"key":"Oddly Smooth Stone"},{"floor":10,"key":"WingedGreaves"},{"floor":23,"key":"Anchor"},{"floor":25,"key":"Pen Nib"},{"floor":26,"key":"Dodecahedron"},{"floor":27,"key":"Potion Belt"},{"floor":30,"key":"Regal Pillow"},{"floor":40,"key":"Happy Flower"},{"floor":45,"key":"Orichalcum"}],"event_choices":[{"cards_removed":["Dualcast"],"damage_healed":0,"gold_gain":0,"player_choice":"Card Removal","damage_taken":7,"max_hp_gain":0,"max_hp_loss":0,"event_name":"Golden Wing","floor":2,"gold_loss":0},{"damage_healed":0,"gold_gain":100,"player_choice":"Pray","damage_taken":0,"max_hp_gain":0,"max_hp_loss":0,"event_name":"Golden Shrine","floor":3,"gold_loss":0},{"damage_healed":0,"gold_gain":0,"player_choice":"Success","damage_taken":12,"relics_obtained":["Bag of Marbles"],"max_hp_gain":0,"max_hp_loss":0,"event_name":"Scrap Ooze","floor":13,"gold_loss":0},{"damage_healed":25,"gold_gain":0,"player_choice":"Banana","damage_taken":0,"max_hp_gain":0,"max_hp_loss":0,"event_name":"Big Fish","floor":14,"gold_loss":0},{"damage_healed":0,"gold_gain":0,"player_choice":"Upgraded","damage_taken":0,"max_hp_gain":0,"max_hp_loss":0,"event_name":"Upgrade Shrine","floor":20,"gold_loss":0,"cards_upgraded":["Self Repair"]},{"damage_healed":0,"gold_gain":0,"player_choice":"Paid","damage_taken":0,"relics_obtained":["Red Mask"],"max_hp_gain":0,"max_hp_loss":0,"event_name":"Tomb of Lord Red Mask","floor":36,"gold_loss":189},{"cards_removed":["Sweeping Beam"],"damage_healed":0,"gold_gain":0,"player_choice":"Removed Attack","damage_taken":0,"max_hp_gain":0,"max_hp_loss":0,"event_name":"Falling","floor":39,"gold_loss":0},{"damage_healed":0,"gold_gain":0,"player_choice":"Gave Potion","damage_taken":0,"relics_obtained":["Meat on the Bone"],"max_hp_gain":0,"max_hp_loss":0,"event_name":"WeMeetAgain","floor":46,"gold_loss":0}],"is_beta":false,"boss_relics":[{"not_picked":["FrozenCore","Snecko Eye"],"picked":"Fusion Hammer"},{"not_picked":["Calling Bell","Runic Dome"],"picked":"Orrery"}],"items_purged_floors":[12,22],"is_endless":false,"potions_floor_spawned":[5,7,10,19,27,30,31,37,45,48],"killed_by":"Awakened One","ascension_level":9}