{"gold_per_floor":[113,127,127,202,214,214,227,237,237,67,67,142,155,80,80,171,171,171],"floor_reached":18,"playtime":3321,"items_purged":[],"score":296,"play_id":"e11b7318-c7f7-426f-8a12-b141e780802f","local_time":"20190125080654","is_ascension_mode":true,"campfire_choices":[{"data":"Bash","floor":6.0,"key":"SMITH"},{"floor":15,"key":"REST"}],"neow_cost":"NONE","seed_source_timestamp":0,"circlet_count":0,"master_deck":["AscendersBane","Bash+1","Feel No Pain","True Grit","Shrug It Off","Feel No Pain","Warcry","Demon Form","Battle Trance","Thunderclap","Anger","True Grit","Barricade","Bloodletting","Rage","True Grit","Double Tap","Warcry","Bludgeon","Heavy Blade","Sentinel","Hemokinesis"],"special_seed":0,"relics":["Burning Blood","Girya","Golden Idol","Pandora\u0027s Box"],"potions_floor_usage":[16],"damage_taken":[{"damage":6.0,"enemies":"2 Louse","floor":1.0,"turns":4.0},{"damage":9.0,"enemies":"Small Slimes","floor":2.0,"turns":6.0},{"damage":3.0,"enemies":"Cultist","floor":5.0,"turns":4.0},{"damage":9.0,"enemies":"Looter","floor":7.0,"turns":4.0},{"damage":17.0,"enemies":"Exordium Wildlife","floor":8.0,"turns":5.0},{"damage":25.0,"enemies":"Exordium Thugs","floor":13.0,"turns":7.0},{"damage":19,"enemies":"The Guardian","floor":16,"turns":12},{"damage":8,"enemies":"Spheric Guardian","floor":18,"turns":3}],"seed_played":"-8399394323436592790","potions_obtained":[{"floor":2.0,"key":"SpeedPotion"},{"floor":8.0,"key":"PowerPotion"},{"floor":13.0,"key":"Block Potion"},{"floor":16,"key":"BloodPotion"}],"is_trial":false,"path_per_floor":["M","M","?","?","M","R","M","M","T","$","?","?","M","$","R","B",null,"M"],"character_chosen":"IRONCLAD","items_purchased":["Demon Form","Battle Trance","Anger","True Grit"],"campfire_rested":1,"item_purchase_floors":[10,10,14,14],"current_hp_per_floor":[75,72,72,61,64,64,61,50,50,50,50,50,31,31,53,40,66,58],"gold":171,"neow_bonus":"TEN_PERCENT_HP_BONUS","is_prod":false,"is_daily":false,"chose_seed":false,"campfire_upgraded":1,"win_rate":0,"timestamp":1548432414,"path_taken":["M","M","?","?","M","R","M","M","T","$","?","?","M","$","R","BOSS","M"],"build_version":"2019-01-23","purchased_purges":0,"victory":false,"max_hp_per_floor":[82,82,82,82,82,82,82,82,82,82,74,74,74,74,74,74,74,74],"card_choices":[{"not_picked":["Anger","Sword Boomerang"],"picked":"Feel No Pain","floor":1.0},{"not_picked":["Pummel","Flex"],"picked":"True Grit","floor":2.0},{"not_picked":["Seeing Red","Clash"],"picked":"Shrug It Off","floor":5.0},{"not_picked":["True Grit","Bloodletting"],"picked":"Feel No Pain","floor":7.0},{"not_picked":["Armaments","Clothesline"],"picked":"Warcry","floor":8.0},{"not_picked":["Dark Embrace","Evolve"],"picked":"Thunderclap","floor":13.0},{"not_picked":["Impervious","Feed"],"picked":"Barricade","floor":16}],"player_experience":1749533,"relics_obtained":[{"floor":9.0,"key":"Girya"}],"event_choices":[{"damage_healed":0.0,"max_hp_gain":0.0,"max_hp_loss":0.0,"gold_gain":0.0,"event_name":"Liars Game","player_choice":"Ignored","floor":3.0,"gold_loss":0.0,"damage_taken":0.0},{"damage_healed":0.0,"max_hp_gain":0.0,"max_hp_loss":0.0,"gold_gain":75.0,"event_name":"World of Goop","player_choice":"Gather Gold","floor":4.0,"gold_loss":0.0,"damage_taken":11.0},{"damage_healed":0.0,"max_hp_gain":0.0,"max_hp_loss":8.0,"gold_gain":0.0,"event_name":"Golden Idol","player_choice":"Lose Max HP","floor":11.0,"gold_loss":0.0,"damage_taken":0.0,"relics_obtained":["Golden Idol"]},{"damage_healed":0.0,"max_hp_gain":0.0,"max_hp_loss":0.0,"gold_gain":75.0,"event_name":"Golden Wing","player_choice":"Gained Gold","floor":12.0,"gold_loss":0.0,"damage_taken":0.0}],"is_beta":false,"boss_relics":[{"not_picked":["Philosopher\u0027s Stone","Orrery"],"picked":"Pandora\u0027s Box"}],"items_purged_floors":[],"is_endless":false,"potions_floor_spawned":[2,8,13,16],"killed_by":"Spheric Guardian","ascension_level":19}