{"gold_per_floor":[118,193,209,134,157,65,65,75,99,99,126,126,126,26,26,124,174,185,185,60,60,60,60,13,13,13,13,41,53,71,3,3,3],"floor_reached":33,"playtime":2035,"items_purged":["Writhe","Strike_B","Strike_B"],"score":363,"play_id":"945e5c3e-bdfe-48ae-a775-1bd913624b8d","local_time":"20180804140432","is_ascension_mode":true,"campfire_choices":[{"data":"Zap","floor":7,"key":"SMITH"},{"data":"Flash of Steel","floor":10,"key":"SMITH"},{"data":"Hologram","floor":13,"key":"SMITH"},{"data":"Cold Snap","floor":15,"key":"SMITH"},{"data":"Creative AI","floor":23,"key":"SMITH"},{"data":"Machine Learning","floor":25,"key":"SMITH"},{"floor":32,"key":"REST"}],"neow_cost":"CURSE","seed_source_timestamp":22175014686146,"circlet_count":0,"master_deck":["Strike_B","Defend_B","Defend_B","Defend_B","Defend_B+1","Zap+1","Dualcast","Core Surge","Auto Shields","Cold Snap+1","Flash of Steel+1","Hologram+1","Melter","Machine Learning+1","Go for the Eyes","Conserve Battery","Glacier","Creative AI+1","Conserve Battery","Leap+1","Glacier+1","Doom and Gloom"],"relics":["Cracked Core","Bronze Scales","Ancient Tea Set","Prayer Wheel","Tiny House","Bottled Flame","Blue Candle","Regal Pillow"],"potions_floor_usage":[11,12,29,29],"damage_taken":[{"damage":8,"enemies":"2 Louse","floor":1,"turns":2},{"damage":2,"enemies":"Jaw Worm","floor":3,"turns":3},{"damage":0,"enemies":"Small Slimes","floor":8,"turns":2},{"damage":6,"enemies":"Lagavulin","floor":11,"turns":5},{"damage":0,"enemies":"Red Slaver","floor":12,"turns":1},{"damage":38,"enemies":"Hexaghost","floor":16,"turns":11},{"damage":0,"enemies":"Chosen","floor":18,"turns":4},{"damage":33,"enemies":"Slavers","floor":28,"turns":9},{"damage":10,"enemies":"2 Thieves","floor":29,"turns":5},{"damage":14,"enemies":"Snake Plant","floor":30,"turns":5},{"damage":52,"enemies":"Champ","floor":33,"turns":12}],"seed_played":"-7516992759538568510","potions_obtained":[{"floor":3,"key":"Fire Potion"},{"floor":11,"key":"SmokeBomb"},{"floor":17,"key":"SpeedPotion"},{"floor":28,"key":"Fire Potion"},{"floor":30,"key":"FearPotion"}],"is_trial":false,"path_per_floor":["M","?","M","$","T","$","R","M","T","R","E","M","R","$","R","B",null,"M","?","$","?","?","R","$","R","T","T","E","M","M","$","R"],"character_chosen":"DEFECT","items_purchased":["Flash of Steel","Conserve Battery","Doom and Gloom"],"campfire_rested":1,"item_purchase_floors":[6,24,31],"current_hp_per_floor":[60,60,58,58,58,58,58,58,58,58,52,52,52,52,52,14,65,65,65,65,65,65,65,65,65,65,65,32,22,8,8,47,0],"gold":3,"neow_bonus":"THREE_RARE_CARDS","is_prod":false,"is_daily":false,"chose_seed":false,"campfire_upgraded":6,"win_rate":0,"timestamp":1533355472,"path_taken":["M","?","?","$","?","$","R","?","T","R","E","?","R","?","R","BOSS","M","?","$","?","?","R","?","R","T","?","E","M","M","$","R","BOSS"],"build_version":"2018-08-02","purchased_purges":3,"victory":false,"max_hp_per_floor":[75,75,75,75,75,75,75,75,75,75,75,75,75,75,75,75,80,80,80,80,80,80,80,80,80,80,80,80,80,80,80,80,80],"card_choices":[{"not_picked":["Hyperbeam","Meteor Strike"],"picked":"Core Surge","floor":0},{"not_picked":["Capacitor","Force Field"],"picked":"Auto Shields","floor":1},{"not_picked":["Barrage","Go for the Eyes"],"picked":"Cold Snap","floor":3},{"not_picked":["Melter","Gash"],"picked":"Hologram","floor":8},{"not_picked":["Fusion","Turbo"],"picked":"Melter","floor":11},{"not_picked":["Rainbow","Thunder Strike"],"picked":"Machine Learning","floor":16},{"not_picked":["Skim","Turbo"],"picked":"Go for the Eyes","floor":17},{"not_picked":["Hello World","Steam Power"],"picked":"Conserve Battery","floor":18},{"not_picked":["Skim","Compile Driver+1"],"picked":"Glacier","floor":18},{"not_picked":["Lockon","Gash"],"picked":"Leap+1","floor":28},{"not_picked":["Sunder","Stack","Darkness"],"picked":"SKIP","floor":29},{"not_picked":["Scrape","Barrage","Steam"],"picked":"SKIP","floor":29},{"not_picked":["Sunder+1","Hologram"],"picked":"Glacier+1","floor":30},{"not_picked":["Compile Driver","Redo","Go for the Eyes"],"picked":"SKIP","floor":30}],"player_experience":629221,"relics_obtained":[{"floor":5,"key":"Bronze Scales"},{"floor":9,"key":"Ancient Tea Set"},{"floor":11,"key":"Prayer Wheel"},{"floor":26,"key":"Bottled Flame"},{"floor":27,"key":"Blue Candle"},{"floor":28,"key":"Regal Pillow"}],"event_choices":[{"event_name":"Golden Wing","player_choice":"Gained Gold","floor":2,"damage_taken":0},{"event_name":"Match and Keep!","player_choice":"1 cards matched","floor":19,"damage_taken":0},{"event_name":"Ghosts","player_choice":"Ignored","floor":21,"damage_taken":0},{"event_name":"Bonfire Elementals","player_choice":"BASIC","floor":22,"damage_taken":0}],"is_beta":false,"boss_relics":[{"not_picked":["Pandora\u0027s Box","Eternal Feather"],"picked":"Tiny House"}],"items_purged_floors":[4,14,20],"is_endless":false,"potions_floor_spawned":[3,11,28,30],"killed_by":"Champ","ascension_level":8}