{"gold_per_floor":[110,110,124,134,149,149,175,186,186,186,186,186,186,197,197,271,271,290,302,217,31,81,81,81],"floor_reached":24,"playtime":811,"items_purged":["Strike_B"],"score":392,"play_id":"7ca731cc-394c-4777-86f2-49971d1b7ec7","local_time":"20181122155811","is_ascension_mode":true,"campfire_choices":[{"data":"Loop","floor":6.0,"key":"SMITH"},{"floor":10.0,"key":"REST"},{"data":"Go for the Eyes","floor":13.0,"key":"SMITH"},{"data":"Dualcast","floor":15.0,"key":"SMITH"},{"floor":23,"key":"REST"}],"neow_cost":"NONE","seed_source_timestamp":0,"circlet_count":0,"master_deck":["AscendersBane","Strike_B","Strike_B","Defend_B","Defend_B+1","Defend_B","Defend_B+1","Zap+1","Dualcast+1","Cold Snap","Loop+1","Go for the Eyes+1","Ball Lightning","All For One","Beam Cell","Creative AI","Coolheaded","Capacitor","Defragment"],"special_seed":0,"relics":["Cracked Core","Pen Nib","The Courier","Sozu","Shuriken"],"potions_floor_usage":[16],"damage_taken":[{"damage":2.0,"enemies":"Jaw Worm","floor":1.0,"turns":3.0},{"damage":5.0,"enemies":"Small Slimes","floor":3.0,"turns":3.0},{"damage":1.0,"enemies":"Cultist","floor":4.0,"turns":3.0},{"damage":14.0,"enemies":"Exordium Wildlife","floor":5.0,"turns":5.0},{"damage":9.0,"enemies":"Lagavulin","floor":7.0,"turns":6.0},{"damage":15.0,"enemies":"Lots of Slimes","floor":8.0,"turns":3.0},{"damage":0.0,"enemies":"Red Slaver","floor":14.0,"turns":2.0},{"damage":36,"enemies":"Slime Boss","floor":16,"turns":9},{"damage":31,"enemies":"3 Byrds","floor":18,"turns":5},{"damage":4,"enemies":"Chosen","floor":19,"turns":3},{"damage":48,"enemies":"Book of Stabbing","floor":24,"turns":6}],"seed_played":"1364547704651306170","potions_obtained":[{"floor":3.0,"key":"Weak Potion"},{"floor":4.0,"key":"EssenceOfSteel"},{"floor":7.0,"key":"SteroidPotion"},{"floor":8.0,"key":"SkillPotion"}],"is_trial":false,"path_per_floor":["M","?","M","M","M","R","E","M","T","R","?","?","R","M","R","B",null,"M","M","?","$","?","R","E"],"character_chosen":"DEFECT","items_purchased":["Capacitor","Defragment"],"campfire_rested":2,"item_purchase_floors":[21,21],"current_hp_per_floor":[62,55,50,49,35,35,26,11,11,32,11,71,71,71,71,35,62,31,27,27,27,27,48,0],"gold":81,"neow_bonus":"UPGRADE_CARD","is_prod":false,"is_daily":false,"chose_seed":false,"campfire_upgraded":3,"win_rate":0,"timestamp":1542931091,"path_taken":["M","?","M","M","M","R","E","M","T","R","?","?","R","M","R","BOSS","M","M","?","$","?","R","E"],"build_version":"2018-11-15","purchased_purges":1,"victory":false,"max_hp_per_floor":[71,71,71,71,71,71,71,71,71,71,71,71,71,71,71,71,71,71,71,71,71,71,71,71],"card_choices":[{"not_picked":["Rebound","Leap"],"picked":"Cold Snap","floor":1.0},{"not_picked":["Aggregate","Gash"],"picked":"Loop","floor":3.0},{"not_picked":["Chill","BootSequence"],"picked":"Go for the Eyes","floor":4.0},{"not_picked":["Hologram","Beam Cell"],"picked":"Ball Lightning","floor":5.0},{"not_picked":["Barrage","Stack"],"picked":"All For One","floor":7.0},{"not_picked":["Rip and Tear","Compile Driver"],"picked":"Beam Cell","floor":8.0},{"not_picked":["Streamline","Aggregate","Stack"],"picked":"SKIP","floor":14.0},{"not_picked":["Multi-Cast","Machine Learning"],"picked":"Creative AI","floor":16},{"not_picked":["Gash","Beam Cell","Sweeping Beam"],"picked":"SKIP","floor":18},{"not_picked":["Hologram","BootSequence+1"],"picked":"Coolheaded","floor":19}],"player_experience":949780,"relics_obtained":[{"floor":7.0,"key":"Pen Nib"},{"floor":9.0,"key":"The Courier"}],"event_choices":[{"cards_removed":["Strike_B"],"damage_healed":0.0,"max_hp_gain":0.0,"max_hp_loss":0.0,"gold_gain":0.0,"event_name":"Golden Wing","player_choice":"Card Removal","floor":2.0,"gold_loss":0.0,"damage_taken":7.0},{"damage_healed":0.0,"max_hp_gain":0.0,"max_hp_loss":0.0,"gold_gain":0.0,"event_name":"Shining Light","player_choice":"Entered Light","floor":11.0,"gold_loss":0.0,"damage_taken":21.0,"cards_upgraded":["Defend_B","Defend_B"]},{"damage_healed":60.0,"max_hp_gain":0.0,"max_hp_loss":0.0,"gold_gain":0.0,"event_name":"Wheel of Change","player_choice":"Full Heal","floor":12.0,"gold_loss":0.0,"damage_taken":0.0},{"damage_healed":0,"gold_gain":0,"player_choice":"Obtained Relic","damage_taken":0,"relics_obtained":["Shuriken"],"max_hp_gain":0,"max_hp_loss":0,"event_name":"Addict","floor":20,"gold_loss":85},{"damage_healed":0,"gold_gain":50,"player_choice":"Pray","damage_taken":0,"max_hp_gain":0,"max_hp_loss":0,"event_name":"Golden Shrine","floor":22,"gold_loss":0}],"is_beta":true,"boss_relics":[{"not_picked":["Ectoplasm","Coffee Dripper"],"picked":"Sozu"}],"items_purged_floors":[21],"is_endless":false,"potions_floor_spawned":[3,4,7,8,18],"killed_by":"Book of Stabbing","ascension_level":20}