{"path_per_floor":["M","?","M","?","M","E","$","E","T","R","?","M","E","$","R","B",null,"M","?","?","M","?"],"character_chosen":"IRONCLAD","items_purchased":["Toxic Egg 2","Warcry"],"gold_per_floor":[112,112,126,301,314,349,30,57,87,87,87,100,127,81,81,177,177,164,164,164,181,106,106],"floor_reached":23,"campfire_rested":2,"playtime":1330,"current_hp_per_floor":[74,74,73,73,77,17,17,18,18,42,42,29,43,43,67,40,80,52,52,52,16,16,0],"items_purged":["Strike_R"],"gold":106,"score":238,"play_id":"08067d14-4abd-454f-80e8-f129a2874a76","local_time":"20180404220940","is_prod":false,"is_daily":false,"is_ascension_mode":true,"campfire_upgraded":0,"timestamp":1522897780,"path_taken":["M","?","M","?","M","E","?","E","T","R","?","?","E","$","R","BOSS","M","?","?","M","?","E"],"build_version":"2018-03-29v2","purchased_purges":1,"victory":false,"master_deck":["Strike_R","Strike_R","Strike_R","Strike_R","Defend_R","Defend_R","Defend_R","Defend_R","Bash","Immolate","Spot Weakness","Reaper","Flex","Rampage","Shrug It Off","Armaments+1","Headbutt","Barricade","Warcry+1","Exhume+1","Bloodletting+1","True Grit+1","Writhe","Body Slam"],"max_hp_per_floor":[80,80,80,80,80,80,80,80,80,80,80,80,80,80,80,80,80,80,80,80,80,80,80],"relics":["Burning Blood","Ice Cream","Toxic Egg 2","Bag of Preparation","Tiny Chest","Ancient Tea Set","Runic Cube","Lantern"],"card_choices":[{"not_picked":["Body Slam","Havoc"],"picked":"Spot Weakness","floor":1},{"not_picked":["Iron Wave","Fire Breathing"],"picked":"Flex","floor":3},{"not_picked":["Pummel","Body Slam"],"picked":"Rampage","floor":5},{"not_picked":["Sword Boomerang","Rupture"],"picked":"Shrug It Off","floor":6},{"not_picked":["Power Through","Clash"],"picked":"Armaments","floor":8},{"not_picked":["Iron Wave","Havoc"],"picked":"Headbutt","floor":12},{"not_picked":["Spot Weakness","Wild Strike"],"picked":"Barricade","floor":13},{"not_picked":["Barricade","Bludgeon"],"picked":"Exhume","floor":16},{"not_picked":["Rage","Headbutt"],"picked":"Bloodletting","floor":18},{"not_picked":["Rage","Cleave"],"picked":"Body Slam","floor":21}],"player_experience":125408,"potions_floor_usage":[8,13,13,13,23,23,23],"damage_taken":[{"damage":12,"enemies":"Jaw Worm","floor":1,"turns":4},{"damage":11,"enemies":"Cultist","floor":3,"turns":4},{"damage":2,"enemies":"2 Louse","floor":5,"turns":3},{"damage":72,"enemies":"Gremlin Nob","floor":6,"turns":6},{"damage":32,"enemies":"3 Sentries","floor":8,"turns":7},{"damage":25,"enemies":"Looter","floor":12,"turns":4},{"damage":10,"enemies":"Lagavulin","floor":13,"turns":5},{"damage":53,"enemies":"Slime Boss","floor":16,"turns":11},{"damage":34,"enemies":"2 Thieves","floor":18,"turns":4},{"damage":42,"enemies":"Spheric Guardian","floor":21,"turns":6},{"damage":41,"enemies":"Book of Stabbing","floor":23,"turns":6}],"event_choices":[{"event_name":"Match and Keep!","player_choice":"1 cards matched","floor":2,"damage_taken":0},{"event_name":"Liars Game","player_choice":"agreed","floor":4,"damage_taken":0},{"event_name":"The Lab","player_choice":"Got Potions","floor":11,"damage_taken":0},{"event_name":"The Library","player_choice":"Read","floor":19,"damage_taken":0},{"event_name":"The Mausoleum","player_choice":"Yes","floor":20,"damage_taken":0},{"event_name":"Beggar","player_choice":"Gave Gold","floor":22,"damage_taken":0}],"boss_relics":[{"not_picked":["Ectoplasm","Tiny House"],"picked":"Runic Cube"}],"potions_floor_spawned":[5,6,12,13,16,18],"seed_played":"-1076791953846691684","killed_by":"Book of Stabbing","ascension_level":3,"is_trial":false}