{"gold_per_floor":[119,129,129,44,44,44,71,71,141,141,191,211,191,226,226,304,304,280,280,154,172,183,183],"floor_reached":23,"playtime":5770,"items_purged":["Strike_R"],"score":437,"play_id":"ed57c2cc-aa9b-4b1b-a51d-21aaee8efa9e","local_time":"20190122132001","is_ascension_mode":true,"campfire_choices":[{"data":"Rampage","floor":6,"key":"SMITH"},{"data":"Bash","floor":8,"key":"SMITH"},{"data":"Shrug It Off","floor":10,"key":"SMITH"},{"data":"Pommel Strike","floor":15,"key":"SMITH"}],"neow_cost":"NONE","seed_source_timestamp":502728251553876,"circlet_count":0,"master_deck":["AscendersBane","Strike_R","Strike_R","Strike_R","Strike_R","Defend_R","Defend_R","Defend_R","Defend_R","Bash+1","Twin Strike","Shrug It Off+1","Rampage+1","Flame Barrier+1","Pommel Strike+1","Immolate","Shrug It Off+1","Thunderclap"],"relics":["Burning Blood","NeowsBlessing","Paper Frog","Toxic Egg 2","Potion Belt","Runic Cube"],"potions_floor_usage":[19,21,22],"damage_taken":[{"damage":0,"enemies":"2 Louse","floor":1,"turns":1},{"damage":0,"enemies":"Small Slimes","floor":2,"turns":2},{"damage":0,"enemies":"3 Sentries","floor":7,"turns":1},{"damage":6,"enemies":"Cultist","floor":12,"turns":3},{"damage":8,"enemies":"Gremlin Nob","floor":14,"turns":3},{"damage":53,"enemies":"The Guardian","floor":16,"turns":11},{"damage":28,"enemies":"2 Thieves","floor":18,"turns":4},{"damage":2,"enemies":"3 Byrds","floor":19,"turns":2},{"damage":13,"enemies":"3 Cultists","floor":21,"turns":5},{"damage":38,"enemies":"Cultist and Chosen","floor":22,"turns":4},{"damage":5,"enemies":"Gremlin Leader","floor":23,"turns":2}],"seed_played":"-1640606840077218824","potions_obtained":[{"floor":2,"key":"Fruit Juice"},{"floor":13,"key":"SmokeBomb"},{"floor":14,"key":"SteroidPotion"},{"floor":18,"key":"PowerPotion"},{"floor":22,"key":"GamblersBrew"}],"is_trial":false,"path_per_floor":["M","M","?","$","?","R","E","R","T","R","?","M","?","E","R","B",null,"M","M","$","M","M","E"],"character_chosen":"IRONCLAD","items_purchased":["Rampage","Shrug It Off+1"],"campfire_rested":0,"item_purchase_floors":[4,20],"current_hp_per_floor":[74,75,80,80,80,80,80,80,80,80,80,80,80,78,78,31,68,46,50,50,43,16,11],"gold":183,"neow_bonus":"THREE_ENEMY_KILL","is_prod":false,"is_daily":false,"chose_seed":false,"campfire_upgraded":4,"win_rate":0,"timestamp":1548192001,"path_taken":["M","M","?","$","?","R","E","R","T","R","?","?","?","E","R","BOSS","M","M","$","M","M","E"],"build_version":"2019-01-17v2","purchased_purges":1,"victory":false,"max_hp_per_floor":[75,75,80,80,80,80,80,80,80,80,80,80,80,80,80,80,80,80,80,80,80,85,85],"card_choices":[{"not_picked":["Wild Strike","Flame Barrier"],"picked":"Twin Strike","floor":1},{"not_picked":["Clash","Hemokinesis"],"picked":"Shrug It Off","floor":2},{"not_picked":["Combust","Rampage","Anger"],"picked":"SKIP","floor":7},{"not_picked":["Warcry+1","Pommel Strike"],"picked":"Flame Barrier+1","floor":12},{"not_picked":["Rampage","Evolve"],"picked":"Pommel Strike","floor":14},{"not_picked":["Demon Form","Feed"],"picked":"Immolate","floor":16},{"not_picked":["Wild Strike","Flame Barrier+1","Twin Strike+1"],"picked":"SKIP","floor":18},{"not_picked":["Perfected Strike","Twin Strike"],"picked":"Thunderclap","floor":21},{"not_picked":["Hemokinesis","Reckless Charge","Heavy Blade"],"picked":"SKIP","floor":22}],"player_experience":1714828,"relics_obtained":[{"floor":7,"key":"Paper Frog"},{"floor":9,"key":"Toxic Egg 2"},{"floor":14,"key":"Potion Belt"}],"event_choices":[{"damage_healed":0,"gold_gain":0,"player_choice":"Donut","damage_taken":0,"max_hp_gain":5,"max_hp_loss":0,"event_name":"Big Fish","floor":3,"gold_loss":0},{"damage_healed":0,"gold_gain":0,"player_choice":"Ignored","damage_taken":0,"max_hp_gain":0,"max_hp_loss":0,"event_name":"Liars Game","floor":5,"gold_loss":0},{"damage_healed":0,"gold_gain":50,"player_choice":"Pray","damage_taken":0,"max_hp_gain":0,"max_hp_loss":0,"event_name":"Golden Shrine","floor":11,"gold_loss":0},{"damage_healed":0,"gold_gain":0,"player_choice":"Bought 1 Potion","damage_taken":0,"max_hp_gain":0,"max_hp_loss":0,"event_name":"The Woman in Blue","floor":13,"gold_loss":0}],"is_beta":false,"boss_relics":[{"not_picked":["Eternal Feather","Orrery"],"picked":"Runic Cube"}],"items_purged_floors":[20],"is_endless":false,"potions_floor_spawned":[2,14,18,22],"killed_by":"Gremlin Leader","ascension_level":19}