{"gold_per_floor":[117,127,146,161,161,161,176,176,176,176,192,192,153,170,170,271,271,291,303,303,303],"floor_reached":21,"playtime":1458,"items_purged":[],"score":234,"play_id":"4acfadde-c06c-471f-ae17-5c54d7aa4c35","local_time":"20180912081610","is_ascension_mode":true,"campfire_choices":[{"data":"Zap","floor":6,"key":"SMITH"},{"data":"Barrage","floor":8,"key":"SMITH"},{"data":"Hologram","floor":10,"key":"SMITH"},{"data":"Coolheaded","floor":12,"key":"SMITH"},{"floor":15,"key":"REST"}],"neow_cost":"NONE","seed_source_timestamp":2384311122234743,"circlet_count":0,"master_deck":["Strike_B","Strike_B","Strike_B","Defend_B","Defend_B","Defend_B","Zap+1","Dualcast","Hologram+1","Coolheaded+1","Ball Lightning","Barrage+1","Conserve Battery","Steam","Auto Shields","Biased Cognition","Capacitor","Defragment"],"relics":["Cracked Core","Pen Nib","Kunai","Empty Cage"],"potions_floor_usage":[],"damage_taken":[{"damage":6,"enemies":"Cultist","floor":1,"turns":3},{"damage":17,"enemies":"Small Slimes","floor":2,"turns":4},{"damage":7,"enemies":"Jaw Worm","floor":3,"turns":3},{"damage":21,"enemies":"Large Slime","floor":4,"turns":6},{"damage":3,"enemies":"Looter","floor":7,"turns":2},{"damage":9,"enemies":"3 Louse","floor":11,"turns":3},{"damage":0,"enemies":"2 Fungi Beasts","floor":14,"turns":2},{"damage":22,"enemies":"The Guardian","floor":16,"turns":11},{"damage":0,"enemies":"Chosen","floor":18,"turns":4},{"damage":25,"enemies":"2 Thieves","floor":19,"turns":4},{"damage":28,"enemies":"Centurion and Healer","floor":21,"turns":4}],"seed_played":"-5280925282078208708","potions_obtained":[{"floor":1,"key":"SpeedPotion"},{"floor":3,"key":"Dexterity Potion"},{"floor":4,"key":"Weak Potion"}],"is_trial":false,"path_per_floor":["M","M","M","M","?","R","M","R","T","R","M","R","?","M","R","B",null,"M","M","?"],"character_chosen":"DEFECT","items_purchased":[],"campfire_rested":1,"item_purchase_floors":[],"current_hp_per_floor":[62,45,38,17,42,42,39,39,39,39,30,30,30,30,52,30,64,64,39,25,0],"gold":303,"neow_bonus":"RANDOM_COMMON_RELIC","is_prod":false,"is_daily":false,"chose_seed":false,"campfire_upgraded":4,"win_rate":0,"timestamp":1536765370,"path_taken":["M","M","M","M","?","R","M","R","T","R","M","R","?","M","R","BOSS","M","M","?","M"],"build_version":"2018-09-06","purchased_purges":0,"victory":false,"max_hp_per_floor":[75,75,75,75,75,75,75,75,75,75,75,75,75,75,75,75,75,75,75,80,80],"card_choices":[{"not_picked":["Reinforced Body","White Noise"],"picked":"Hologram","floor":1},{"not_picked":["Turbo","Reprogram"],"picked":"Coolheaded","floor":2},{"not_picked":["Darkness","Sweeping Beam"],"picked":"Ball Lightning","floor":3},{"not_picked":["Hello World","Beam Cell"],"picked":"Barrage","floor":4},{"not_picked":["Rebound","Gash"],"picked":"Conserve Battery","floor":7},{"not_picked":["Reinforced Body","Streamline"],"picked":"Steam","floor":11},{"not_picked":["Barrage","Ball Lightning"],"picked":"Auto Shields","floor":14},{"not_picked":["All For One","Meteor Strike"],"picked":"Biased Cognition","floor":16},{"not_picked":["Steam","Redo+1"],"picked":"Capacitor","floor":18},{"not_picked":["Redo+1","Barrage"],"picked":"Defragment","floor":19}],"player_experience":1032272,"relics_obtained":[{"floor":9,"key":"Kunai"}],"event_choices":[{"event_name":"Big Fish","player_choice":"Banana","floor":5,"damage_taken":0},{"event_name":"World of Goop","player_choice":"Left","floor":13,"damage_taken":0},{"event_name":"Forgotten Altar","player_choice":"Shed Blood","floor":20,"damage_taken":0}],"is_beta":false,"boss_relics":[{"not_picked":["Black Star","Ectoplasm"],"picked":"Empty Cage"}],"items_purged_floors":[],"is_endless":false,"potions_floor_spawned":[1,3,4,14,19],"killed_by":"Centurion and Healer","ascension_level":7}