{"gold_per_floor":[118,136,152,9,23,23,23,23,49,49,49,65,65,80,80,181,181,198,218,230,243,143,143,143,159,159,258,258,274,274,291,291,392,392,409,419,419,519,86,86,119,119,119,119,119,139,63,76,76,76],"floor_reached":51,"playtime":3829,"items_purged":["Strike_G","Accuracy+1","Strike_G"],"score":671,"play_id":"d541cece-174a-442f-8f5b-6c4e7dd8f0bc","local_time":"20190202232853","is_ascension_mode":true,"campfire_choices":[{"data":"Accuracy","floor":6.0,"key":"SMITH"},{"data":"Well Laid Plans","floor":8.0,"key":"SMITH"},{"data":"Footwork","floor":10.0,"key":"SMITH"},{"data":"Acrobatics","floor":15.0,"key":"SMITH"},{"data":"After Image","floor":23.0,"key":"SMITH"},{"floor":28.0,"key":"REST"},{"floor":32,"key":"REST"},{"floor":40,"key":"REST"},{"floor":45,"key":"REST"},{"floor":49,"key":"REST"}],"neow_cost":"NONE","seed_source_timestamp":0,"circlet_count":0,"master_deck":["Defend_G","Defend_G","Defend_G","Defend_G","Defend_G","Strike_G","Strike_G","Survivor","Neutralize","Well Laid Plans","Poisoned Stab","Well Laid Plans+1","Deflect","Footwork+1","Caltrops","Acrobatics+1","After Image+1","Noxious Fumes","Dagger Spray+1","Acrobatics","Noxious Fumes","Adrenaline","Noxious Fumes","Envenom","Backflip+1","After Image","Finesse","Backflip","Expertise"],"special_seed":0,"relics":["Ring of the Snake","Orichalcum","HoveringKite","Mummified Hand","Fusion Hammer","Calipers","TheAbacus","Bottled Tornado","Anchor"],"potions_floor_usage":[33],"damage_taken":[{"damage":0.0,"enemies":"Cultist","floor":1.0,"turns":4.0},{"damage":0.0,"enemies":"Small Slimes","floor":2.0,"turns":3.0},{"damage":4.0,"enemies":"2 Louse","floor":3.0,"turns":2.0},{"damage":0.0,"enemies":"Large Slime","floor":5.0,"turns":7.0},{"damage":4.0,"enemies":"2 Fungi Beasts","floor":12.0,"turns":5.0},{"damage":9.0,"enemies":"3 Louse","floor":14.0,"turns":3.0},{"damage":30.0,"enemies":"Hexaghost","floor":16.0,"turns":13.0},{"damage":17.0,"enemies":"3 Byrds","floor":18.0,"turns":4.0},{"damage":0.0,"enemies":"Spheric Guardian","floor":19.0,"turns":6.0},{"damage":18.0,"enemies":"Chosen and Byrds","floor":20.0,"turns":10.0},{"damage":10.0,"enemies":"Snecko","floor":21.0,"turns":9.0},{"damage":0.0,"enemies":"Slavers","floor":24.0,"turns":1.0},{"damage":12.0,"enemies":"Snake Plant","floor":25.0,"turns":6.0},{"damage":21.0,"enemies":"Cultist and Chosen","floor":29.0,"turns":7.0},{"damage":0.0,"enemies":"Centurion and Healer","floor":31.0,"turns":6.0},{"damage":3,"enemies":"Champ","floor":33,"turns":14},{"damage":15,"enemies":"Orb Walker","floor":35,"turns":6},{"damage":26,"enemies":"3 Shapes","floor":36,"turns":5},{"damage":0,"enemies":"Mind Bloom Boss Battle","floor":38,"turns":7},{"damage":16,"enemies":"Giant Head","floor":41,"turns":11},{"damage":38,"enemies":"Sphere and 2 Shapes","floor":46,"turns":6},{"damage":0,"enemies":"Spire Growth","floor":48,"turns":6},{"damage":14,"enemies":"Awakened One","floor":50,"turns":16}],"seed_played":"-1935480015787354120","potions_obtained":[{"floor":2.0,"key":"Block Potion"},{"floor":12.0,"key":"SmokeBomb"},{"floor":14.0,"key":"SteroidPotion"},{"floor":21.0,"key":"Dexterity Potion"},{"floor":25.0,"key":"Weak Potion"},{"floor":38,"key":"SpeedPotion"}],"is_trial":false,"path_per_floor":["M","M","M","$","M","R","$","R","T","R","?","M","?","M","R","B",null,"M","M","M","M","$","R","E","M","T","?","R","M","?","M","R","B",null,"M","M","?","?","$","R","E","?","T","?","R","M","$","M","R","B",null],"character_chosen":"THE_SILENT","items_purchased":["Footwork","TheAbacus","Fire Potion","Energy Potion","Expertise"],"campfire_rested":5,"item_purchase_floors":[4,39,39,39,47],"current_hp_per_floor":[70,70,66,66,66,66,66,66,66,66,71,67,67,58,58,28,75,58,58,40,30,30,30,30,18,18,18,40,19,19,19,41,38,75,60,34,34,34,34,55,39,39,39,39,60,22,22,22,43,29],"gold":76,"neow_bonus":"THREE_CARDS","is_prod":false,"is_daily":false,"chose_seed":false,"campfire_upgraded":5,"win_rate":0,"timestamp":1549171733,"path_taken":["M","M","?","$","M","R","?","R","T","R","?","M","?","M","R","BOSS","M","?","M","M","$","R","E","M","T","?","R","M","?","M","R","BOSS","M","M","?","?","?","R","E","?","T","?","R","?","$","M","R","BOSS"],"build_version":"2019-01-23","purchased_purges":3,"victory":true,"max_hp_per_floor":[70,70,70,70,70,70,70,70,70,70,75,75,75,75,75,75,75,75,75,75,75,75,75,75,75,75,75,75,75,75,75,75,75,75,75,75,71,71,71,71,71,71,71,71,71,71,71,71,71,71],"card_choices":[{"not_picked":["Underhanded Strike","Blade Dance"],"picked":"Well Laid Plans","floor":0.0},{"not_picked":["Dagger Throw","Reflex"],"picked":"Poisoned Stab","floor":1.0},{"not_picked":["Quick Slash","Cloak And Dagger"],"picked":"Well Laid Plans","floor":2.0},{"not_picked":["Outmaneuver","Prepared"],"picked":"Deflect","floor":3.0},{"not_picked":["Deadly Poison","Slice"],"picked":"Accuracy","floor":5.0},{"not_picked":["Finisher","Dagger Spray"],"picked":"Caltrops","floor":12.0},{"not_picked":["Flying Knee","Caltrops"],"picked":"Acrobatics","floor":14.0},{"not_picked":["Unload","Burst"],"picked":"After Image","floor":16.0},{"not_picked":["Riddle With Holes","PiercingWail"],"picked":"Noxious Fumes","floor":18.0},{"not_picked":["Sucker Punch","Prepared","Slice"],"picked":"SKIP","floor":19.0},{"not_picked":["Reflex","Sucker Punch"],"picked":"Dagger Spray+1","floor":20.0},{"not_picked":["Dodge and Roll+1","Blur+1"],"picked":"Acrobatics","floor":21.0},{"not_picked":["Backflip","Deflect"],"picked":"Noxious Fumes","floor":25.0},{"not_picked":["Bane","Choke"],"picked":"Adrenaline","floor":29.0},{"not_picked":["PiercingWail","Bane"],"picked":"Noxious Fumes","floor":31.0},{"not_picked":["Phantasmal Killer","Wraith Form v2"],"picked":"Envenom","floor":33},{"not_picked":["Riddle With Holes+1","Sucker Punch+1","Underhanded Strike+1"],"picked":"SKIP","floor":35},{"not_picked":["Deadly Poison+1","Prepared+1"],"picked":"Backflip+1","floor":36},{"not_picked":["Dagger Spray+1","Flying Knee+1"],"picked":"After Image","floor":41},{"not_picked":["Good Instincts","Dark Shackles"],"picked":"Finesse","floor":42},{"not_picked":["Sucker Punch","Blade Dance+1"],"picked":"Backflip","floor":46},{"not_picked":["Choke","Distraction+1","Flying Knee"],"picked":"SKIP","floor":48}],"player_experience":104552,"relics_obtained":[{"floor":9.0,"key":"Orichalcum"},{"floor":26.0,"key":"Mummified Hand"},{"floor":38,"key":"Calipers"},{"floor":41,"key":"Bottled Tornado"},{"floor":43,"key":"Anchor"}],"event_choices":[{"damage_healed":0.0,"max_hp_gain":5.0,"max_hp_loss":0.0,"gold_gain":0.0,"event_name":"Big Fish","player_choice":"Donut","floor":11.0,"gold_loss":0.0,"damage_taken":0.0},{"cards_removed":["Strike_G"],"damage_healed":0.0,"max_hp_gain":0.0,"max_hp_loss":0.0,"gold_gain":0.0,"event_name":"Purifier","player_choice":"Purged","floor":13.0,"gold_loss":0.0,"damage_taken":0.0},{"damage_healed":0.0,"max_hp_gain":0.0,"max_hp_loss":0.0,"gold_gain":99.0,"event_name":"Nest","player_choice":"Stole From Cult","floor":27.0,"gold_loss":0.0,"damage_taken":0.0},{"damage_healed":0.0,"max_hp_gain":0.0,"max_hp_loss":0.0,"gold_gain":0.0,"event_name":"Ghosts","player_choice":"Ignored","floor":30.0,"gold_loss":0.0,"damage_taken":0.0},{"damage_healed":0,"gold_gain":0,"player_choice":"Max HP","damage_taken":0,"max_hp_gain":0,"max_hp_loss":4,"event_name":"Winding Halls","floor":37,"gold_loss":0},{"damage_healed":0,"gold_gain":0,"player_choice":"Fight","damage_taken":0,"max_hp_gain":0,"max_hp_loss":0,"event_name":"MindBloom","floor":38,"gold_loss":0},{"damage_healed":0,"gold_gain":0,"player_choice":"Memory 1","damage_taken":0,"max_hp_gain":0,"max_hp_loss":0,"event_name":"SensoryStone","floor":42,"gold_loss":0},{"damage_healed":0,"gold_gain":0,"player_choice":"Ignored","damage_taken":0,"max_hp_gain":0,"max_hp_loss":0,"event_name":"Mysterious Sphere","floor":44,"gold_loss":0}],"is_beta":false,"boss_relics":[{"not_picked":["White Beast Statue","Coffee Dripper"],"picked":"HoveringKite"},{"not_picked":["Runic Dome","Calling Bell"],"picked":"Fusion Hammer"}],"items_purged_floors":[4,22,39],"is_endless":false,"potions_floor_spawned":[2,12,14,21,24,25,38,41,48],"ascension_level":1}