{"gold_per_floor":[209,227,227,227,246,246,274,284,309,309,336,336,348,363,363,363],"floor_reached":16,"playtime":583,"items_purged":[],"score":179,"play_id":"0d35503e-0bac-4cd5-b267-0b5ed65b151c","local_time":"20180924092107","is_ascension_mode":true,"campfire_choices":[{"data":"Rampage","floor":6.0,"key":"SMITH"},{"data":"Iron Wave","floor":10.0,"key":"SMITH"},{"data":"Barricade","floor":12.0,"key":"SMITH"},{"data":"True Grit","floor":15,"key":"SMITH"}],"neow_cost":"NONE","seed_source_timestamp":0,"circlet_count":0,"master_deck":["Strike_R","Strike_R","Strike_R","Strike_R+1","Strike_R","Defend_R","Defend_R","Defend_R","Defend_R","Bash+1","AscendersBane","Rampage+1","Armaments+1","Cleave","Iron Wave+1","True Grit+1","Barricade+1"],"special_seed":0,"relics":["Burning Blood","Whetstone","Happy Flower","Bag of Marbles"],"potions_floor_usage":[16],"damage_taken":[{"damage":10.0,"enemies":"Small Slimes","floor":1.0,"turns":3.0},{"damage":6.0,"enemies":"2 Louse","floor":2.0,"turns":3.0},{"damage":0.0,"enemies":"Jaw Worm","floor":5.0,"turns":4.0},{"damage":35.0,"enemies":"3 Sentries","floor":7.0,"turns":8.0},{"damage":9.0,"enemies":"Blue Slaver","floor":8.0,"turns":4.0},{"damage":20.0,"enemies":"Gremlin Nob","floor":11.0,"turns":4.0},{"damage":4.0,"enemies":"2 Fungi Beasts","floor":13.0,"turns":3.0},{"damage":0,"enemies":"Looter","floor":14,"turns":3},{"damage":52,"enemies":"Hexaghost","floor":16,"turns":11}],"seed_played":"-8241384423135569914","potions_obtained":[{"floor":5.0,"key":"GamblersBrew"},{"floor":7.0,"key":"SpeedPotion"},{"floor":14,"key":"Regen Potion"}],"is_trial":false,"path_per_floor":["M","M","?","?","M","R","E","M","T","R","E","R","M","M","R"],"character_chosen":"IRONCLAD","items_purchased":[],"campfire_rested":0,"item_purchase_floors":[],"current_hp_per_floor":[68,68,68,68,74,74,45,42,42,42,28,28,30,36,36,0],"gold":363,"neow_bonus":"HUNDRED_GOLD","is_prod":false,"is_daily":false,"chose_seed":false,"campfire_upgraded":4,"win_rate":0,"timestamp":1537806067,"path_taken":["M","M","?","?","M","R","E","M","T","R","E","R","M","M","R","BOSS"],"build_version":"2018-09-20","purchased_purges":0,"victory":false,"max_hp_per_floor":[80,80,80,80,80,80,80,80,80,80,80,80,80,80,80,80],"card_choices":[{"not_picked":["Havoc","Cleave"],"picked":"Rampage","floor":1.0},{"not_picked":["Anger","Thunderclap"],"picked":"Armaments","floor":2.0},{"not_picked":["Thunderclap","Armaments"],"picked":"Cleave","floor":5.0},{"not_picked":["Wild Strike","Headbutt"],"picked":"Iron Wave","floor":7.0},{"not_picked":["Bloodletting","Sword Boomerang"],"picked":"True Grit","floor":8.0},{"not_picked":["Sword Boomerang","Headbutt"],"picked":"Barricade","floor":11.0},{"not_picked":["Searing Blow","Rage","Wild Strike"],"picked":"SKIP","floor":13.0},{"not_picked":["Wild Strike","Sever Soul","Rage"],"picked":"SKIP","floor":14}],"player_experience":1072685,"relics_obtained":[{"floor":7.0,"key":"Whetstone"},{"floor":9.0,"key":"Happy Flower"},{"floor":11.0,"key":"Bag of Marbles"}],"event_choices":[{"event_name":"Liars Game","player_choice":"disagreed","floor":3.0,"damage_taken":0.0},{"event_name":"Living Wall","player_choice":"Grow","floor":4.0,"damage_taken":0.0}],"is_beta":false,"boss_relics":[],"items_purged_floors":[],"is_endless":false,"potions_floor_spawned":[5,7,14],"killed_by":"Hexaghost","ascension_level":12}