{"gold_per_floor":[117,117,192,211,211,236,254,254,254,285,285,315,183,195,195,296,296,310,310,320,320,333,333,365,365,365,365,384,411,326,340,340,340],"floor_reached":33,"playtime":1868,"items_purged":[],"score":492,"play_id":"1e7cd7f4-a4e7-4689-9f5d-7b730eec0014","local_time":"20190116032531","is_ascension_mode":true,"campfire_choices":[{"data":"Rip and Tear","floor":8,"key":"SMITH"},{"floor":15,"key":"REST"},{"data":"Creative AI","floor":23,"key":"SMITH"},{"floor":25,"key":"REST"},{"data":"Doom and Gloom","floor":27,"key":"SMITH"},{"floor":32,"key":"REST"}],"neow_cost":"NONE","seed_source_timestamp":102920604543046,"circlet_count":0,"master_deck":["AscendersBane","Strike_B","Strike_B","Strike_B","Defend_B","Defend_B","Defend_B+1","Defend_B","Zap","Dualcast","Conserve Battery+1","Doom and Gloom+1","Rip and Tear+1","Glacier","Chill","Go for the Eyes","Creative AI+1","Doom and Gloom+1","Hologram+1","Steam+1","Static Discharge","Defragment","Seek"],"relics":["Cracked Core","NeowsBlessing","Mercury Hourglass","Sundial","Strawberry","MawBank","DataDisk","Philosopher\u0027s Stone","Symbiotic Virus","Letter Opener","Omamori","War Paint"],"potions_floor_usage":[10,16,24,29,31],"damage_taken":[{"damage":0,"enemies":"Cultist","floor":1,"turns":1},{"damage":0,"enemies":"Jaw Worm","floor":4,"turns":1},{"damage":0,"enemies":"Lagavulin","floor":6,"turns":1},{"damage":8,"enemies":"2 Louse","floor":7,"turns":2},{"damage":32,"enemies":"Gremlin Nob","floor":10,"turns":4},{"damage":26,"enemies":"Lagavulin","floor":12,"turns":7},{"damage":0,"enemies":"2 Fungi Beasts","floor":14,"turns":2},{"damage":16,"enemies":"The Guardian","floor":16,"turns":11},{"damage":6,"enemies":"Shell Parasite","floor":18,"turns":6},{"damage":12,"enemies":"3 Byrds","floor":20,"turns":3},{"damage":9,"enemies":"Cultist and Chosen","floor":22,"turns":5},{"damage":28,"enemies":"Slavers","floor":24,"turns":4},{"damage":35,"enemies":"Snake Plant","floor":28,"turns":3},{"damage":17,"enemies":"Book of Stabbing","floor":29,"turns":5},{"damage":6,"enemies":"Centurion and Healer","floor":31,"turns":6},{"damage":60,"enemies":"Collector","floor":33,"turns":9}],"seed_played":"-6945407761058675487","potions_obtained":[{"floor":4,"key":"Regen Potion"},{"floor":6,"key":"FairyPotion"},{"floor":12,"key":"Ancient Potion"},{"floor":14,"key":"Dexterity Potion"},{"floor":16,"key":"Energy Potion"},{"floor":20,"key":"SkillPotion"},{"floor":24,"key":"Dexterity Potion"}],"is_trial":false,"path_per_floor":["M","$","?","M","?","E","M","R","T","E","T","E","$","M","R","B",null,"M","?","M","?","M","R","E","R","T","R","M","E","?","M","R","B"],"character_chosen":"DEFECT","items_purchased":["DataDisk"],"campfire_rested":3,"item_purchase_floors":[13],"current_hp_per_floor":[68,68,57,57,57,57,49,49,49,36,36,10,10,10,34,18,66,60,60,48,75,66,66,38,62,62,62,27,10,10,4,28,0],"gold":340,"neow_bonus":"THREE_ENEMY_KILL","is_prod":false,"is_daily":false,"chose_seed":false,"campfire_upgraded":3,"win_rate":0,"timestamp":1547627131,"path_taken":["M","$","?","M","?","E","M","R","T","E","?","E","$","M","R","BOSS","M","?","?","?","M","R","E","R","T","R","M","E","?","M","R","BOSS"],"build_version":"2019-01-10","purchased_purges":0,"victory":false,"max_hp_per_floor":[75,75,75,75,75,75,75,75,75,82,82,82,82,82,82,82,82,82,82,82,82,82,82,82,82,82,82,82,82,82,82,82,82],"card_choices":[{"not_picked":["Turbo","BootSequence"],"picked":"Conserve Battery","floor":1},{"not_picked":["Sweeping Beam","Barrage"],"picked":"Doom and Gloom","floor":4},{"not_picked":["Capacitor","Rebound"],"picked":"Rip and Tear","floor":6},{"not_picked":["Gash","Streamline"],"picked":"Glacier","floor":7},{"not_picked":["Reinforced Body","All For One","Conserve Battery"],"picked":"SKIP","floor":10},{"not_picked":["Hello World","Rebound"],"picked":"Chill","floor":12},{"not_picked":["Glacier","Leap"],"picked":"Go for the Eyes","floor":14},{"not_picked":["Rainbow","Fission"],"picked":"Creative AI","floor":16},{"not_picked":["Leap+1","Gash"],"picked":"Doom and Gloom+1","floor":18},{"not_picked":["Redo","Reinforced Body","Coolheaded"],"picked":"SKIP","floor":20},{"not_picked":["Steam Power+1","Gash"],"picked":"Hologram+1","floor":22},{"not_picked":["Cold Snap+1","Coolheaded"],"picked":"Steam+1","floor":24},{"not_picked":["Skim","Stack"],"picked":"Static Discharge","floor":28},{"not_picked":["Chaos","Hello World"],"picked":"Defragment","floor":29},{"not_picked":["Leap","Skim"],"picked":"Seek","floor":31}],"player_experience":499464,"relics_obtained":[{"floor":6,"key":"Mercury Hourglass"},{"floor":9,"key":"Sundial"},{"floor":10,"key":"Strawberry"},{"floor":12,"key":"MawBank"},{"floor":24,"key":"Symbiotic Virus"},{"floor":26,"key":"Letter Opener"},{"floor":29,"key":"Omamori"}],"event_choices":[{"damage_healed":0,"gold_gain":75,"player_choice":"Gather Gold","damage_taken":11,"max_hp_gain":0,"max_hp_loss":0,"event_name":"World of Goop","floor":3,"gold_loss":0},{"damage_healed":0,"gold_gain":0,"player_choice":"Ignored","damage_taken":0,"max_hp_gain":0,"max_hp_loss":0,"event_name":"Golden Idol","floor":5,"gold_loss":0},{"cards_removed":["Strike_B"],"damage_healed":0,"gold_gain":0,"player_choice":"Purged","damage_taken":0,"max_hp_gain":0,"max_hp_loss":0,"event_name":"Purifier","floor":19,"gold_loss":0},{"damage_healed":27,"gold_gain":0,"player_choice":"Heal","damage_taken":0,"max_hp_gain":0,"max_hp_loss":0,"event_name":"The Library","floor":21,"gold_loss":0},{"damage_healed":0,"gold_gain":0,"player_choice":"Obtained Relic","damage_taken":0,"relics_obtained":["War Paint"],"max_hp_gain":0,"max_hp_loss":0,"event_name":"Addict","floor":30,"gold_loss":85}],"is_beta":false,"boss_relics":[{"not_picked":["Orrery","Black Star"],"picked":"Philosopher\u0027s Stone"}],"items_purged_floors":[],"is_endless":false,"potions_floor_spawned":[4,6,12,14,16,18,20,24],"killed_by":"Collector","ascension_level":10}