{"path_per_floor":["M","M","?","$","M","R","E","M","T","$","M","E","M","$","R","B",null,"M","$","?","M","?","R","?","R","T","R","M","$","M","?","R"],"character_chosen":"DEFECT","items_purchased":["Chill","Bag of Marbles","Scrape","Whetstone"],"gold_per_floor":[114,133,133,66,76,76,108,128,173,25,43,68,82,43,43,139,139,150,7,7,25,25,25,25,25,51,51,65,65,81,111,111,111],"floor_reached":33,"campfire_rested":3,"playtime":1150,"item_purchase_floors":[4,10,14,19],"current_hp_per_floor":[74,74,67,67,67,67,25,25,25,25,25,25,25,25,62,24,75,75,75,59,41,27,27,27,66,66,66,54,54,48,29,68,0],"items_purged":[],"gold":111,"score":280,"play_id":"d6140a91-9b0e-40aa-a50a-5fec4d59805c","local_time":"20180610231057","is_prod":false,"is_daily":false,"chose_seed":false,"is_ascension_mode":false,"campfire_upgraded":3,"win_rate":0.0,"timestamp":1528636257,"campfire_choices":[{"data":"Go for the Eyes","floor":6,"key":"SMITH"},{"floor":15,"key":"REST"},{"data":"Machine Learning","floor":23,"key":"SMITH"},{"floor":25,"key":"REST"},{"data":"Conserve Battery","floor":27,"key":"SMITH"},{"floor":32,"key":"REST"}],"path_taken":["M","M","?","$","M","R","E","M","T","$","M","E","M","$","R","BOSS","M","$","?","?","?","R","?","R","T","R","M","?","M","?","R","BOSS"],"build_version":"2018-06-07v3","seed_source_timestamp":52317124684494,"purchased_purges":0,"victory":false,"master_deck":["Strike_B+1","Strike_B","Strike_B","Defend_B","Defend_B","Defend_B+1","Defend_B","Zap","Dualcast","Conserve Battery+1","Chill+1","Go for the Eyes+1","Machine Learning+1","Scrape+1","Electrodynamics","Necronomicurse","Capacitor"],"max_hp_per_floor":[75,75,75,75,75,75,75,75,75,75,75,75,75,75,75,75,75,75,75,75,75,80,80,80,80,80,80,80,80,80,80,80,80],"relics":["Cracked Core","Ornamental Fan","War Paint","Bag of Marbles","Regal Pillow","Orrery","Whetstone","Necronomicon","Juzu Bracelet","Red Mask"],"card_choices":[{"not_picked":["Steam","Turbo"],"picked":"Conserve Battery","floor":1},{"not_picked":["Cold Snap","Static Discharge","Heatsinks"],"picked":"SKIP","floor":2},{"not_picked":["Darkness","Streamline"],"picked":"Go for the Eyes","floor":5},{"not_picked":["Hologram","Turbo"],"picked":"Machine Learning","floor":7},{"not_picked":["Leap","Blizzard","Coolheaded"],"picked":"SKIP","floor":8},{"not_picked":["Redo","Reinforced Body","Rebound"],"picked":"SKIP","floor":11},{"not_picked":["Rebound","Glacier","Chill"],"picked":"SKIP","floor":12},{"not_picked":["Ball Lightning","Hologram","Streamline"],"picked":"SKIP","floor":13},{"not_picked":["Multi-Cast","Machine Learning"],"picked":"Electrodynamics","floor":16},{"not_picked":["Steam Power+1","Hologram","Ball Lightning"],"picked":"SKIP","floor":18},{"not_picked":["Chill+1","Tempest","Consume"],"picked":"SKIP","floor":21},{"not_picked":["Glacier","Redo","Sweeping Beam"],"picked":"SKIP","floor":28},{"not_picked":["Hologram","Hello World"],"picked":"Capacitor","floor":30}],"player_experience":349340,"potions_floor_usage":[12,12,31],"damage_taken":[{"damage":1,"enemies":"Jaw Worm","floor":1,"turns":4},{"damage":0,"enemies":"Cultist","floor":2,"turns":3},{"damage":0,"enemies":"Small Slimes","floor":5,"turns":3},{"damage":42,"enemies":"Gremlin Nob","floor":7,"turns":5},{"damage":0,"enemies":"Looter","floor":8,"turns":4},{"damage":0,"enemies":"Exordium Wildlife","floor":11,"turns":5},{"damage":0,"enemies":"3 Sentries","floor":12,"turns":10},{"damage":0,"enemies":"Large Slime","floor":13,"turns":4},{"damage":38,"enemies":"The Guardian","floor":16,"turns":12},{"damage":0,"enemies":"3 Byrds","floor":18,"turns":4},{"damage":18,"enemies":"Shell Parasite","floor":21,"turns":8},{"damage":12,"enemies":"Cultist and Chosen","floor":28,"turns":5},{"damage":6,"enemies":"Centurion and Healer","floor":30,"turns":7},{"damage":19,"floor":31,"turns":4},{"damage":69,"enemies":"Automaton","floor":33,"turns":6}],"relics_obtained":[{"floor":7,"key":"Ornamental Fan"},{"floor":9,"key":"War Paint"},{"floor":12,"key":"Regal Pillow"},{"floor":20,"key":"Necronomicon"},{"floor":26,"key":"Juzu Bracelet"},{"floor":31,"key":"Red Mask"}],"event_choices":[{"event_name":"Golden Wing","player_choice":"Card Removal","floor":3,"damage_taken":0},{"event_name":"Cursed Tome","player_choice":"Obtained Book","floor":20,"damage_taken":0},{"event_name":"Forgotten Altar","player_choice":"Shed Blood","floor":22,"damage_taken":0},{"event_name":"Addict","player_choice":"Ignored","floor":24,"damage_taken":0},{"event_name":"Masked Bandits","player_choice":"Fought over 81 gold","floor":31,"damage_taken":0}],"boss_relics":[{"not_picked":["Runic Pyramid","Velvet Choker"],"picked":"Orrery"}],"items_purged_floors":[],"potions_floor_spawned":[5,7,11,12,16,28,30],"seed_played":"-4101724362975080346","killed_by":"Automaton","ascension_level":0,"potions_obtained":[{"floor":5,"key":"Dexterity Potion"},{"floor":7,"key":"Swift Potion"},{"floor":11,"key":"FocusPotion"},{"floor":12,"key":"Swift Potion"},{"floor":16,"key":"Energy Potion"}],"is_trial":false}