{"gold_per_floor":[113,113,113,113,126,126,141,181,263,263],"floor_reached":10,"playtime":368,"items_purged":[],"score":86,"play_id":"82a29a9e-ff74-4e3f-a0a0-d01df6bd4839","local_time":"20190107102710","is_ascension_mode":true,"campfire_choices":[{"floor":6,"key":"REST"}],"neow_cost":"PERCENT_DAMAGE","seed_source_timestamp":4535160383131,"circlet_count":0,"master_deck":["Strike_R+1","Strike_R","Strike_R","Strike_R","Strike_R","Defend_R","Defend_R","Defend_R+1","Defend_R","Bash","Swift Strike","Finesse","Battle Trance","Dramatic Entrance","Metallicize","Iron Wave","Limit Break"],"relics":["Burning Blood","Golden Idol","Regal Pillow","Matryoshka"],"potions_floor_usage":[8,8,10],"damage_taken":[{"damage":0,"enemies":"2 Louse","floor":1,"turns":2},{"damage":1,"enemies":"Jaw Worm","floor":5,"turns":3},{"damage":1,"enemies":"Cultist","floor":7,"turns":3},{"damage":29,"enemies":"3 Sentries","floor":8,"turns":7},{"damage":32,"enemies":"Lagavulin","floor":10,"turns":8}],"seed_played":"-451766315414527676","potions_obtained":[{"floor":1,"key":"GamblersBrew"},{"floor":5,"key":"GamblersBrew"},{"floor":7,"key":"Energy Potion"}],"is_trial":false,"path_per_floor":["M","?","?","?","M","R","M","E","T","E"],"character_chosen":"IRONCLAD","items_purchased":[],"campfire_rested":1,"item_purchase_floors":[],"current_hp_per_floor":[57,37,21,21,26,50,55,32,32,0],"gold":263,"neow_bonus":"RANDOM_COLORLESS_2","is_prod":false,"is_daily":false,"chose_seed":false,"campfire_upgraded":0,"win_rate":0,"timestamp":1546853230,"path_taken":["M","?","?","?","?","R","M","E","T","E"],"build_version":"2019-01-03v4","purchased_purges":0,"victory":false,"max_hp_per_floor":[80,80,80,80,80,80,80,80,80,80],"card_choices":[{"not_picked":["Headbutt","Disarm"],"picked":"Battle Trance","floor":1},{"not_picked":["Wild Strike","Burning Pact"],"picked":"Iron Wave","floor":5},{"not_picked":["Anger","Evolve","Sword Boomerang"],"picked":"SKIP","floor":7},{"not_picked":["Fire Breathing","Warcry"],"picked":"Limit Break","floor":8}],"player_experience":166110,"relics_obtained":[{"floor":8,"key":"Regal Pillow"},{"floor":9,"key":"Matryoshka"}],"event_choices":[{"damage_healed":0,"gold_gain":0,"player_choice":"Take Damage","damage_taken":20,"relics_obtained":["Golden Idol"],"max_hp_gain":0,"max_hp_loss":0,"event_name":"Golden Idol","floor":2,"gold_loss":0},{"damage_healed":0,"gold_gain":0,"player_choice":"Entered Light","damage_taken":16,"max_hp_gain":0,"max_hp_loss":0,"event_name":"Shining Light","floor":3,"gold_loss":0,"cards_upgraded":["Strike_R","Defend_R"]},{"damage_healed":0,"gold_gain":0,"player_choice":"2 cards matched","damage_taken":0,"max_hp_gain":0,"max_hp_loss":0,"event_name":"Match and Keep!","floor":4,"gold_loss":0,"cards_obtained":["Dramatic Entrance","Metallicize"]}],"is_beta":true,"boss_relics":[],"items_purged_floors":[],"is_endless":false,"potions_floor_spawned":[1,5,7],"killed_by":"Lagavulin","ascension_level":6}