{"gold_per_floor":[210,60,75,131,131,157,157,187,234,234,265,440,440,460,460,538,538,549,563,168,168,168,168,199,199,226,226],"floor_reached":27,"playtime":927,"items_purged":["Strike_B","Normality"],"score":404,"play_id":"eb3355fb-df94-452c-95f8-14b5883f3ed5","local_time":"20181218172205","is_ascension_mode":true,"campfire_choices":[{"floor":7,"key":"REST"},{"floor":15,"key":"REST"},{"data":"Defragment","floor":23,"key":"SMITH"},{"floor":25,"key":"REST"}],"neow_cost":"NONE","seed_source_timestamp":324365918034313,"circlet_count":0,"master_deck":["AscendersBane","Strike_B","Strike_B","Strike_B","Defend_B","Defend_B","Defend_B","Defend_B","Zap+1","Dualcast","Sunder+1","Coolheaded","Go for the Eyes","Leap","Conserve Battery","Doubt","Defragment+1","Machine Learning","Shame","Parasite","Steam","Heatsinks","Finesse","Sweeping Beam+1"],"relics":["Cracked Core","Juzu Bracelet","Boot","Bronze Scales","Pantograph","Mercury Hourglass","Calling Bell","Potion Belt","Molten Egg 2","Bird Faced Urn","TheAbacus","Pen Nib"],"potions_floor_usage":[8,22,24,24,27],"damage_taken":[{"damage":3,"enemies":"2 Louse","floor":1,"turns":3},{"damage":0,"enemies":"Cultist","floor":3,"turns":3},{"damage":29,"enemies":"3 Sentries","floor":6,"turns":10},{"damage":33,"enemies":"Gremlin Nob","floor":8,"turns":4},{"damage":7,"enemies":"3 Sentries","floor":11,"turns":5},{"damage":0,"enemies":"Jaw Worm","floor":14,"turns":2},{"damage":22,"enemies":"The Guardian","floor":16,"turns":11},{"damage":22,"enemies":"Spheric Guardian","floor":18,"turns":4},{"damage":3,"enemies":"3 Byrds","floor":19,"turns":2},{"damage":3,"enemies":"Colosseum Slavers","floor":22,"turns":4},{"damage":49,"enemies":"Gremlin Leader","floor":24,"turns":10},{"damage":30,"enemies":"Slavers","floor":27,"turns":3}],"seed_played":"4485963178276291291","potions_obtained":[{"floor":6,"key":"Fire Potion"},{"floor":14,"key":"Ancient Potion"},{"floor":16,"key":"SteroidPotion"},{"floor":18,"key":"GamblersBrew"},{"floor":21,"key":"Fire Potion"},{"floor":21,"key":"LiquidBronze"}],"is_trial":false,"path_per_floor":["M","$","M","?","?","E","R","E","T","?","E","?","?","M","R","B",null,"M","M","$","?","?","R","E","R","T","E"],"character_chosen":"DEFECT","items_purchased":["Coolheaded","Go for the Eyes","Finesse","TheAbacus"],"campfire_rested":3,"item_purchase_floors":[2,2,20,20],"current_hp_per_floor":[65,65,65,65,65,36,58,25,25,25,18,18,6,6,28,31,64,44,41,41,41,44,44,1,23,23,0],"gold":226,"neow_bonus":"HUNDRED_GOLD","is_prod":false,"is_daily":false,"chose_seed":false,"campfire_upgraded":1,"win_rate":0,"timestamp":1545178925,"path_taken":["M","$","M","?","?","E","R","E","T","?","E","?","?","M","R","BOSS","M","M","$","?","?","R","E","R","T","E"],"build_version":"2018-12-13","purchased_purges":2,"victory":false,"max_hp_per_floor":[75,75,75,75,75,75,75,75,75,75,75,75,75,75,75,75,75,75,75,75,75,75,75,75,75,75,75],"card_choices":[{"not_picked":["Gash","Beam Cell"],"picked":"Sunder","floor":1},{"not_picked":["Barrage","Hologram"],"picked":"Leap","floor":3},{"not_picked":["Fusion","Amplify","Redo"],"picked":"SKIP","floor":6},{"not_picked":["Compile Driver","Melter"],"picked":"Conserve Battery","floor":8},{"not_picked":["Rebound","Reprogram","Go for the Eyes"],"picked":"SKIP","floor":11},{"not_picked":["Redo","Turbo"],"picked":"Defragment","floor":14},{"not_picked":["Meteor Strike","Hyperbeam"],"picked":"Machine Learning","floor":16},{"not_picked":["Force Field","Storm"],"picked":"Steam","floor":18},{"not_picked":["Compile Driver+1","Aggregate"],"picked":"Heatsinks","floor":19},{"not_picked":["Meteor Strike+1","Steam Power+1"],"picked":"Sweeping Beam+1","floor":24}],"player_experience":709394,"relics_obtained":[{"floor":6,"key":"Juzu Bracelet"},{"floor":8,"key":"Boot"},{"floor":9,"key":"Bronze Scales"},{"floor":11,"key":"Pantograph"},{"floor":17,"key":"Potion Belt"},{"floor":17,"key":"Molten Egg 2"},{"floor":17,"key":"Bird Faced Urn"},{"floor":24,"key":"Pen Nib"}],"event_choices":[{"damage_healed":0,"gold_gain":56,"player_choice":"Gained Gold","damage_taken":0,"max_hp_gain":0,"max_hp_loss":0,"event_name":"Golden Wing","floor":4,"gold_loss":0},{"damage_healed":0,"gold_gain":0,"player_choice":"Upgraded","damage_taken":0,"max_hp_gain":0,"max_hp_loss":0,"event_name":"Upgrade Shrine","floor":5,"gold_loss":0,"cards_upgraded":["Zap"]},{"damage_healed":0,"gold_gain":0,"player_choice":"Grow","damage_taken":0,"max_hp_gain":0,"max_hp_loss":0,"event_name":"Living Wall","floor":10,"gold_loss":0,"cards_upgraded":["Sunder"]},{"damage_healed":0,"gold_gain":175,"player_choice":"AGREE","damage_taken":0,"max_hp_gain":0,"max_hp_loss":0,"event_name":"Liars Game","floor":12,"gold_loss":0,"cards_obtained":["Doubt"]},{"damage_healed":0,"gold_gain":0,"player_choice":"Success","damage_taken":12,"relics_obtained":["Mercury Hourglass"],"max_hp_gain":0,"max_hp_loss":0,"event_name":"Scrap Ooze","floor":13,"gold_loss":0},{"damage_healed":0,"gold_gain":0,"player_choice":"Got Potions","damage_taken":0,"max_hp_gain":0,"max_hp_loss":0,"event_name":"Lab","floor":21,"gold_loss":0},{"damage_healed":0,"gold_gain":0,"player_choice":"Fight","damage_taken":0,"max_hp_gain":0,"max_hp_loss":0,"event_name":"Colosseum","floor":22,"gold_loss":0},{"damage_healed":0,"gold_gain":0,"player_choice":"Fled From Nobs","damage_taken":0,"max_hp_gain":0,"max_hp_loss":0,"event_name":"Colosseum","floor":22,"gold_loss":0}],"is_beta":false,"boss_relics":[{"not_picked":["Empty Cage","Fusion Hammer"],"picked":"Calling Bell"}],"items_purged_floors":[2,20],"is_endless":false,"potions_floor_spawned":[6,14,16,18,22],"killed_by":"Slavers","ascension_level":13}