{"gold_per_floor":[112,187,187,197,197,222,253,282,321,348,380,410,422,446,458,573,585,616,628,299,324,335,335,335,360,384,397,0,0,0,11,11,107,107,127,202,7,23,23,53,53,53,53,78,78,94,94,105,105,105],"floor_reached":50,"playtime":2629,"items_purged":["Strike_G"],"score":965,"play_id":"9e39389c-a2a2-4ea2-a9b2-97e02f1a14fd","local_time":"20190127205706","is_ascension_mode":true,"campfire_choices":[{"floor":15,"key":"REST"},{"data":"Catalyst","floor":23,"key":"SMITH"},{"floor":32,"key":"REST"},{"floor":45,"key":"REST"},{"floor":49,"key":"RECALL"}],"neow_cost":"NONE","seed_source_timestamp":1218360039069933,"circlet_count":0,"master_deck":["AscendersBane","Defend_G","Defend_G+1","Defend_G","Defend_G","Defend_G","Strike_G","Strike_G+1","Strike_G","Strike_G","Survivor","Dash","Bouncing Flask+1","Deflect","Poisoned Stab","Deadly Poison","Cloak And Dagger","Flying Knee","Bouncing Flask+1","Catalyst+1","Corpse Explosion","Blur","Ghostly","Ghostly","Ghostly","Ghostly","Ghostly","Acrobatics+1","Dagger Spray","Doubt","Deflect+1"],"relics":["Ring of the Snake","NeowsBlessing","MawBank","Centennial Puzzle","Busted Crown","ClockworkSouvenir","Dream Catcher","Strawberry","Art of War","Blood Vial","Toxic Egg 2","Lizard Tail","Lee\u0027s Waffle","Tingsha","Pantograph"],"potions_floor_usage":[12,14,25,40,44,48,50],"damage_taken":[{"damage":0,"enemies":"2 Louse","floor":1,"turns":1},{"damage":0,"enemies":"Jaw Worm","floor":4,"turns":1},{"damage":0,"enemies":"Lagavulin","floor":6,"turns":1},{"damage":0,"enemies":"Small Slimes","floor":7,"turns":3},{"damage":1,"enemies":"Blue Slaver","floor":8,"turns":3},{"damage":15,"enemies":"Exordium Thugs","floor":10,"turns":5},{"damage":15,"enemies":"2 Fungi Beasts","floor":11,"turns":3},{"damage":0,"enemies":"Blue Slaver","floor":12,"turns":4},{"damage":1,"enemies":"Exordium Wildlife","floor":14,"turns":4},{"damage":26,"enemies":"The Guardian","floor":16,"turns":8},{"damage":8,"enemies":"Spheric Guardian","floor":18,"turns":4},{"damage":12,"enemies":"3 Byrds","floor":22,"turns":6},{"damage":19,"enemies":"Slavers","floor":25,"turns":5},{"damage":0,"enemies":"3 Cultists","floor":27,"turns":4},{"damage":1,"enemies":"Shelled Parasite and Fungi","floor":31,"turns":6},{"damage":16,"enemies":"Champ","floor":33,"turns":9},{"damage":6,"enemies":"3 Darklings","floor":35,"turns":6},{"damage":1,"enemies":"Orb Walker","floor":38,"turns":3},{"damage":76,"enemies":"Giant Head","floor":40,"turns":8},{"damage":2,"enemies":"Reptomancer","floor":44,"turns":6},{"damage":0,"enemies":"4 Shapes","floor":46,"turns":3},{"damage":3,"enemies":"Jaw Worm Horde","floor":48,"turns":4},{"damage":51,"enemies":"Awakened One","floor":50,"turns":9}],"seed_played":"2240257377093289093","potions_obtained":[{"floor":1,"key":"Ancient Potion"},{"floor":8,"key":"Swift Potion"},{"floor":12,"key":"Weak Potion"},{"floor":18,"key":"Block Potion"},{"floor":22,"key":"Dexterity Potion"},{"floor":25,"key":"Ancient Potion"},{"floor":40,"key":"Swift Potion"},{"floor":44,"key":"Energy Potion"},{"floor":48,"key":"Weak Potion"}],"is_trial":false,"path_per_floor":["M","?","?","M","?","E","M","M","T","M","M","M","?","M","R","B",null,"M","?","$","T","M","R","?","E","T","M","$","?","$","M","R","B",null,"M","?","$","M","?","E","?","$","T","E","R","M","?","M","R","B"],"character_chosen":"THE_SILENT","items_purchased":["ClockworkSouvenir","Blur","Blood Vial","Toxic Egg 2","Lee\u0027s Waffle"],"campfire_rested":3,"item_purchase_floors":[20,20,28,28,37],"current_hp_per_floor":[63,52,57,57,42,42,42,41,41,26,11,11,11,10,32,6,58,50,50,50,50,38,38,37,25,25,25,25,25,25,26,39,25,39,35,31,51,50,50,3,3,3,3,3,18,20,51,48,48,0],"gold":105,"neow_bonus":"THREE_ENEMY_KILL","is_prod":false,"is_daily":false,"chose_seed":false,"campfire_upgraded":1,"win_rate":0,"timestamp":1548644226,"path_taken":["M","?","?","M","?","E","M","M","T","M","M","?","?","M","R","BOSS","M","?","$","?","M","R","?","E","T","M","$","?","$","M","R","BOSS","M","?","?","?","?","E","?","$","T","E","R","?","?","M","R","BOSS"],"build_version":"2019-01-23","purchased_purges":1,"victory":false,"max_hp_per_floor":[70,70,75,75,75,75,75,75,75,75,75,75,75,75,75,75,75,75,75,75,75,75,75,37,44,44,44,44,44,44,44,44,44,44,44,44,51,51,51,51,51,51,51,51,51,51,51,51,51,51],"card_choices":[{"not_picked":["Outmaneuver","Distraction"],"picked":"Dash","floor":1},{"not_picked":["Poisoned Stab","Reflex"],"picked":"Bouncing Flask","floor":4},{"not_picked":["Skewer","Finisher"],"picked":"Deflect","floor":6},{"not_picked":["Outmaneuver","Calculated Gamble"],"picked":"Poisoned Stab","floor":7},{"not_picked":["Acrobatics","Cloak And Dagger"],"picked":"Deadly Poison","floor":8},{"not_picked":["Dagger Throw","Underhanded Strike"],"picked":"Cloak And Dagger","floor":10},{"not_picked":["Outmaneuver","Predator"],"picked":"Flying Knee","floor":11},{"not_picked":["Escape Plan","Dagger Spray"],"picked":"Bouncing Flask","floor":12},{"not_picked":["Predator","Prepared"],"picked":"Catalyst","floor":14},{"not_picked":["Burst","Unload"],"picked":"Corpse Explosion","floor":16},{"not_picked":["Heel Hook"],"picked":"SKIP","floor":18},{"not_picked":["Blade Dance"],"picked":"SKIP","floor":22},{"not_picked":["Choke"],"picked":"SKIP","floor":25},{"not_picked":["Blade Dance"],"picked":"SKIP","floor":27},{"not_picked":[],"picked":"Acrobatics+1","floor":31},{"not_picked":["Eviscerate"],"picked":"SKIP","floor":35},{"not_picked":[],"picked":"Dagger Spray","floor":38},{"not_picked":["Quick Slash"],"picked":"SKIP","floor":40},{"not_picked":["Reflex+1"],"picked":"SKIP","floor":44},{"not_picked":["Dagger Throw+1"],"picked":"SKIP","floor":46},{"not_picked":[],"picked":"Deflect+1","floor":48}],"player_experience":488942,"relics_obtained":[{"floor":6,"key":"MawBank"},{"floor":9,"key":"Centennial Puzzle"},{"floor":21,"key":"Dream Catcher"},{"floor":25,"key":"Strawberry"},{"floor":26,"key":"Art of War"},{"floor":40,"key":"Tingsha"},{"floor":44,"key":"Pantograph"}],"event_choices":[{"damage_healed":0,"gold_gain":75,"player_choice":"Gather Gold","damage_taken":11,"max_hp_gain":0,"max_hp_loss":0,"event_name":"World of Goop","floor":2,"gold_loss":0},{"damage_healed":0,"gold_gain":0,"player_choice":"Donut","damage_taken":0,"max_hp_gain":5,"max_hp_loss":0,"event_name":"Big Fish","floor":3,"gold_loss":0},{"damage_healed":0,"gold_gain":0,"player_choice":"Entered Light","damage_taken":15,"max_hp_gain":0,"max_hp_loss":0,"event_name":"Shining Light","floor":5,"gold_loss":0,"cards_upgraded":["Defend_G","Strike_G"]},{"damage_healed":0,"gold_gain":0,"player_choice":"Fled","damage_taken":0,"max_hp_gain":0,"max_hp_loss":0,"event_name":"Scrap Ooze","floor":13,"gold_loss":0},{"damage_healed":0,"gold_gain":0,"player_choice":"Upgraded","damage_taken":0,"max_hp_gain":0,"max_hp_loss":0,"event_name":"Upgrade Shrine","floor":19,"gold_loss":0,"cards_upgraded":["Bouncing Flask"]},{"damage_healed":0,"gold_gain":0,"player_choice":"Became a Ghost","damage_taken":0,"max_hp_gain":0,"max_hp_loss":38,"event_name":"Ghosts","floor":24,"gold_loss":0,"cards_obtained":["Ghostly","Ghostly","Ghostly","Ghostly","Ghostly"]},{"damage_healed":0,"gold_gain":0,"player_choice":"Ignored","damage_taken":0,"max_hp_gain":0,"max_hp_loss":0,"event_name":"Beggar","floor":29,"gold_loss":0},{"damage_healed":0,"gold_gain":75,"player_choice":"Touch","damage_taken":4,"max_hp_gain":0,"max_hp_loss":0,"event_name":"FaceTrader","floor":36,"gold_loss":0},{"cards_removed":["Neutralize"],"damage_healed":0,"gold_gain":0,"player_choice":"Removed Attack","damage_taken":0,"max_hp_gain":0,"max_hp_loss":0,"event_name":"Falling","floor":39,"gold_loss":0},{"damage_healed":0,"gold_gain":0,"player_choice":"Forge","damage_taken":0,"max_hp_gain":0,"max_hp_loss":0,"event_name":"Accursed Blacksmith","floor":41,"gold_loss":0,"cards_upgraded":["Bouncing Flask"]},{"damage_healed":31,"gold_gain":0,"player_choice":"Heal","damage_taken":0,"max_hp_gain":0,"max_hp_loss":0,"event_name":"MindBloom","floor":47,"gold_loss":0,"cards_obtained":["Doubt"]}],"is_beta":false,"boss_relics":[{"not_picked":["Tiny House","Cursed Key"],"picked":"Busted Crown"},{"not_picked":["Calling Bell","Snecko Eye"],"picked":"Lizard Tail"}],"items_purged_floors":[20],"is_endless":false,"potions_floor_spawned":[1,8,10,12,18,22,25,40,44,48],"killed_by":"Awakened One","ascension_level":12}