{"gold_per_floor":[109,122,122,136,151,151,151,165,165,205,170,170,194,247,247,342,342,342],"floor_reached":18,"playtime":744,"items_purged":[],"score":308,"play_id":"3f58e744-1ef4-4d93-b311-4c180b500abc","local_time":"20181228160903","is_ascension_mode":true,"campfire_choices":[{"data":"Uppercut","floor":6.0,"key":"SMITH"},{"data":"Immolate","floor":12.0,"key":"SMITH"},{"floor":15.0,"key":"REST"}],"neow_cost":"NONE","seed_source_timestamp":0,"circlet_count":0,"master_deck":["AscendersBane","Bash","Dropkick","True Grit","Feel No Pain","Uppercut+1","Metallicize+1","Shrug It Off","Immolate+1","Reaper","Armaments","Perfected Strike","Uppercut","Bludgeon","Sentinel","Rampage","Reaper","Bloodletting","Seeing Red"],"special_seed":0,"relics":["Burning Blood","Golden Idol","Blood Vial","Red Skull","Pandora\u0027s Box"],"potions_floor_usage":[],"damage_taken":[{"damage":14.0,"enemies":"Jaw Worm","floor":1.0,"turns":4.0},{"damage":12.0,"enemies":"Small Slimes","floor":2.0,"turns":5.0},{"damage":10.0,"enemies":"2 Louse","floor":4.0,"turns":3.0},{"damage":21.0,"enemies":"2 Fungi Beasts","floor":5.0,"turns":3.0},{"damage":15.0,"enemies":"Exordium Wildlife","floor":8.0,"turns":6.0},{"damage":24.0,"enemies":"Lagavulin","floor":10.0,"turns":9.0},{"damage":6.0,"enemies":"Blue Slaver","floor":13.0,"turns":3.0},{"damage":36,"enemies":"The Guardian","floor":16,"turns":10},{"damage":30,"enemies":"Chosen","floor":18,"turns":5}],"seed_played":"-1263889822419486247","potions_obtained":[{"floor":5.0,"key":"LiquidBronze"},{"floor":10.0,"key":"LiquidBronze"}],"is_trial":false,"path_per_floor":["M","M","?","M","M","R","?","M","T","E","?","R","M","?","R","B",null,"M"],"character_chosen":"IRONCLAD","items_purchased":[],"campfire_rested":1,"item_purchase_floors":[],"current_hp_per_floor":[60,54,54,50,35,35,35,26,26,10,27,27,29,29,49,21,56,28],"gold":342,"neow_bonus":"THREE_CARDS","is_prod":false,"is_daily":false,"chose_seed":false,"campfire_upgraded":2,"win_rate":0,"timestamp":1546042143,"path_taken":["M","M","?","M","M","R","?","M","T","E","?","R","M","?","R","BOSS","M"],"build_version":"2018-12-20","purchased_purges":0,"victory":false,"max_hp_per_floor":[75,75,68,68,68,68,68,68,68,68,68,68,68,68,68,68,68,68],"card_choices":[{"not_picked":["Pommel Strike","Clash"],"picked":"Dropkick","floor":0.0},{"not_picked":["Heavy Blade","Pommel Strike"],"picked":"True Grit","floor":1.0},{"not_picked":["Headbutt","Reckless Charge"],"picked":"Feel No Pain","floor":2.0},{"not_picked":["Armaments","Anger"],"picked":"Uppercut","floor":4.0},{"not_picked":["Second Wind","Combust"],"picked":"Metallicize","floor":5.0},{"not_picked":["Exhume","Heavy Blade"],"picked":"Shrug It Off","floor":8.0},{"not_picked":["Uppercut","Clothesline"],"picked":"Immolate","floor":10.0},{"not_picked":["Warcry","Iron Wave","Hemokinesis"],"picked":"SKIP","floor":13.0},{"not_picked":["Exhume","Double Tap"],"picked":"Reaper","floor":16}],"player_experience":1620488,"relics_obtained":[{"floor":9.0,"key":"Blood Vial"},{"floor":10.0,"key":"Red Skull"}],"event_choices":[{"damage_healed":0.0,"max_hp_gain":0.0,"max_hp_loss":7.0,"gold_gain":0.0,"event_name":"Golden Idol","player_choice":"Lose Max HP","floor":3.0,"gold_loss":0.0,"damage_taken":0.0,"relics_obtained":["Golden Idol"]},{"damage_healed":0.0,"max_hp_gain":0.0,"max_hp_loss":0.0,"gold_gain":0.0,"event_name":"Living Wall","player_choice":"Grow","floor":7.0,"gold_loss":0.0,"damage_taken":0.0,"cards_upgraded":["Metallicize"]},{"damage_healed":17.0,"max_hp_gain":0.0,"max_hp_loss":0.0,"gold_gain":0.0,"event_name":"The Cleric","player_choice":"Healed","floor":11.0,"gold_loss":35.0,"damage_taken":0.0},{"damage_healed":0.0,"max_hp_gain":0.0,"max_hp_loss":0.0,"gold_gain":53.0,"event_name":"Golden Wing","player_choice":"Gained Gold","floor":14.0,"gold_loss":0.0,"damage_taken":0.0}],"is_beta":false,"boss_relics":[{"not_picked":["Tiny House","Busted Crown"],"picked":"Pandora\u0027s Box"}],"items_purged_floors":[],"is_endless":false,"potions_floor_spawned":[5,10,13],"killed_by":"Chosen","ascension_level":18}