{"gold_per_floor":[114,114,134,22,39,39,73,73,96,76,76,42,55,55,55,151,151,166,166,176,187,187,187,221,221,521,541,561,17,17,35,35,35],"floor_reached":33,"playtime":1012,"items_purged":["Decay"],"score":278,"play_id":"d43b611f-8683-4c9e-98d9-2c8d834d4355","local_time":"20180902180300","is_ascension_mode":true,"campfire_choices":[{"floor":6,"key":"REST"},{"data":"Bouncing Flask","floor":11,"key":"SMITH"},{"floor":15,"key":"REST"},{"floor":23,"key":"REST"},{"floor":25,"key":"REST"},{"data":"Jack Of All Trades","floor":30,"key":"SMITH"},{"data":"Catalyst","floor":32,"key":"SMITH"}],"neow_cost":"CURSE","seed_source_timestamp":45252376709285,"circlet_count":0,"master_deck":["Defend_G","Defend_G","Defend_G","Defend_G","Defend_G","Strike_G","Strike_G","Strike_G","Strike_G","Strike_G","Survivor+1","Neutralize","Unload","Poisoned Stab+1","Deadly Poison","Leg Sweep+1","Bouncing Flask+1","Bane","Distraction","Catalyst+1","Glass Knife","Deadly Poison+1","Writhe","Heel Hook","Sucker Punch","Deadly Poison","Regret","Dagger Throw","Leg Sweep","Jack Of All Trades+1","Footwork","Terror"],"relics":["Ring of the Snake","Regal Pillow","Art of War","Happy Flower","Cursed Key","Mercury Hourglass","Centennial Puzzle","Old Coin","MawBank","Bronze Scales"],"potions_floor_usage":[13,16,16,24,31,33],"damage_taken":[{"damage":0,"enemies":"Cultist","floor":1,"turns":3},{"damage":13,"enemies":"2 Louse","floor":3,"turns":2},{"damage":1,"enemies":"Jaw Worm","floor":5,"turns":3},{"damage":16,"enemies":"Gremlin Nob","floor":7,"turns":3},{"damage":3,"enemies":"Red Slaver","floor":13,"turns":2},{"damage":13,"enemies":"Slime Boss","floor":16,"turns":8},{"damage":10,"enemies":"3 Byrds","floor":18,"turns":6},{"damage":15,"enemies":"2 Thieves","floor":20,"turns":3},{"damage":6,"enemies":"Snecko","floor":21,"turns":4},{"damage":36,"enemies":"Slavers","floor":24,"turns":5},{"damage":6,"enemies":"Centurion and Healer","floor":27,"turns":4},{"damage":8,"enemies":"Sentry and Sphere","floor":28,"turns":4},{"damage":6,"enemies":"Chosen and Byrds","floor":31,"turns":4},{"damage":55,"enemies":"Automaton","floor":33,"turns":10}],"seed_played":"-1420269961275424653","potions_obtained":[{"floor":3,"key":"Energy Potion"},{"floor":7,"key":"FearPotion"},{"floor":10,"key":"Fire Potion"},{"floor":21,"key":"EssenceOfSteel"},{"floor":27,"key":"Dexterity Potion"},{"floor":28,"key":"Weak Potion"}],"is_trial":false,"path_per_floor":["M","?","M","$","M","R","E","?","T","?","R","$","M","$","R","B",null,"M","?","M","M","?","R","E","R","T","M","M","$","R","M","R"],"character_chosen":"THE_SILENT","items_purchased":["Leg Sweep","Distraction","MawBank","Bronze Scales","Leg Sweep","Jack Of All Trades","Footwork"],"campfire_rested":4,"item_purchase_floors":[4,12,29,29,29,29,29],"current_hp_per_floor":[70,63,50,50,49,70,54,40,40,40,40,40,37,37,70,57,70,60,60,45,39,39,70,34,70,70,64,56,56,56,50,50,0],"gold":35,"neow_bonus":"THREE_RARE_CARDS","is_prod":false,"is_daily":false,"chose_seed":false,"campfire_upgraded":3,"win_rate":0,"timestamp":1535904180,"path_taken":["M","?","?","$","M","R","E","?","T","?","R","?","M","$","R","BOSS","M","?","M","?","?","R","E","R","T","M","M","$","R","?","R","BOSS"],"build_version":"2018-08-30","purchased_purges":1,"victory":false,"max_hp_per_floor":[70,70,70,70,70,70,70,70,70,70,70,70,70,70,70,70,70,70,70,70,70,70,70,70,70,70,70,70,70,70,70,70,70],"card_choices":[{"not_picked":["Tools of the Trade","Burst"],"picked":"Unload","floor":0},{"not_picked":["Underhanded Strike","Flechettes"],"picked":"Poisoned Stab","floor":1},{"not_picked":["Outmaneuver","Dagger Throw"],"picked":"Deadly Poison","floor":3},{"not_picked":["Dodge and Roll","Cloak And Dagger"],"picked":"Bouncing Flask","floor":5},{"not_picked":["Underhanded Strike","Dagger Spray"],"picked":"Bane","floor":7},{"not_picked":["Expertise","Dodge and Roll"],"picked":"Catalyst","floor":13},{"not_picked":["Doppelganger","After Image"],"picked":"Glass Knife","floor":16},{"not_picked":["Dodge and Roll","Blade Dance"],"picked":"Deadly Poison+1","floor":18},{"not_picked":["Slice","Tools of the Trade"],"picked":"Heel Hook","floor":20},{"not_picked":["Footwork","PiercingWail+1"],"picked":"Sucker Punch","floor":21},{"not_picked":["Blade Dance+1","Poisoned Stab"],"picked":"Deadly Poison","floor":24},{"not_picked":["Dagger Throw","Acrobatics+1","Underhanded Strike"],"picked":"SKIP","floor":27},{"not_picked":["PiercingWail+1","Wraith Form v2"],"picked":"Dagger Throw","floor":28},{"not_picked":["Acrobatics","Deflect"],"picked":"Terror","floor":31}],"player_experience":97364,"relics_obtained":[{"floor":7,"key":"Art of War"},{"floor":9,"key":"Happy Flower"},{"floor":24,"key":"Centennial Puzzle"},{"floor":26,"key":"Old Coin"}],"event_choices":[{"event_name":"Scrap Ooze","player_choice":"success","floor":2,"damage_taken":7},{"event_name":"Shining Light","player_choice":"Entered Light","floor":8,"damage_taken":0},{"event_name":"The Woman in Blue","player_choice":"Bought 1 Potion","floor":10,"damage_taken":0},{"event_name":"The Mausoleum","player_choice":"Yes","floor":19,"damage_taken":0},{"event_name":"Upgrade Shrine","player_choice":"Upgraded","floor":22,"damage_taken":0}],"is_beta":true,"boss_relics":[{"not_picked":["Velvet Choker","Runic Dome"],"picked":"Cursed Key"}],"items_purged_floors":[4],"is_endless":false,"potions_floor_spawned":[3,7,21,27,28],"killed_by":"Automaton","ascension_level":1}