{"gold_per_floor":[114,114,134,134,151,180,180,180,204,229,73,39,59,79,79,181,231,243,342,342,145,216,216],"floor_reached":23,"playtime":713,"items_purged":["Strike_B"],"score":395,"play_id":"96833c82-9b7a-459a-86a2-40b85bcac6e4","local_time":"20181215012741","is_ascension_mode":true,"campfire_choices":[{"floor":7.0,"key":"REST"},{"floor":15.0,"key":"REST"}],"neow_cost":"NONE","seed_source_timestamp":7709396266307,"circlet_count":0,"master_deck":["AscendersBane","Strike_B+1","Defend_B","Defend_B","Defend_B+1","Defend_B","Zap","Dualcast","Conserve Battery","Compile Driver","Compile Driver","Coolheaded","Cold Snap","Glacier","Buffer","Blizzard+1","Rainbow","Defragment","Chaos"],"special_seed":0,"relics":["Cracked Core","NeowsBlessing","Happy Flower","Boot","Juzu Bracelet","DataDisk","Tiny House","Tiny Chest","Dodecahedron"],"potions_floor_usage":[23],"damage_taken":[{"damage":0.0,"enemies":"2 Louse","floor":1.0,"turns":1.0},{"damage":0.0,"enemies":"Jaw Worm","floor":3.0,"turns":1.0},{"damage":0.0,"enemies":"Cultist","floor":5.0,"turns":1.0},{"damage":26.0,"enemies":"Gremlin Nob","floor":6.0,"turns":4.0},{"damage":14.0,"enemies":"Lagavulin","floor":10.0,"turns":7.0},{"damage":0.0,"enemies":"Looter","floor":13.0,"turns":3.0},{"damage":0.0,"enemies":"Exordium Thugs","floor":14.0,"turns":4.0},{"damage":0.0,"enemies":"The Guardian","floor":16.0,"turns":15.0},{"damage":3.0,"enemies":"Chosen","floor":18.0,"turns":4.0},{"damage":102,"enemies":"Gremlin Leader","floor":23,"turns":10}],"seed_played":"-7705533487172999554","potions_obtained":[{"floor":3.0,"key":"Explosive Potion"},{"floor":10.0,"key":"AttackPotion"},{"floor":14.0,"key":"Strength Potion"},{"floor":16.0,"key":"Poison Potion"},{"floor":17.0,"key":"Regen Potion"}],"is_trial":false,"path_per_floor":["M","?","M","?","M","E","R","?","T","E","$","$","M","M","R","B",null,"M","?","T","$","T","E"],"character_chosen":"DEFECT","items_purchased":["DataDisk","Glacier","Tiny Chest"],"campfire_rested":2,"item_purchase_floors":[11,12,21],"current_hp_per_floor":[68,61,61,61,61,35,57,42,42,28,28,28,28,28,50,50,74,71,71,71,71,71,0],"gold":216,"neow_bonus":"THREE_ENEMY_KILL","is_prod":false,"is_daily":false,"chose_seed":false,"campfire_upgraded":0,"win_rate":0,"timestamp":1544862461,"path_taken":["M","?","M","?","?","E","R","?","T","E","?","$","M","M","R","BOSS","M","?","?","$","?","E"],"build_version":"2018-12-13","purchased_purges":1,"victory":false,"max_hp_per_floor":[75,75,75,75,75,75,75,75,75,75,75,75,75,75,75,75,80,80,80,80,80,80,80],"card_choices":[{"not_picked":["Reprogram","Scrape"],"picked":"Conserve Battery","floor":1.0},{"not_picked":["Steam Power","Hologram"],"picked":"Compile Driver","floor":3.0},{"not_picked":["Conserve Battery","Hello World"],"picked":"Compile Driver","floor":5.0},{"not_picked":["Conserve Battery","Cold Snap"],"picked":"Coolheaded","floor":6.0},{"not_picked":["Tempest","Steam Power"],"picked":"Cold Snap","floor":10.0},{"not_picked":["Turbo","Leap"],"picked":"Buffer","floor":13.0},{"not_picked":["Barrage","Doom and Gloom"],"picked":"Blizzard","floor":14.0},{"not_picked":["Electrodynamics","Core Surge"],"picked":"Rainbow","floor":16.0},{"not_picked":["Ball Lightning","Hello World"],"picked":"Defragment","floor":17.0},{"not_picked":["Beam Cell","Rebound"],"picked":"Chaos","floor":18.0}],"player_experience":674824,"relics_obtained":[{"floor":6.0,"key":"Happy Flower"},{"floor":9.0,"key":"Boot"},{"floor":10.0,"key":"Juzu Bracelet"},{"floor":22.0,"key":"Dodecahedron"}],"event_choices":[{"cards_removed":["Strike_B"],"damage_healed":0.0,"max_hp_gain":0.0,"max_hp_loss":0.0,"gold_gain":0.0,"event_name":"Golden Wing","player_choice":"Card Removal","floor":2.0,"gold_loss":0.0,"damage_taken":7.0},{"cards_removed":["Strike_B"],"damage_healed":0.0,"max_hp_gain":0.0,"max_hp_loss":0.0,"gold_gain":0.0,"event_name":"Purifier","player_choice":"Purged","floor":4.0,"gold_loss":0.0,"damage_taken":0.0},{"damage_healed":0.0,"max_hp_gain":0.0,"max_hp_loss":0.0,"gold_gain":0.0,"event_name":"Shining Light","player_choice":"Entered Light","floor":8.0,"gold_loss":0.0,"damage_taken":15.0,"cards_upgraded":["Defend_B","Strike_B"]},{"damage_healed":0.0,"max_hp_gain":0.0,"max_hp_loss":0.0,"gold_gain":99.0,"event_name":"Nest","player_choice":"Stole From Cult","floor":19.0,"gold_loss":0.0,"damage_taken":0.0}],"is_beta":false,"boss_relics":[{"not_picked":["White Beast Statue","Snecko Eye"],"picked":"Tiny House"}],"items_purged_floors":[21],"is_endless":false,"potions_floor_spawned":[3,10,14,16],"killed_by":"Gremlin Leader","ascension_level":12}