{"gold_per_floor":[109,32,42,7,7,7,38,57,57,57,90,90,105,138,138,138],"floor_reached":16,"playtime":513,"items_purged":[],"score":236,"play_id":"b5a67409-bf8f-4de8-9ed8-c3e8c72ef14b","local_time":"20190206095131","is_ascension_mode":true,"campfire_choices":[{"data":"Shockwave","floor":6.0,"key":"SMITH"},{"data":"Armaments","floor":15.0,"key":"SMITH"}],"neow_cost":"NONE","seed_source_timestamp":163966433556289,"circlet_count":0,"master_deck":["AscendersBane","Strike_R","Strike_R","Strike_R","Strike_R","Strike_R","Defend_R","Defend_R","Defend_R","Defend_R","Bash","Pommel Strike","Shockwave+1","Inflame","True Grit","Offering","Armaments+1","Body Slam","Warcry","True Grit"],"special_seed":0,"relics":["Burning Blood","Art of War","Prayer Wheel","Self Forming Clay","Gremlin Horn","Mummified Hand","Calipers"],"potions_floor_usage":[],"damage_taken":[{"damage":8.0,"enemies":"Small Slimes","floor":1.0,"turns":4.0},{"damage":9.0,"enemies":"Jaw Worm","floor":3.0,"turns":3.0},{"damage":25.0,"enemies":"Lagavulin","floor":7.0,"turns":5.0},{"damage":4.0,"enemies":"Cultist","floor":8.0,"turns":3.0},{"damage":16.0,"enemies":"Gremlin Nob","floor":11.0,"turns":3.0},{"damage":7.0,"enemies":"Exordium Thugs","floor":13.0,"turns":4.0},{"damage":11.0,"enemies":"3 Sentries","floor":14.0,"turns":5.0},{"damage":52,"enemies":"Slime Boss","floor":16,"turns":6}],"seed_played":"-7323430339562438340","potions_obtained":[{"floor":5.0,"key":"AttackPotion"},{"floor":5.0,"key":"Explosive Potion"},{"floor":7.0,"key":"Dexterity Potion"},{"floor":8.0,"key":"Energy Potion"},{"floor":11.0,"key":"SpeedPotion"},{"floor":13.0,"key":"Strength Potion"}],"is_trial":false,"path_per_floor":["M","$","M","?","?","R","E","M","T","$","E","T","M","E","R","B"],"character_chosen":"IRONCLAD","items_purchased":["Shockwave"],"campfire_rested":0,"item_purchase_floors":[2],"current_hp_per_floor":[66,66,63,75,75,75,56,58,58,58,48,48,47,42,42,0],"gold":138,"neow_bonus":"RANDOM_COMMON_RELIC","is_prod":false,"is_daily":false,"chose_seed":false,"campfire_upgraded":2,"win_rate":0,"timestamp":1549471891,"path_taken":["M","$","M","?","?","R","E","?","T","$","E","?","M","E","R","BOSS"],"build_version":"2019-01-23","purchased_purges":0,"victory":false,"max_hp_per_floor":[75,75,75,75,75,75,75,75,75,75,75,75,75,75,75,75],"card_choices":[{"not_picked":["Wild Strike","Iron Wave"],"picked":"Pommel Strike","floor":1.0},{"not_picked":["Pommel Strike","Blood for Blood","Wild Strike"],"picked":"SKIP","floor":3.0},{"not_picked":["Dual Wield","Perfected Strike"],"picked":"Inflame","floor":7.0},{"not_picked":["Second Wind","Wild Strike"],"picked":"True Grit","floor":8.0},{"not_picked":["Thunderclap","Iron Wave"],"picked":"Offering","floor":8.0},{"not_picked":["Perfected Strike","Power Through"],"picked":"Armaments","floor":11.0},{"not_picked":["Rupture","Combust"],"picked":"Body Slam","floor":13.0},{"not_picked":["Body Slam","Havoc"],"picked":"Warcry","floor":13.0},{"not_picked":["Warcry","Heavy Blade"],"picked":"True Grit","floor":14.0}],"player_experience":766239,"relics_obtained":[{"floor":7.0,"key":"Prayer Wheel"},{"floor":9.0,"key":"Self Forming Clay"},{"floor":11.0,"key":"Gremlin Horn"},{"floor":12.0,"key":"Mummified Hand"},{"floor":14.0,"key":"Calipers"}],"event_choices":[{"damage_healed":18.0,"max_hp_gain":0.0,"max_hp_loss":0.0,"gold_gain":0.0,"event_name":"The Cleric","player_choice":"Healed","floor":4.0,"gold_loss":35.0,"damage_taken":0.0},{"damage_healed":0.0,"max_hp_gain":0.0,"max_hp_loss":0.0,"gold_gain":0.0,"event_name":"Lab","player_choice":"Got Potions","floor":5.0,"gold_loss":0.0,"damage_taken":0.0}],"is_beta":false,"boss_relics":[],"items_purged_floors":[],"is_endless":false,"potions_floor_spawned":[7,8,11,13],"killed_by":"Slime Boss","ascension_level":20}