{"path_per_floor":["M","$","?","?","M","E","R","?","T","R","?","E","M","?","R"],"character_chosen":"THE_SILENT","items_purchased":["Doppelganger"],"gold_per_floor":[109,38,38,38,53,79,79,79,79,79,79,112,122,178,178,178],"floor_reached":16,"campfire_rested":2,"playtime":614,"current_hp_per_floor":[70,70,70,70,70,5,26,19,19,40,63,31,27,31,31,0],"items_purged":[],"gold":178,"score":122,"play_id":"4c85a690-9404-4810-8b11-6c99273edbe2","local_time":"20180328205958","is_prod":false,"is_daily":false,"is_ascension_mode":true,"campfire_upgraded":1,"timestamp":1522288798,"path_taken":["M","?","?","?","M","E","R","?","T","R","?","E","M","?","R","BOSS"],"build_version":"2018-03-22v2","purchased_purges":0,"victory":false,"master_deck":["Defend_G","Defend_G","Defend_G","Defend_G","Defend_G","Strike_G","Strike_G","Strike_G","Survivor","Neutralize","Concentrate+1","Quick Slash","Doppelganger","Flying Knee","Poisoned Stab","Eviscerate+1","Underhanded Strike+1","Bane+1"],"max_hp_per_floor":[70,70,70,70,70,70,70,70,70,70,70,70,70,70,70,70],"relics":["Ring of the Snake","Pen Nib","Molten Egg 2","Bronze Scales","Omamori"],"card_choices":[{"not_picked":["Expertise","Deflect"],"picked":"Quick Slash","floor":1},{"not_picked":["Outmaneuver","Blur"],"picked":"Flying Knee","floor":5},{"not_picked":["Deflect","Sucker Punch"],"picked":"Poisoned Stab","floor":6},{"not_picked":["Glass Knife","Deflect"],"picked":"Eviscerate","floor":12},{"not_picked":["Bane","Distraction"],"picked":"Underhanded Strike","floor":13},{"not_picked":["Flechettes","Dodge and Roll"],"picked":"Bane","floor":14}],"player_experience":92597,"potions_floor_usage":[14,16],"damage_taken":[{"damage":0,"enemies":"Cultist","floor":1,"turns":4},{"damage":0,"enemies":"Small Slimes","floor":5,"turns":3},{"damage":65,"enemies":"Lagavulin","floor":6,"turns":10},{"damage":32,"enemies":"Gremlin Nob","floor":12,"turns":4},{"damage":4,"enemies":"Jaw Worm","floor":13,"turns":3},{"damage":8,"enemies":"Lagavulin Event","floor":14,"turns":5},{"damage":32,"enemies":"Slime Boss","floor":16,"turns":6}],"event_choices":[{"event_name":"Wheel of Change","player_choice":"Curse","floor":3,"damage_taken":0},{"event_name":"Living Wall","player_choice":"Forget","floor":4,"damage_taken":0},{"event_name":"Golden Wing","player_choice":"Card Removal","floor":8,"damage_taken":0},{"event_name":"Big Fish","player_choice":"Banana","floor":11,"damage_taken":0},{"event_name":"Dead Adventurer","player_choice":"Searched \u00271\u0027 times","floor":14,"damage_taken":0}],"boss_relics":[],"potions_floor_spawned":[6,12,13],"seed_played":"3811263093007955433","killed_by":"Slime Boss","ascension_level":3,"is_trial":false}