{"gold_per_floor":[117,117,141,161,179,179,206,206,286,302,317,346,366,386,386,489,489,509,305,305,316,316,347,34,34,86,86,86,105,117,133,133,229,229,246,78,78,91,91,91,111,111,111,125,125,139,157,183,183,183],"floor_reached":51,"playtime":2480,"items_purged":[],"score":736,"play_id":"234a5d0d-8620-457c-af40-e9e46c3b668f","local_time":"20180721233427","is_ascension_mode":false,"campfire_choices":[{"data":"Hello World","floor":6.0,"key":"SMITH"},{"floor":8.0,"key":"REST"},{"floor":15.0,"key":"REST"},{"floor":25,"key":"REST"},{"floor":32,"key":"REST"},{"data":"Apotheosis","floor":40,"key":"SMITH"},{"data":"Consume","floor":42,"key":"SMITH"},{"floor":49,"key":"REST"}],"neow_cost":"","seed_source_timestamp":0,"circlet_count":0,"master_deck":["Zap+1","Dualcast","Gash","Hello World+1","Machine Learning","Gash","Gash","Gash","Force Field","Creative AI+1","Genetic Algorithm","Skim","Self Repair","Ball Lightning","Streamline","Leap","Ball Lightning","Turbo","Consume+1","BootSequence","Apotheosis+1","Gash","Buffer","White Noise+1","Consume"],"special_seed":0,"relics":["Cracked Core","Anchor","Regal Pillow","Kunai","Pantograph","Pandora\u0027s Box","Membership Card","Nunchaku","Lee\u0027s Waffle","Lantern","Inserter","HandDrill","Torii","Mummified Hand","Pen Nib"],"potions_floor_usage":[33,33,33,48,50,50],"damage_taken":[{"damage":9.0,"enemies":"2 Louse","floor":1.0,"turns":2.0},{"damage":0.0,"enemies":"Small Slimes","floor":4.0,"turns":3.0},{"damage":1.0,"enemies":"Jaw Worm","floor":5.0,"turns":3.0},{"damage":16.0,"enemies":"3 Sentries","floor":7.0,"turns":6.0},{"damage":0.0,"enemies":"Exordium Wildlife","floor":10.0,"turns":4.0},{"damage":7.0,"enemies":"Exordium Thugs","floor":11.0,"turns":4.0},{"damage":35.0,"enemies":"Gremlin Nob","floor":12.0,"turns":4.0},{"damage":7.0,"enemies":"Blue Slaver","floor":13.0,"turns":3.0},{"damage":15.0,"enemies":"Gremlin Gang","floor":14.0,"turns":3.0},{"damage":5.0,"enemies":"Slime Boss","floor":16.0,"turns":7.0},{"damage":17.0,"enemies":"2 Thieves","floor":18.0,"turns":4.0},{"damage":0.0,"enemies":"3 Byrds","floor":21.0,"turns":4.0},{"damage":57,"enemies":"Gremlin Leader","floor":23,"turns":8},{"damage":21,"enemies":"Snecko","floor":29,"turns":5},{"damage":22,"enemies":"Snake Plant","floor":30,"turns":5},{"damage":28,"enemies":"Centurion and Healer","floor":31,"turns":5},{"damage":42,"enemies":"Collector","floor":33,"turns":8},{"damage":41,"enemies":"Flame Bruiser 1 Orb","floor":35,"turns":6},{"damage":0,"floor":37,"turns":6},{"damage":7,"enemies":"Orb Walker","floor":38,"turns":5},{"damage":31,"enemies":"Flame Bruiser 2 Orb","floor":41,"turns":8},{"damage":1,"enemies":"Maw","floor":44,"turns":6},{"damage":22,"enemies":"Spire Growth","floor":46,"turns":4},{"damage":1,"enemies":"Transient","floor":47,"turns":5},{"damage":38,"enemies":"2 Orb Walkers","floor":48,"turns":6},{"damage":77,"enemies":"Time Eater","floor":50,"turns":9}],"seed_played":"-1468447862287604315","potions_obtained":[{"floor":4.0,"key":"Poison Potion"},{"floor":5.0,"key":"SkillPotion"},{"floor":12.0,"key":"Weak Potion"},{"floor":38,"key":"PowerPotion"},{"floor":44,"key":"SkillPotion"},{"floor":46,"key":"Fruit Juice"}],"is_trial":false,"path_per_floor":["M","?","T","M","M","R","E","R","T","M","M","E","M","M","R","B",null,"M","$","?","M","?","E","$","R","T","?","?","M","M","M","R","B",null,"M","$","?","M","$","R","M","R","T","M","?","M","M","E","R","B"],"character_chosen":"DEFECT","items_purchased":["Membership Card","Apotheosis","Lee\u0027s Waffle","HandDrill"],"campfire_rested":5,"item_purchase_floors":[19,24,24,36],"current_hp_per_floor":[66,51,51,51,50,50,34,71,71,71,64,29,22,7,44,64,75,65,65,65,72,63,13,82,82,82,82,82,61,39,18,57,50,82,51,51,82,75,75,75,51,51,51,60,60,48,54,28,69,27],"gold":183,"neow_bonus":"","is_prod":false,"is_daily":false,"chose_seed":false,"campfire_upgraded":3,"win_rate":0.0,"timestamp":1532180067,"path_taken":["M","?","?","?","M","R","E","R","T","M","M","E","M","M","R","BOSS","M","$","?","M","?","E","$","R","T","?","?","M","?","M","R","BOSS","M","$","?","M","$","R","?","R","T","M","?","?","?","E","R","BOSS"],"build_version":"2018-07-19v2","purchased_purges":0,"victory":true,"max_hp_per_floor":[75,75,75,75,75,75,75,75,75,75,75,75,75,75,75,75,75,75,75,75,75,75,75,82,82,82,82,82,82,82,82,82,82,82,82,82,82,82,82,82,82,82,82,82,82,82,82,87,87,87],"card_choices":[{"not_picked":["Auto Shields","Sunder"],"picked":"Gash","floor":1.0},{"not_picked":["Turbo","Go for the Eyes"],"picked":"Hello World","floor":4.0},{"not_picked":["Redo","Steam","Compile Driver"],"picked":"SKIP","floor":5.0},{"not_picked":["Steam","Doom and Gloom"],"picked":"Machine Learning","floor":7.0},{"not_picked":["Turbo","Streamline","Cold Snap"],"picked":"SKIP","floor":10.0},{"not_picked":["Steam","Scrape"],"picked":"Gash","floor":11.0},{"not_picked":["Compile Driver","Redo"],"picked":"Gash","floor":12.0},{"not_picked":["Sunder","Sweeping Beam"],"picked":"Gash","floor":13.0},{"not_picked":["Double Energy","Rebound"],"picked":"Force Field","floor":14.0},{"not_picked":["Buffer","Amplify"],"picked":"Creative AI","floor":16.0},{"not_picked":["Hologram","Turbo+1"],"picked":"Consume","floor":18.0},{"not_picked":["Redo+1","Undo+1"],"picked":"BootSequence","floor":21},{"not_picked":["Cold Snap","Ball Lightning","Conserve Battery"],"picked":"SKIP","floor":23},{"not_picked":["Heatsinks","Darkness","Sweeping Beam"],"picked":"SKIP","floor":29},{"not_picked":["Rip and Tear","Lockon+1","Sweeping Beam"],"picked":"SKIP","floor":30},{"not_picked":["Heatsinks","Rebound","Hologram"],"picked":"SKIP","floor":31},{"not_picked":["Rainbow","All For One"],"picked":"Buffer","floor":33},{"not_picked":["Melter+1","Redo+1","BootSequence"],"picked":"SKIP","floor":35},{"not_picked":["Hologram","Lockon"],"picked":"White Noise+1","floor":38},{"not_picked":["Rebound+1","Glacier","Fission"],"picked":"SKIP","floor":41},{"not_picked":["Hologram","Conserve Battery+1","Beam Cell+1"],"picked":"SKIP","floor":44},{"not_picked":["Compile Driver","BootSequence+1","Rebound+1"],"picked":"SKIP","floor":46},{"not_picked":["Conserve Battery+1","Auto Shields","Fission"],"picked":"SKIP","floor":47},{"not_picked":["Scrape","Steam+1"],"picked":"Consume","floor":48}],"player_experience":373185,"relics_obtained":[{"floor":3.0,"key":"Anchor"},{"floor":7.0,"key":"Regal Pillow"},{"floor":9.0,"key":"Kunai"},{"floor":12.0,"key":"Pantograph"},{"floor":23,"key":"Nunchaku"},{"floor":26,"key":"Lantern"},{"floor":37,"key":"Torii"},{"floor":43,"key":"Mummified Hand"},{"floor":48,"key":"Pen Nib"}],"event_choices":[{"event_name":"Shining Light","player_choice":"Entered Light","floor":2.0,"damage_taken":0.0},{"event_name":"Accursed Blacksmith","player_choice":"Forge","floor":20.0,"damage_taken":0.0},{"event_name":"Cursed Tome","player_choice":"Stopped","floor":22,"damage_taken":0},{"event_name":"Vampires","player_choice":"Ignored","floor":27,"damage_taken":0},{"event_name":"The Library","player_choice":"Read","floor":28,"damage_taken":0},{"event_name":"MindBloom","player_choice":"Fight","floor":37,"damage_taken":0},{"event_name":"SensoryStone","player_choice":"Memory 1","floor":45,"damage_taken":0}],"is_beta":false,"boss_relics":[{"not_picked":["Tiny House","Empty Cage"],"picked":"Pandora\u0027s Box"},{"not_picked":["Philosopher\u0027s Stone","White Beast Statue"],"picked":"Inserter"}],"items_purged_floors":[],"is_endless":false,"potions_floor_spawned":[4,5,12,16,23,29,38,44,46,47],"ascension_level":0}