{"gold_per_floor":[115,127,74,86,14,87,149,167,193,203,221,221,221,238,238,238],"floor_reached":16,"playtime":2093,"items_purged":[],"score":104,"play_id":"564f8633-7791-4e66-8442-c97dde5ea23f","local_time":"20181216002708","is_ascension_mode":false,"campfire_choices":[{"floor":12,"key":"REST"},{"floor":15,"key":"REST"}],"neow_cost":"NONE","seed_source_timestamp":695623171958579,"circlet_count":0,"master_deck":["Strike_R","Strike_R","Strike_R","Strike_R","Strike_R","Defend_R","Defend_R","Defend_R","Defend_R","Bash","Clothesline","Carnage+1","Warcry","Armaments","Metallicize","Searing Blow","Sentinel","Uppercut","Reaper","Intimidate"],"relics":["Burning Blood","NeowsBlessing","Tiny Chest","Lantern"],"potions_floor_usage":[16,16],"damage_taken":[{"damage":0,"enemies":"Cultist","floor":1,"turns":1},{"damage":0,"enemies":"Jaw Worm","floor":2,"turns":1},{"damage":0,"enemies":"Small Slimes","floor":4,"turns":1},{"damage":24,"enemies":"Gremlin Nob","floor":7,"turns":5},{"damage":25,"enemies":"Exordium Thugs","floor":8,"turns":4},{"damage":11,"enemies":"3 Louse","floor":10,"turns":4},{"damage":14,"enemies":"Gremlin Gang","floor":11,"turns":12},{"damage":11,"enemies":"Looter","floor":14,"turns":4},{"damage":75,"enemies":"The Guardian","floor":16,"turns":18}],"seed_played":"1095515423572681472","potions_obtained":[{"floor":2,"key":"Ancient Potion"},{"floor":10,"key":"EssenceOfSteel"},{"floor":14,"key":"SpeedPotion"}],"is_trial":false,"path_per_floor":["M","M","$","M","$","?","E","M","T","M","M","R","?","M","R","B"],"character_chosen":"IRONCLAD","items_purchased":["Warcry","Metallicize"],"campfire_rested":2,"item_purchase_floors":[3,5],"current_hp_per_floor":[80,80,80,80,80,80,62,43,43,38,30,54,54,49,73,0],"gold":238,"neow_bonus":"THREE_ENEMY_KILL","is_prod":false,"is_daily":false,"chose_seed":false,"campfire_upgraded":0,"win_rate":0,"timestamp":1544938028,"path_taken":["M","M","$","M","$","?","E","M","T","M","M","R","?","M","R","BOSS"],"build_version":"2018-12-13","purchased_purges":0,"victory":false,"max_hp_per_floor":[80,80,80,80,80,80,80,80,80,80,80,80,80,80,80,80],"card_choices":[{"not_picked":["Armaments","Cleave"],"picked":"Clothesline","floor":1},{"not_picked":["Cleave","Warcry"],"picked":"Carnage","floor":2},{"not_picked":["Evolve","Cleave"],"picked":"Armaments","floor":4},{"not_picked":["Shrug It Off","Body Slam"],"picked":"Searing Blow","floor":7},{"not_picked":["Clothesline","Iron Wave"],"picked":"Sentinel","floor":8},{"not_picked":["Battle Trance","Clash"],"picked":"Uppercut","floor":10},{"not_picked":["Clash","Sword Boomerang"],"picked":"Reaper","floor":11},{"not_picked":["Metallicize","Iron Wave"],"picked":"Intimidate","floor":14}],"player_experience":196537,"relics_obtained":[{"floor":7,"key":"Tiny Chest"},{"floor":9,"key":"Lantern"}],"event_choices":[{"damage_healed":0,"gold_gain":73,"player_choice":"Gained Gold","damage_taken":0,"max_hp_gain":0,"max_hp_loss":0,"event_name":"Golden Wing","floor":6,"gold_loss":0},{"damage_healed":0,"gold_gain":0,"player_choice":"Upgraded","damage_taken":0,"max_hp_gain":0,"max_hp_loss":0,"event_name":"Upgrade Shrine","floor":13,"gold_loss":0,"cards_upgraded":["Carnage"]}],"is_beta":false,"boss_relics":[],"items_purged_floors":[],"is_endless":false,"potions_floor_spawned":[2,10,14],"killed_by":"The Guardian","ascension_level":0}