{"gold_per_floor":[109,121,134,148,163,163,190,190,260,260,273,292,309,8,8,110,110,128,128,144,159,170,170,205,205,228,228,228,228,241,257,257,359,359,379,398,255,270,287,287,304,304,304,147,165,165,211,221,221,221],"floor_reached":51,"playtime":5046,"items_purged":[],"score":1099,"play_id":"545ab26c-6f7b-474c-bd9f-d1d1ca3cd74f","local_time":"20181023132811","is_ascension_mode":true,"campfire_choices":[{"data":"White Noise","floor":6.0,"key":"SMITH"},{"floor":8.0,"key":"REST"},{"data":"Glacier","floor":15.0,"key":"SMITH"},{"data":"Barrage","floor":23.0,"key":"SMITH"},{"floor":25.0,"key":"REST"},{"data":"Zap","floor":32.0,"key":"SMITH"},{"data":"Consume","floor":40,"key":"SMITH"},{"data":"Seek","floor":42,"key":"SMITH"},{"data":"Ghostly","floor":46,"key":"SMITH"},{"floor":49,"key":"REST"}],"neow_cost":"NONE","seed_source_timestamp":0,"circlet_count":0,"master_deck":["Defend_B","Defend_B","Defend_B","Zap+1","Dualcast","AscendersBane","White Noise+1","Compile Driver","Self Repair","Steam","BootSequence","Coolheaded","Auto Shields","Glacier+1","Electrodynamics+1","Leap","Core Surge","Reprogram+1","Defragment+1","Stack+1","Capacitor+1","Hologram+1","Barrage+1","Conserve Battery","Ghostly+1","Ghostly","Ghostly","Ghostly","Ghostly","Coolheaded","Chill","Seek+1","Coolheaded","Heatsinks+1","Consume+1","Defragment+1","Reboot","Defragment+1","Go for the Eyes","Magnetism+1","Turbo+1","Parasite","Blizzard"],"special_seed":0,"relics":["Cracked Core","NeowsBlessing","Pear","Frozen Egg 2","Membership Card","Astrolabe","WingedGreaves","Happy Flower","Inserter","DollysMirror","Ice Cream","Pocketwatch"],"potions_floor_usage":[33,41,47,48],"damage_taken":[{"damage":0.0,"enemies":"2 Louse","floor":1.0,"turns":1.0},{"damage":0.0,"enemies":"Cultist","floor":2.0,"turns":1.0},{"damage":0.0,"enemies":"Small Slimes","floor":3.0,"turns":1.0},{"damage":30.0,"enemies":"Gremlin Gang","floor":4.0,"turns":7.0},{"damage":10.0,"enemies":"Exordium Wildlife","floor":5.0,"turns":6.0},{"damage":29.0,"enemies":"3 Sentries","floor":7.0,"turns":8.0},{"damage":0.0,"enemies":"Red Slaver","floor":11.0,"turns":5.0},{"damage":13.0,"enemies":"2 Fungi Beasts","floor":12.0,"turns":5.0},{"damage":5.0,"enemies":"Exordium Wildlife","floor":13.0,"turns":5.0},{"damage":35.0,"enemies":"The Guardian","floor":16.0,"turns":18.0},{"damage":0.0,"enemies":"Spheric Guardian","floor":18.0,"turns":16.0},{"damage":21.0,"enemies":"2 Thieves","floor":20.0,"turns":3.0},{"damage":16.0,"enemies":"Snake Plant","floor":21.0,"turns":7.0},{"damage":1.0,"enemies":"Sentry and Sphere","floor":22.0,"turns":9.0},{"damage":48.0,"enemies":"Gremlin Leader","floor":24.0,"turns":7.0},{"damage":7.0,"enemies":"Centurion and Healer","floor":30.0,"turns":8.0},{"damage":11.0,"enemies":"Snecko","floor":31.0,"turns":7.0},{"damage":16,"enemies":"Collector","floor":33,"turns":11},{"damage":26,"enemies":"3 Darklings","floor":35,"turns":4},{"damage":2,"enemies":"3 Shapes","floor":36,"turns":4},{"damage":1,"enemies":"Sphere and 2 Shapes","floor":38,"turns":6},{"damage":0,"enemies":"Maw","floor":39,"turns":10},{"damage":2,"enemies":"Spire Growth","floor":41,"turns":8},{"damage":0,"enemies":"Sphere and 2 Shapes","floor":45,"turns":8},{"damage":32,"enemies":"2 Orb Walkers","floor":47,"turns":6},{"damage":4,"enemies":"Writhing Mass","floor":48,"turns":7},{"damage":0,"enemies":"Time Eater","floor":50,"turns":16}],"seed_played":"-3350366800360805716","potions_obtained":[{"floor":1.0,"key":"SmokeBomb"},{"floor":3.0,"key":"LiquidBronze"},{"floor":16.0,"key":"SteroidPotion"},{"floor":21.0,"key":"Regen Potion"},{"floor":24.0,"key":"Regen Potion"},{"floor":31.0,"key":"Block Potion"},{"floor":39,"key":"Block Potion"},{"floor":41,"key":"FairyPotion"},{"floor":47,"key":"SkillPotion"},{"floor":48,"key":"Swift Potion"}],"is_trial":false,"path_per_floor":["M","M","M","M","M","R","E","R","T","?","M","M","M","$","R","B",null,"M","?","M","M","M","R","E","R","T","$","$","?","M","M","R","B",null,"M","M","$","M","M","R","M","R","T","$","M","R","?","M","R","B"],"character_chosen":"DEFECT","items_purchased":["Membership Card","Electrodynamics+1","Leap","Consume","DollysMirror","Defragment+1","Go for the Eyes","Magnetism+1"],"campfire_rested":3,"item_purchase_floors":[14,14,14,37,37,44,44,44],"current_hp_per_floor":[68,68,68,45,42,42,30,55,55,55,62,56,58,58,58,30,71,78,78,57,48,69,69,21,46,46,46,46,42,42,38,38,36,41,22,27,27,33,40,40,42,42,42,42,42,42,24,27,39,39],"gold":221,"neow_bonus":"THREE_ENEMY_KILL","is_prod":false,"is_daily":false,"chose_seed":false,"campfire_upgraded":7,"win_rate":0,"timestamp":1540326491,"path_taken":["M","M","M","M","M","R","E","R","T","?","M","?","M","$","R","BOSS","M","?","M","?","M","R","E","R","T","?","$","?","M","M","R","BOSS","M","M","$","M","M","R","M","R","T","$","M","R","?","?","R","BOSS"],"build_version":"2018-10-18","purchased_purges":0,"victory":true,"max_hp_per_floor":[75,75,75,75,75,75,85,85,85,85,85,85,85,85,85,85,85,85,85,85,85,85,85,85,85,85,85,85,42,42,42,42,42,42,42,42,42,42,42,42,42,42,42,42,42,42,42,42,42,42],"card_choices":[{"not_picked":["Reprogram","Conserve Battery"],"picked":"White Noise","floor":1.0},{"not_picked":["Redo","Streamline"],"picked":"Compile Driver","floor":2.0},{"not_picked":["Skim","Hologram"],"picked":"Self Repair","floor":3.0},{"not_picked":["Stack","Redo"],"picked":"Steam","floor":4.0},{"not_picked":["Beam Cell","Undo"],"picked":"BootSequence","floor":5.0},{"not_picked":["Stack","Reboot"],"picked":"Coolheaded","floor":7.0},{"not_picked":["Doom and Gloom","Beam Cell"],"picked":"Auto Shields","floor":11.0},{"not_picked":["Streamline","Conserve Battery"],"picked":"Glacier","floor":12.0},{"not_picked":["Skim","Turbo","Streamline"],"picked":"SKIP","floor":13.0},{"not_picked":["All For One","Seek"],"picked":"Core Surge","floor":16.0},{"not_picked":["Sweeping Beam","Self Repair+1"],"picked":"Capacitor+1","floor":18.0},{"not_picked":["Scrape","Turbo+1","Self Repair+1"],"picked":"SKIP","floor":20.0},{"not_picked":["BootSequence+1","Beam Cell"],"picked":"Hologram+1","floor":21.0},{"not_picked":["Self Repair+1","Rebound"],"picked":"Barrage","floor":22.0},{"not_picked":["Sunder+1","Steam"],"picked":"Conserve Battery","floor":24.0},{"not_picked":["Rainbow","Redo+1"],"picked":"Coolheaded","floor":30.0},{"not_picked":["Gash","Blizzard"],"picked":"Chill","floor":31.0},{"not_picked":["Meteor Strike","All For One"],"picked":"Seek","floor":33},{"not_picked":["Gash+1","Streamline"],"picked":"Coolheaded","floor":35},{"not_picked":["Scrape","Sweeping Beam"],"picked":"Heatsinks+1","floor":36},{"not_picked":["Melter+1","Beam Cell+1","Leap"],"picked":"SKIP","floor":38},{"not_picked":["Turbo+1","Ball Lightning+1"],"picked":"Reboot","floor":39},{"not_picked":["Cold Snap+1","Hologram","Chaos"],"picked":"SKIP","floor":41},{"not_picked":["Hello World+1","Redo","Conserve Battery"],"picked":"SKIP","floor":45},{"not_picked":["Multi-Cast","Hologram+1"],"picked":"Turbo+1","floor":47},{"not_picked":["Sweeping Beam+1","Hologram"],"picked":"Blizzard","floor":48}],"player_experience":1180824,"relics_obtained":[{"floor":7.0,"key":"Pear"},{"floor":9.0,"key":"Frozen Egg 2"},{"floor":24.0,"key":"WingedGreaves"},{"floor":26.0,"key":"Happy Flower"},{"floor":43,"key":"Ice Cream"},{"floor":47,"key":"Pocketwatch"}],"event_choices":[{"cards_removed":["Strike_B"],"damage_healed":0.0,"max_hp_gain":0.0,"max_hp_loss":0.0,"gold_gain":0.0,"event_name":"Purifier","player_choice":"Purged","floor":10.0,"gold_loss":0.0,"damage_taken":0.0},{"cards_removed":["Defend_B"],"damage_healed":0.0,"max_hp_gain":0.0,"max_hp_loss":0.0,"gold_gain":0.0,"event_name":"Purifier","player_choice":"Purged","floor":19.0,"gold_loss":0.0,"damage_taken":0.0},{"damage_healed":0.0,"max_hp_gain":0.0,"max_hp_loss":43.0,"gold_gain":0.0,"event_name":"Ghosts","player_choice":"Became a Ghost","floor":29.0,"gold_loss":0.0,"damage_taken":0.0,"cards_obtained":["Ghostly","Ghostly","Ghostly","Ghostly","Ghostly"]},{"damage_healed":0,"gold_gain":0,"player_choice":"Fight","damage_taken":0,"max_hp_gain":0,"max_hp_loss":0,"event_name":"Mysterious Sphere","floor":47,"gold_loss":0}],"is_beta":false,"boss_relics":[{"not_picked":["Lizard Tail","Empty Cage"],"picked":"Astrolabe"},{"not_picked":["Black Star","Eternal Feather"],"picked":"Inserter"}],"items_purged_floors":[],"is_endless":false,"potions_floor_spawned":[1,3,4,11,12,13,16,18,21,24,31,39,41,47,48],"ascension_level":11}