{"gold_per_floor":[112,142,67,84,84,111,111,140,208,208,228,245,245,245,245,245],"floor_reached":16,"playtime":395,"items_purged":["Strike_B"],"score":266,"play_id":"c1de5506-bf0a-4911-8ff9-9c5fe66f075f","local_time":"20181118095338","is_ascension_mode":true,"campfire_choices":[{"data":"Zap","floor":7,"key":"SMITH"},{"data":"Loop","floor":13,"key":"SMITH"},{"data":"Strike_B","floor":15,"key":"PURGE"}],"neow_cost":"NONE","seed_source_timestamp":779370417435427,"circlet_count":0,"master_deck":["AscendersBane","Strike_B+1","Strike_B","Defend_B+1","Defend_B","Defend_B","Defend_B","Zap+1","Dualcast","Loop+1","Undo","Conserve Battery","Auto Shields","Steam+1","Core Surge"],"relics":["Cracked Core","NeowsBlessing","Tiny Chest","Happy Flower","Singing Bowl","Toxic Egg 2","Gambling Chip","Peace Pipe"],"potions_floor_usage":[8,16],"damage_taken":[{"damage":0,"enemies":"2 Louse","floor":1,"turns":1},{"damage":0,"enemies":"Cultist","floor":4,"turns":1},{"damage":0,"enemies":"Gremlin Nob","floor":6,"turns":1},{"damage":13,"enemies":"3 Sentries","floor":8,"turns":7},{"damage":1,"enemies":"Jaw Worm","floor":11,"turns":3},{"damage":2,"enemies":"Exordium Wildlife","floor":12,"turns":4},{"damage":19,"enemies":"Slime Boss","floor":16,"turns":10}],"seed_played":"7283089036296364688","potions_obtained":[{"floor":1,"key":"Swift Potion"},{"floor":4,"key":"Fire Potion"},{"floor":12,"key":"SkillPotion"}],"is_trial":false,"path_per_floor":["M","?","$","M","?","E","R","E","T","T","M","M","R","T","R","B"],"character_chosen":"DEFECT","items_purchased":[],"campfire_rested":0,"item_purchase_floors":[],"current_hp_per_floor":[64,64,64,64,43,43,43,30,30,30,29,27,27,27,27,8],"gold":245,"neow_bonus":"THREE_ENEMY_KILL","is_prod":false,"is_daily":false,"chose_seed":false,"campfire_upgraded":2,"win_rate":0,"timestamp":1542563618,"path_taken":["M","?","$","?","?","E","R","E","T","?","M","M","R","?","R","BOSS"],"build_version":"2018-11-15","purchased_purges":1,"victory":false,"max_hp_per_floor":[71,71,71,71,71,71,71,71,71,71,71,71,71,71,71,71],"card_choices":[{"not_picked":["Doom and Gloom","Beam Cell"],"picked":"Loop","floor":1},{"not_picked":["Blizzard","Streamline"],"picked":"Undo","floor":4},{"not_picked":["Darkness","Lockon"],"picked":"Conserve Battery","floor":6},{"not_picked":["Multi-Cast","Go for the Eyes"],"picked":"Auto Shields","floor":8},{"not_picked":["Gash","Rebound"],"picked":"Steam+1","floor":11},{"not_picked":["Redo+1","Gash"],"picked":"Core Surge","floor":12}],"player_experience":946775,"relics_obtained":[{"floor":6,"key":"Happy Flower"},{"floor":8,"key":"Singing Bowl"},{"floor":9,"key":"Toxic Egg 2"},{"floor":10,"key":"Gambling Chip"},{"floor":14,"key":"Peace Pipe"}],"event_choices":[{"damage_healed":0,"gold_gain":0,"player_choice":"Gave Potion","damage_taken":0,"relics_obtained":["Tiny Chest"],"max_hp_gain":0,"max_hp_loss":0,"event_name":"WeMeetAgain","floor":2,"gold_loss":0},{"damage_healed":0,"gold_gain":0,"player_choice":"Entered Light","damage_taken":21,"max_hp_gain":0,"max_hp_loss":0,"event_name":"Shining Light","floor":5,"gold_loss":0,"cards_upgraded":["Strike_B","Defend_B"]}],"is_beta":true,"boss_relics":[],"items_purged_floors":[3],"is_endless":false,"potions_floor_spawned":[1,4,12],"killed_by":"Slime Boss","ascension_level":20}