{"gold_per_floor":[114,114,129,129,144,174,174,204,279,234,249,249,274,289,289,389,389,404,419,434,434,434,434,434,434,484,499,499,147,147,73,73,173,173,188,18,118,118,40,40,40,70,70,70,70,85,85,13,13,13],"floor_reached":50,"playtime":1641,"items_purged":["Strike_B","Defend_B"],"score":672,"play_id":"1179d8e1-b7df-4723-ab6a-f9e33a8456bc","local_time":"20190113165251","daily_mods":["Allstar","Vintage","Terminal"],"is_ascension_mode":false,"campfire_choices":[{"floor":12,"key":"REST"},{"data":"Jack Of All Trades","floor":15,"key":"SMITH"},{"data":"Zap","floor":23,"key":"SMITH"},{"data":"Loop","floor":25,"key":"SMITH"},{"data":"Melter","floor":32,"key":"SMITH"},{"data":"Fission","floor":40,"key":"SMITH"},{"data":"Dualcast","floor":44,"key":"SMITH"},{"data":"Finesse","floor":47,"key":"SMITH"},{"floor":49,"key":"DIG"}],"neow_cost":"","seed_source_timestamp":0,"circlet_count":0,"master_deck":["Strike_B","Strike_B+1","Defend_B+1","Defend_B+1","Defend_B","Zap+1","Dualcast+1","Dramatic Entrance+1","Blind","Jack Of All Trades+1","Dramatic Entrance","Finesse+1","Loop+1","Electrodynamics","Seek","Buffer+1","Melter+1","Heatsinks+1","Fission+1","Storm+1","Loop+1","Buffer+1","Storm+1","Madness","Madness","Rip and Tear+1","Loop+1"],"special_seed":17909,"relics":["Cracked Core","Bronze Scales","Anchor","Symbiotic Virus","Ornamental Fan","Omamori","Sundial","Matryoshka","War Paint","Vajra","Whetstone","Mango","Nuclear Battery","Dodecahedron","Oddly Smooth Stone","Blood Vial","Frozen Egg 2","Ancient Tea Set","Pen Nib","Juzu Bracelet","Enchiridion","Lizard Tail","Calipers","Shovel","Gremlin Horn","Bottled Lightning","Singing Bowl","Strawberry"],"potions_floor_usage":[8,8,33,33,50],"damage_taken":[{"damage":0,"enemies":"Small Slimes","floor":1,"turns":2},{"damage":0,"enemies":"Cultist","floor":3,"turns":2},{"damage":0,"enemies":"2 Louse","floor":5,"turns":2},{"damage":1,"enemies":"3 Sentries","floor":6,"turns":6},{"damage":13,"enemies":"Lagavulin","floor":8,"turns":5},{"damage":0,"enemies":"Gremlin Gang","floor":11,"turns":2},{"damage":0,"enemies":"2 Fungi Beasts","floor":14,"turns":1},{"damage":0,"enemies":"Slime Boss","floor":16,"turns":4},{"damage":0,"enemies":"2 Thieves","floor":18,"turns":2},{"damage":0,"enemies":"3 Byrds","floor":19,"turns":2},{"damage":6,"enemies":"Snake Plant","floor":20,"turns":3},{"damage":0,"enemies":"Cultist and Chosen","floor":27,"turns":4},{"damage":0,"enemies":"Champ","floor":33,"turns":8},{"damage":0,"enemies":"3 Shapes","floor":35,"turns":2},{"damage":0,"enemies":"Mind Bloom Boss Battle","floor":37,"turns":6},{"damage":0,"enemies":"Giant Head","floor":42,"turns":6},{"damage":0,"enemies":"3 Darklings","floor":46,"turns":2},{"damage":78,"enemies":"Awakened One","floor":50,"turns":9}],"seed_played":"-9145318416937267474","potions_obtained":[{"floor":3,"key":"Poison Potion"},{"floor":6,"key":"Strength Potion"},{"floor":14,"key":"Energy Potion"},{"floor":19,"key":"Weak Potion"},{"floor":30,"key":"FocusPotion"},{"floor":33,"key":"EssenceOfSteel"}],"is_trial":false,"path_per_floor":["M","?","M","?","M","E","?","E","T","?","M","R","T","M","R","B",null,"M","M","M","?","?","R","?","R","T","M","?","$","?","$","R","B",null,"M","$","?","?","$","R","?","E","T","R","?","M","R","$","R","B"],"character_chosen":"DEFECT","items_purchased":["Buffer+1","PowerPotion","Melter","Heatsinks+1","Storm+1","Storm+1","Loop+1"],"campfire_rested":1,"item_purchase_floors":[29,29,29,31,36,39,48],"current_hp_per_floor":[73,72,71,70,69,68,43,30,30,30,30,48,48,62,62,62,71,70,69,63,63,63,63,63,63,62,61,45,45,45,45,45,47,54,53,52,51,50,49,48,42,44,44,44,43,42,41,40,46,0],"gold":13,"neow_bonus":"","is_prod":false,"is_daily":true,"chose_seed":false,"campfire_upgraded":7,"win_rate":0,"timestamp":1547394771,"path_taken":["M","?","?","?","?","E","?","E","T","?","M","R","?","M","R","BOSS","M","M","?","?","?","R","?","R","T","?","?","?","?","$","R","BOSS","M","?","?","?","$","R","?","E","T","R","?","M","R","?","R","BOSS"],"build_version":"2019-01-10","purchased_purges":2,"victory":false,"max_hp_per_floor":[73,72,71,70,69,68,67,66,65,64,63,62,61,74,73,72,71,70,69,68,67,66,65,64,63,62,61,60,59,58,57,56,55,54,53,52,51,50,49,48,47,46,45,44,43,42,41,40,46,46],"card_choices":[{"not_picked":["Compile Driver","Rebound"],"picked":"Loop","floor":6},{"not_picked":["Turbo","Creative AI"],"picked":"Electrodynamics","floor":8},{"not_picked":["Reboot","Meteor Strike"],"picked":"Seek","floor":16},{"not_picked":["Reboot","Machine Learning+1"],"picked":"Fission","floor":33},{"not_picked":["Chill+1","Leap"],"picked":"Loop+1","floor":37},{"not_picked":["Aggregate+1","Sweeping Beam"],"picked":"Rip and Tear+1","floor":42}],"player_experience":180235,"relics_obtained":[{"floor":1,"key":"Bronze Scales"},{"floor":3,"key":"Anchor"},{"floor":5,"key":"Symbiotic Virus"},{"floor":6,"key":"Ornamental Fan"},{"floor":8,"key":"Sundial"},{"floor":9,"key":"Matryoshka"},{"floor":11,"key":"War Paint"},{"floor":13,"key":"Vajra"},{"floor":13,"key":"Whetstone"},{"floor":14,"key":"Mango"},{"floor":18,"key":"Dodecahedron"},{"floor":19,"key":"Oddly Smooth Stone"},{"floor":20,"key":"Blood Vial"},{"floor":26,"key":"Ancient Tea Set"},{"floor":26,"key":"Pen Nib"},{"floor":27,"key":"Juzu Bracelet"},{"floor":28,"key":"Enchiridion"},{"floor":35,"key":"Calipers"},{"floor":37,"key":"Shovel"},{"floor":42,"key":"Gremlin Horn"},{"floor":43,"key":"Bottled Lightning"},{"floor":46,"key":"Singing Bowl"},{"floor":49,"key":"Strawberry"}],"event_choices":[{"damage_healed":0,"gold_gain":0,"cards_transformed":["Enlightenment"],"player_choice":"Transformed","damage_taken":0,"max_hp_gain":0,"max_hp_loss":0,"event_name":"Transmorgrifier","floor":2,"gold_loss":0,"cards_obtained":["Finesse"]},{"damage_healed":0,"gold_gain":0,"player_choice":"Full Heal","damage_taken":0,"max_hp_gain":0,"max_hp_loss":0,"event_name":"Wheel of Change","floor":4,"gold_loss":0},{"damage_healed":0,"gold_gain":0,"player_choice":"Success","damage_taken":25,"relics_obtained":["Omamori"],"max_hp_gain":0,"max_hp_loss":0,"event_name":"Scrap Ooze","floor":7,"gold_loss":0},{"damage_healed":0,"gold_gain":0,"player_choice":"Left Gold","damage_taken":0,"max_hp_gain":0,"max_hp_loss":0,"event_name":"World of Goop","floor":10,"gold_loss":45},{"damage_healed":0,"gold_gain":0,"player_choice":"Ignored","damage_taken":0,"max_hp_gain":0,"max_hp_loss":0,"event_name":"Ghosts","floor":21,"gold_loss":0},{"damage_healed":0,"gold_gain":0,"player_choice":"Opened","damage_taken":0,"relics_obtained":["Frozen Egg 2"],"max_hp_gain":0,"max_hp_loss":0,"event_name":"The Mausoleum","floor":22,"gold_loss":0},{"cards_removed":["Strike_B"],"damage_healed":0,"gold_gain":0,"player_choice":"Purged","damage_taken":0,"max_hp_gain":0,"max_hp_loss":0,"event_name":"Purifier","floor":24,"gold_loss":0},{"damage_healed":0,"gold_gain":0,"player_choice":"Obtained Book","damage_taken":16,"max_hp_gain":0,"max_hp_loss":0,"event_name":"Cursed Tome","floor":28,"gold_loss":0},{"damage_healed":0,"gold_gain":0,"player_choice":"Got Potions","damage_taken":0,"max_hp_gain":0,"max_hp_loss":0,"event_name":"Lab","floor":30,"gold_loss":0},{"damage_healed":0,"gold_gain":0,"player_choice":"Fight","damage_taken":0,"max_hp_gain":0,"max_hp_loss":0,"event_name":"MindBloom","floor":37,"gold_loss":0},{"damage_healed":0,"gold_gain":0,"player_choice":"Copied","damage_taken":0,"max_hp_gain":0,"max_hp_loss":0,"event_name":"Duplicator","floor":38,"gold_loss":0,"cards_obtained":["Buffer"]},{"damage_healed":0,"gold_gain":0,"player_choice":"Embrace Madness","damage_taken":6,"max_hp_gain":0,"max_hp_loss":0,"event_name":"Winding Halls","floor":41,"gold_loss":0,"cards_obtained":["Madness","Madness"]},{"damage_healed":0,"gold_gain":0,"player_choice":"Ignored","damage_taken":0,"max_hp_gain":0,"max_hp_loss":0,"event_name":"Tomb of Lord Red Mask","floor":45,"gold_loss":0}],"is_beta":true,"boss_relics":[{"not_picked":["Busted Crown","Philosopher\u0027s Stone"],"picked":"Nuclear Battery"},{"not_picked":["Runic Pyramid","Coffee Dripper"],"picked":"Lizard Tail"}],"items_purged_floors":[29,36],"is_endless":false,"potions_floor_spawned":[3,6,14,19,33],"killed_by":"Awakened One","ascension_level":0}