{"path_per_floor":["M","$","?","M","?","E","R","?","T","$","M","?"],"character_chosen":"DEFECT","items_purchased":["Genetic Algorithm"],"gold_per_floor":[112,37,37,57,57,82,82,102,102,102,120,120,120],"floor_reached":13,"campfire_rested":0,"playtime":266,"item_purchase_floors":[2],"current_hp_per_floor":[75,75,68,58,58,41,41,25,25,25,18,18,0],"items_purged":[],"gold":120,"score":81,"play_id":"0f72cf7e-4ddf-434b-9da1-514305b3b65e","local_time":"20180603212257","is_prod":false,"is_daily":false,"chose_seed":false,"is_ascension_mode":false,"campfire_upgraded":1,"win_rate":0.0,"timestamp":1528024977,"campfire_choices":[{"data":"Genetic Algorithm","floor":7,"key":"SMITH"}],"path_taken":["M","$","?","M","?","E","R","?","T","?","M","?","E"],"build_version":"2018-05-31","seed_source_timestamp":33942295083796,"purchased_purges":0,"victory":false,"master_deck":["Strike_B","Strike_B","Strike_B","Defend_B","Defend_B","Defend_B","Defend_B","Zap","Dualcast","Rebound","Ball Lightning","Genetic Algorithm+1","Ball Lightning","White Noise+1","Melter","Fusion"],"max_hp_per_floor":[75,75,75,75,75,85,85,85,85,85,85,85,85],"relics":["Cracked Core","Art of War","Pear","Odd Mushroom","Letter Opener"],"card_choices":[{"not_picked":["BootSequence","Turbo"],"picked":"Rebound","floor":0},{"not_picked":["Cold Snap","Stack"],"picked":"Ball Lightning","floor":1},{"not_picked":["Coolheaded","Streamline"],"picked":"Ball Lightning","floor":4},{"not_picked":["Compile Driver","BootSequence"],"picked":"White Noise","floor":6},{"not_picked":["Gash","Compile Driver"],"picked":"Melter","floor":8},{"not_picked":["Turbo","Go for the Eyes"],"picked":"Fusion","floor":11}],"player_experience":298046,"potions_floor_usage":[13],"damage_taken":[{"damage":0,"enemies":"Small Slimes","floor":1,"turns":2},{"damage":10,"enemies":"Jaw Worm","floor":4,"turns":2},{"damage":27,"enemies":"Gremlin Nob","floor":6,"turns":4},{"damage":16,"enemies":"The Mushroom Lair","floor":8,"turns":4},{"damage":7,"enemies":"2 Louse","floor":11,"turns":2},{"damage":23,"enemies":"Lagavulin","floor":13,"turns":5}],"relics_obtained":[{"floor":6,"key":"Pear"},{"floor":8,"key":"Odd Mushroom"},{"floor":9,"key":"Letter Opener"}],"event_choices":[{"event_name":"Golden Wing","player_choice":"Card Removal","floor":3,"damage_taken":0},{"event_name":"Wheel of Change","player_choice":"Relic","floor":5,"damage_taken":0},{"event_name":"Mushrooms","player_choice":"Fought Mushrooms","floor":8,"damage_taken":0},{"event_name":"Upgrade Shrine","player_choice":"Upgraded","floor":12,"damage_taken":0}],"boss_relics":[],"items_purged_floors":[],"potions_floor_spawned":[8],"seed_played":"4109937627902549692","killed_by":"Lagavulin","ascension_level":0,"potions_obtained":[{"floor":8,"key":"PowerPotion"}],"is_trial":false}