{"gold_per_floor":[113,4,79,91,91,91,102,117,169,28,40,65,81,112,112,216,216,234,249,159,14,31,59,59,87,87,101,200,232,248,0,0,95,95,108,122,39,51,51],"floor_reached":39,"playtime":1764,"items_purged":["Strike_B","Strike_B"],"score":476,"play_id":"34d84192-2a32-4033-8c53-41c4e87b0ec4","local_time":"20190203165008","is_ascension_mode":true,"campfire_choices":[{"data":"Zap","floor":6,"key":"SMITH"},{"data":"Defragment","floor":15,"key":"SMITH"},{"data":"Streamline","floor":24,"key":"SMITH"},{"floor":32,"key":"REST"}],"neow_cost":"TEN_PERCENT_HP_LOSS","seed_source_timestamp":453021236299464,"circlet_count":0,"master_deck":["Defend_B+1","Defend_B","Zap+1","Capacitor","Self Repair","Gash","White Noise+1","FTL","Streamline+1","Electrodynamics","Defragment+1","Echo Form+1","Defragment","Gash","Glacier","Echo Form","Streamline+1","Capacitor","Conserve Battery","Parasite","FTL+1"],"relics":["Cracked Core","Blood Vial","Bronze Scales","Happy Flower","War Paint","Empty Cage","DataDisk","Pantograph","Dead Branch","Bottled Flame","Potion Belt","Nuclear Battery"],"potions_floor_usage":[12,16,16,23,23,30,33],"damage_taken":[{"damage":2,"enemies":"2 Louse","floor":1,"turns":2},{"damage":0,"enemies":"Jaw Worm","floor":4,"turns":5},{"damage":1,"enemies":"Cultist","floor":7,"turns":3},{"damage":6,"enemies":"2 Fungi Beasts","floor":8,"turns":3},{"damage":16,"enemies":"Lots of Slimes","floor":11,"turns":3},{"damage":11,"enemies":"Lagavulin","floor":12,"turns":5},{"damage":12,"enemies":"Exordium Wildlife","floor":13,"turns":2},{"damage":9,"enemies":"3 Sentries","floor":14,"turns":2},{"damage":27,"enemies":"Hexaghost","floor":16,"turns":5},{"damage":35,"enemies":"2 Thieves","floor":18,"turns":3},{"damage":2,"enemies":"Chosen","floor":19,"turns":4},{"damage":9,"enemies":"Sentry and Sphere","floor":22,"turns":3},{"damage":10,"enemies":"Book of Stabbing","floor":23,"turns":4},{"damage":46,"enemies":"Slavers","floor":25,"turns":3},{"damage":4,"enemies":"3 Cultists","floor":27,"turns":3},{"damage":19,"enemies":"Gremlin Leader","floor":29,"turns":5},{"damage":19,"enemies":"Snecko","floor":30,"turns":4},{"damage":37,"enemies":"Champ","floor":33,"turns":10},{"damage":8,"enemies":"3 Shapes","floor":35,"turns":3},{"damage":43,"enemies":"3 Darklings","floor":36,"turns":3},{"damage":25,"enemies":"Writhing Mass","floor":38,"turns":4},{"damage":16,"enemies":"4 Shapes","floor":39,"turns":2}],"seed_played":"1736042365982487652","potions_obtained":[{"floor":1,"key":"Regen Potion"},{"floor":7,"key":"AttackPotion"},{"floor":8,"key":"Weak Potion"},{"floor":12,"key":"Strength Potion"},{"floor":18,"key":"Energy Potion"},{"floor":19,"key":"Weak Potion"},{"floor":29,"key":"FearPotion"},{"floor":30,"key":"EssenceOfSteel"},{"floor":36,"key":"Weak Potion"}],"is_trial":false,"path_per_floor":["M","$","?","M","?","R","M","M","T","$","M","E","M","E","R","B",null,"M","M","?","$","M","E","R","E","T","M","?","E","M","?","R","B",null,"M","M","$","M","M"],"character_chosen":"DEFECT","items_purchased":["Self Repair","FTL","DataDisk","Capacitor","Conserve Battery"],"campfire_rested":1,"item_purchase_floors":[2,10,21,37,37],"current_hp_per_floor":[66,66,55,62,62,62,68,68,68,68,59,57,54,47,47,29,68,47,54,54,54,54,60,60,23,23,28,28,18,1,1,21,18,68,67,25,25,9,0],"gold":51,"neow_bonus":"REMOVE_TWO","is_prod":false,"is_daily":false,"chose_seed":false,"campfire_upgraded":3,"win_rate":0,"timestamp":1549173008,"path_taken":["M","$","?","M","?","R","M","M","T","$","M","E","?","E","R","BOSS","M","M","?","$","M","E","R","E","T","?","?","E","M","?","R","BOSS","M","M","$","M","M"],"build_version":"2019-01-23","purchased_purges":2,"victory":false,"max_hp_per_floor":[68,68,68,68,68,68,68,68,68,68,68,68,68,68,68,68,68,68,68,68,68,68,68,68,68,68,68,68,68,68,68,68,68,68,68,68,68,68,68],"card_choices":[{"not_picked":["Go for the Eyes","Streamline"],"picked":"Capacitor","floor":1},{"not_picked":["Stack","Chill"],"picked":"Gash","floor":4},{"not_picked":["Ball Lightning","Streamline"],"picked":"White Noise","floor":7},{"not_picked":["Stack","Turbo","Go for the Eyes"],"picked":"SKIP","floor":8},{"not_picked":["Steam","Fusion"],"picked":"Streamline","floor":11},{"not_picked":["Consume","Chaos"],"picked":"Electrodynamics","floor":12},{"not_picked":["Cold Snap","Hologram"],"picked":"Defragment","floor":13},{"not_picked":["Turbo","Steam","Go for the Eyes"],"picked":"SKIP","floor":14},{"not_picked":["Core Surge","Multi-Cast"],"picked":"Echo Form","floor":16},{"not_picked":["Steam Power","Turbo"],"picked":"Defragment","floor":18},{"not_picked":["Consume+1","Steam","Conserve Battery"],"picked":"SKIP","floor":19},{"not_picked":["Turbo","Go for the Eyes+1","Leap+1"],"picked":"SKIP","floor":22},{"not_picked":["Redo+1","Go for the Eyes"],"picked":"Gash","floor":23},{"not_picked":["Multi-Cast","Blizzard","Beam Cell"],"picked":"SKIP","floor":25},{"not_picked":["Turbo","Cold Snap+1"],"picked":"Glacier","floor":27},{"not_picked":["Ball Lightning","Sweeping Beam","Rebound"],"picked":"SKIP","floor":29},{"not_picked":["Sunder","Coolheaded","Ball Lightning"],"picked":"SKIP","floor":30},{"not_picked":["Multi-Cast","Thunder Strike"],"picked":"Echo Form","floor":33},{"not_picked":["Beam Cell","Leap+1"],"picked":"Streamline+1","floor":35},{"not_picked":["Heatsinks","Turbo","Chaos"],"picked":"SKIP","floor":36},{"not_picked":["Steam Power","Ball Lightning+1"],"picked":"FTL+1","floor":38}],"player_experience":1231520,"relics_obtained":[{"floor":9,"key":"Bronze Scales"},{"floor":12,"key":"Happy Flower"},{"floor":14,"key":"War Paint"},{"floor":23,"key":"Pantograph"},{"floor":25,"key":"Dead Branch"},{"floor":26,"key":"Bottled Flame"},{"floor":29,"key":"Potion Belt"}],"event_choices":[{"damage_healed":0,"gold_gain":75,"player_choice":"Gather Gold","damage_taken":11,"max_hp_gain":0,"max_hp_loss":0,"event_name":"World of Goop","floor":3,"gold_loss":0},{"damage_healed":0,"gold_gain":0,"player_choice":"Gave Potion","damage_taken":0,"relics_obtained":["Blood Vial"],"max_hp_gain":0,"max_hp_loss":0,"event_name":"WeMeetAgain","floor":5,"gold_loss":0},{"cards_removed":["Dualcast"],"damage_healed":0,"gold_gain":0,"player_choice":"Upgrade and Remove","damage_taken":0,"max_hp_gain":0,"max_hp_loss":0,"event_name":"Designer","floor":20,"gold_loss":90,"cards_upgraded":["Echo Form"]},{"damage_healed":0,"gold_gain":99,"player_choice":"Stole From Cult","damage_taken":0,"max_hp_gain":0,"max_hp_loss":0,"event_name":"Nest","floor":28,"gold_loss":0},{"damage_healed":0,"gold_gain":0,"player_choice":"Paid Fearfully","damage_taken":0,"max_hp_gain":0,"max_hp_loss":0,"event_name":"Masked Bandits","floor":31,"gold_loss":248}],"is_beta":true,"boss_relics":[{"not_picked":["Tiny House","Lizard Tail"],"picked":"Empty Cage"},{"not_picked":["Orrery","Pandora\u0027s Box"],"picked":"Nuclear Battery"}],"items_purged_floors":[2,10],"is_endless":false,"potions_floor_spawned":[1,7,8,12,18,19,29,30,36],"killed_by":"4 Shapes","ascension_level":1}