{"gold_per_floor":[359,376,376,123,142,168,168,196,267,285,185,198,227,245,245,342,342,342,137,137,137,137,137,137,137,137,137,137,137,137,50,50,50,50,50,0,0,0,0,0,0,0,0,0,0,0],"floor_reached":46,"playtime":5235,"items_purged":["Normality","Strike_B","Strike_B"],"score":896,"play_id":"fa1e63b5-1bf9-498b-8f25-924e7d0f0127","local_time":"20181115190023","is_ascension_mode":true,"campfire_choices":[{"data":"Zap","floor":7,"key":"SMITH"},{"data":"Chaos","floor":15,"key":"SMITH"},{"data":"Blizzard","floor":24,"key":"SMITH"},{"data":"Coolheaded","floor":27,"key":"SMITH"},{"floor":29,"key":"REST"},{"data":"Chill","floor":32,"key":"SMITH"},{"data":"Fission","floor":41,"key":"SMITH"}],"neow_cost":"CURSE","seed_source_timestamp":98295701162,"circlet_count":0,"master_deck":["AscendersBane","Defend_B+1","Defend_B","Defend_B","Defend_B+1","Zap+1","Dualcast","Go for the Eyes+1","Undo","Cold Snap","Cold Snap","Blizzard","Go for the Eyes","Coolheaded+1","Chaos+1","Buffer","Glacier","Blizzard+1","Coolheaded","Conserve Battery","White Noise","Chill+1","Conserve Battery","Flash of Steel","Undo+1","Go for the Eyes","Fission+1","Parasite"],"relics":["Cracked Core","Pen Nib","Incense Burner","Whetstone","Ornamental Fan","War Paint","Ectoplasm","DataDisk","Oddly Smooth Stone","Peace Pipe","Regal Pillow","Empty Cage","Red Mask","CultistMask","Boot","Bottled Flame","Mercury Hourglass"],"potions_floor_usage":[8,13,23,23,44,45,46],"damage_taken":[{"damage":0,"enemies":"Small Slimes","floor":1,"turns":3},{"damage":0,"enemies":"2 Louse","floor":2,"turns":2},{"damage":1,"enemies":"Cultist","floor":5,"turns":3},{"damage":13,"enemies":"3 Sentries","floor":6,"turns":11},{"damage":8,"enemies":"Gremlin Nob","floor":8,"turns":4},{"damage":4,"enemies":"Gremlin Gang","floor":10,"turns":6},{"damage":1,"enemies":"Red Slaver","floor":12,"turns":3},{"damage":1,"enemies":"3 Sentries","floor":13,"turns":8},{"damage":5,"enemies":"Exordium Wildlife","floor":14,"turns":5},{"damage":10,"enemies":"Hexaghost","floor":16,"turns":13},{"damage":0,"enemies":"3 Byrds","floor":18,"turns":6},{"damage":0,"enemies":"Shell Parasite","floor":21,"turns":6},{"damage":0,"enemies":"Centurion and Healer","floor":22,"turns":9},{"damage":11,"enemies":"Slavers","floor":23,"turns":6},{"damage":10,"enemies":"Book of Stabbing","floor":25,"turns":8},{"damage":24,"enemies":"Gremlin Leader","floor":28,"turns":7},{"damage":0,"enemies":"Chosen and Byrds","floor":30,"turns":7},{"damage":14,"enemies":"Automaton","floor":33,"turns":12},{"damage":10,"enemies":"3 Shapes","floor":35,"turns":8},{"damage":0,"enemies":"Orb Walker","floor":37,"turns":5},{"damage":0,"enemies":"Transient","floor":39,"turns":5},{"damage":16,"enemies":"Reptomancer","floor":40,"turns":10},{"damage":5,"enemies":"Writhing Mass","floor":42,"turns":11},{"damage":29,"enemies":"Giant Head","floor":44,"turns":13},{"damage":0,"enemies":"Jaw Worm Horde","floor":45,"turns":4},{"damage":20,"enemies":"Reptomancer","floor":46,"turns":2}],"seed_played":"-2906906368850765996","potions_obtained":[{"floor":2,"key":"Swift Potion"},{"floor":12,"key":"GamblersBrew"},{"floor":14,"key":"Fire Potion"},{"floor":16,"key":"Strength Potion"},{"floor":22,"key":"Swift Potion"},{"floor":28,"key":"SpeedPotion"},{"floor":35,"key":"SteroidPotion"},{"floor":45,"key":"Poison Potion"}],"is_trial":false,"path_per_floor":["M","M","?","$","M","E","R","E","T","M","$","M","E","M","R","B",null,"M","$","?","M","M","E","R","E","T","R","E","R","M","$","R","B",null,"M","?","M","?","M","E","R","M","T","E","M","E"],"character_chosen":"DEFECT","items_purchased":["Cold Snap","Pen Nib","Blizzard","Flash of Steel"],"campfire_rested":1,"item_purchase_floors":[4,4,19,31],"current_hp_per_floor":[68,68,73,73,72,59,59,51,51,47,47,46,45,40,40,30,68,68,68,68,68,68,57,57,47,47,47,23,62,62,62,62,48,72,62,62,62,62,62,46,46,41,41,12,12,0],"gold":0,"neow_bonus":"TWO_FIFTY_GOLD","is_prod":false,"is_daily":false,"chose_seed":false,"campfire_upgraded":6,"win_rate":0,"timestamp":1542268823,"path_taken":["M","M","?","$","M","E","R","E","T","M","$","M","E","M","R","BOSS","M","$","?","M","?","E","R","E","T","R","E","R","?","?","R","BOSS","M","?","M","?","M","E","R","M","T","E","?","E"],"build_version":"2018-11-06","purchased_purges":3,"victory":false,"max_hp_per_floor":[75,75,80,80,80,80,80,80,80,80,80,80,80,80,80,80,80,80,80,80,80,80,80,80,80,80,80,80,80,80,80,80,80,80,80,80,80,80,80,80,80,80,80,80,80,80],"card_choices":[{"not_picked":["Hologram","Gash"],"picked":"Go for the Eyes","floor":1},{"not_picked":["Beam Cell","Leap"],"picked":"Undo","floor":2},{"not_picked":["Turbo","Heatsinks"],"picked":"Cold Snap","floor":5},{"not_picked":["Sweeping Beam","Go for the Eyes"],"picked":"Blizzard","floor":6},{"not_picked":["Reprogram","Steam","Tempest"],"picked":"SKIP","floor":8},{"not_picked":["Rip and Tear","Loop"],"picked":"Go for the Eyes","floor":10},{"not_picked":["Sweeping Beam","Self Repair"],"picked":"Coolheaded","floor":12},{"not_picked":["Storm","Compile Driver","Scrape"],"picked":"SKIP","floor":13},{"not_picked":["Sunder","Auto Shields"],"picked":"Chaos","floor":14},{"not_picked":["All For One","Amplify"],"picked":"Buffer","floor":16},{"not_picked":["Turbo+1","Barrage"],"picked":"Glacier","floor":18},{"not_picked":["Compile Driver","Doom and Gloom"],"picked":"Coolheaded","floor":21},{"not_picked":["Sweeping Beam+1","Stack"],"picked":"Conserve Battery","floor":22},{"not_picked":["Recycle","Steam Power+1","Coolheaded"],"picked":"SKIP","floor":23},{"not_picked":["Hologram","Rebound"],"picked":"White Noise","floor":25},{"not_picked":["Conserve Battery","Melter"],"picked":"Chill","floor":28},{"not_picked":["Steam Power","Force Field"],"picked":"Conserve Battery","floor":30},{"not_picked":["Coolheaded","Redo","Gash"],"picked":"SKIP","floor":35},{"not_picked":["Barrage","Turbo"],"picked":"Undo+1","floor":37},{"not_picked":["Aggregate","Loop"],"picked":"Go for the Eyes","floor":39},{"not_picked":["Fusion","Cold Snap"],"picked":"Fission","floor":40},{"not_picked":["Leap+1","Go for the Eyes","Sweeping Beam"],"picked":"SKIP","floor":42},{"not_picked":["Beam Cell+1","Static Discharge","Ball Lightning+1"],"picked":"SKIP","floor":44},{"not_picked":["Hello World+1","Double Energy+1","Sweeping Beam"],"picked":"SKIP","floor":45}],"player_experience":803270,"relics_obtained":[{"floor":6,"key":"Incense Burner"},{"floor":8,"key":"Whetstone"},{"floor":9,"key":"Ornamental Fan"},{"floor":13,"key":"War Paint"},{"floor":23,"key":"DataDisk"},{"floor":25,"key":"Oddly Smooth Stone"},{"floor":26,"key":"Peace Pipe"},{"floor":28,"key":"Regal Pillow"},{"floor":40,"key":"Boot"},{"floor":43,"key":"Bottled Flame"},{"floor":44,"key":"Mercury Hourglass"}],"event_choices":[{"damage_healed":0,"gold_gain":0,"player_choice":"Donut","damage_taken":0,"max_hp_gain":5,"max_hp_loss":0,"event_name":"Big Fish","floor":3,"gold_loss":0},{"damage_healed":0,"gold_gain":0,"player_choice":"Bought 0 Potions","damage_taken":0,"max_hp_gain":0,"max_hp_loss":0,"event_name":"The Woman in Blue","floor":20,"gold_loss":0},{"damage_healed":0,"gold_gain":0,"player_choice":"Paid","damage_taken":0,"relics_obtained":["Red Mask"],"max_hp_gain":0,"max_hp_loss":0,"event_name":"Tomb of Lord Red Mask","floor":36,"gold_loss":50},{"damage_healed":0,"gold_gain":0,"player_choice":"Trade","damage_taken":0,"relics_obtained":["CultistMask"],"max_hp_gain":0,"max_hp_loss":0,"event_name":"FaceTrader","floor":38,"gold_loss":0}],"is_beta":true,"boss_relics":[{"not_picked":["Cursed Key","Eternal Feather"],"picked":"Ectoplasm"},{"not_picked":["FrozenCore","Tiny House"],"picked":"Empty Cage"}],"items_purged_floors":[4,11,19],"is_endless":false,"potions_floor_spawned":[2,12,14,16,18,22,28,35,39,45],"killed_by":"Reptomancer","ascension_level":12}