{"gold_per_floor":[110,128,93,93,113,113,143,143,192,192,221,221,239,258,258,360,360,373,373,343,357,58,83,83,34,58,58,77,105,105,135,135,235,235,251,59,72,172,197,197,210,221,247,247,274,131,131,157,157,157,157,157,24,58,58],"floor_reached":55,"playtime":3124,"items_purged":[],"score":1151,"play_id":"9dc7ca0f-d858-4c78-adf2-45d533f38bc8","local_time":"20190113001039","is_ascension_mode":true,"campfire_choices":[{"data":"Sunder","floor":6,"key":"SMITH"},{"data":"Zap","floor":8,"key":"SMITH"},{"floor":10,"key":"REST"},{"floor":15,"key":"REST"},{"data":"Electrodynamics","floor":24,"key":"SMITH"},{"floor":27,"key":"RECALL"},{"floor":30,"key":"REST"},{"floor":32,"key":"REST"},{"data":"Panache","floor":40,"key":"SMITH"},{"floor":49,"key":"REST"},{"floor":52,"key":"REST"}],"neow_cost":"NONE","seed_source_timestamp":2172701412546582,"circlet_count":0,"master_deck":["Strike_B","Strike_B","Strike_B","Strike_B","Defend_B","Defend_B","Defend_B","Defend_B","Zap+1","Dualcast+1","Capacitor","Steam","Sunder+1","Chaos+1","Steam","Coolheaded","Beam Cell","Defragment","Electrodynamics+1","Conserve Battery+1","Doom and Gloom","Glacier","Redo+1","Force Field+1","Thunder Strike","Panache+1","Capacitor","Capacitor+1","Consume+1","Skim"],"relics":["Cracked Core","War Paint","Oddly Smooth Stone","Thread and Needle","Velvet Choker","Mango","DataDisk","Vajra","Pantograph","Matryoshka","Philosopher\u0027s Stone","Gambling Chip","Smiling Mask","Orichalcum","Juzu Bracelet","Bottled Flame","Lantern","Blue Candle","Potion Belt","Strawberry"],"potions_floor_usage":[16,16,23,23,23,29,33,33,50,50,50,54,55],"damage_taken":[{"damage":0,"enemies":"Small Slimes","floor":1,"turns":3},{"damage":2,"enemies":"Jaw Worm","floor":2,"turns":3},{"damage":6,"enemies":"Cultist","floor":5,"turns":3},{"damage":24,"enemies":"Lagavulin","floor":7,"turns":5},{"damage":25,"enemies":"3 Sentries","floor":11,"turns":7},{"damage":0,"enemies":"2 Fungi Beasts","floor":13,"turns":2},{"damage":0,"enemies":"Lots of Slimes","floor":14,"turns":4},{"damage":26,"enemies":"Hexaghost","floor":16,"turns":10},{"damage":32,"enemies":"Shell Parasite","floor":18,"turns":5},{"damage":2,"enemies":"2 Thieves","floor":21,"turns":4},{"damage":21,"enemies":"Gremlin Leader","floor":23,"turns":5},{"damage":10,"enemies":"Shelled Parasite and Fungi","floor":28,"turns":6},{"damage":13,"enemies":"Book of Stabbing","floor":29,"turns":4},{"damage":11,"enemies":"Gremlin Leader","floor":31,"turns":6},{"damage":0,"enemies":"Champ","floor":33,"turns":11},{"damage":0,"enemies":"Orb Walker","floor":35,"turns":3},{"damage":3,"enemies":"3 Shapes","floor":37,"turns":4},{"damage":0,"enemies":"Mind Bloom Boss Battle","floor":38,"turns":7},{"damage":1,"enemies":"Sphere and 2 Shapes","floor":41,"turns":5},{"damage":10,"enemies":"4 Shapes","floor":42,"turns":3},{"damage":42,"enemies":"Nemesis","floor":45,"turns":7},{"damage":67,"enemies":"Awakened One","floor":50,"turns":16},{"damage":66,"enemies":"Shield and Spear","floor":54,"turns":8},{"damage":107,"enemies":"The Heart","floor":55,"turns":3}],"seed_played":"-1013683632595740641","potions_obtained":[{"floor":2,"key":"Strength Potion"},{"floor":7,"key":"Energy Potion"},{"floor":11,"key":"EssenceOfSteel"},{"floor":16,"key":"Explosive Potion"},{"floor":18,"key":"SkillPotion"},{"floor":20,"key":"AttackPotion"},{"floor":20,"key":"Strength Potion"},{"floor":21,"key":"EssenceOfSteel"},{"floor":28,"key":"SpeedPotion"},{"floor":29,"key":"SpeedPotion"},{"floor":33,"key":"Regen Potion"},{"floor":35,"key":"FearPotion"},{"floor":38,"key":"AttackPotion"},{"floor":45,"key":"Dexterity Potion"}],"is_trial":false,"path_per_floor":["M","M","$","?","M","R","E","R","T","R","E","?","M","M","R","B",null,"M","?","?","M","$","E","R","$","T","R","M","E","R","E","R","B",null,"M","$","M","?","T","R","M","M","T","?","E","$","T","T","R","B",null,"R","$","E","B"],"character_chosen":"DEFECT","items_purchased":["Chaos","Mango","AttackPotion","Panache","Lantern","AttackPotion","Strength Potion","Skim"],"campfire_rested":6,"item_purchase_floors":[3,22,25,36,46,53,53,53],"current_hp_per_floor":[68,66,66,66,60,60,36,36,36,58,33,26,26,26,48,22,62,30,55,55,53,67,46,46,46,46,46,36,23,49,38,64,89,89,89,89,86,89,89,89,88,78,78,99,57,57,57,57,86,47,86,99,99,40,0],"gold":58,"neow_bonus":"THREE_CARDS","is_prod":false,"is_daily":false,"chose_seed":false,"campfire_upgraded":4,"win_rate":0,"timestamp":1547356239,"path_taken":["M","M","$","?","M","R","E","R","T","R","E","?","M","M","R","BOSS","M","?","?","M","$","E","R","$","T","R","M","E","R","E","R","BOSS","M","?","M","?","?","R","M","?","T","?","E","$","?","?","R","BOSS","R","$","E","BOSS"],"build_version":"2019-01-10","purchased_purges":0,"victory":false,"max_hp_per_floor":[75,75,75,75,75,75,75,75,75,75,75,75,75,75,75,75,75,75,75,75,75,89,89,89,89,89,89,89,89,89,89,89,89,89,89,89,89,89,89,89,89,89,89,99,99,99,99,99,99,99,99,99,99,106,106],"card_choices":[{"not_picked":["Redo","FTL"],"picked":"Capacitor","floor":0},{"not_picked":["Barrage","Stack"],"picked":"Steam","floor":1},{"not_picked":["Redo","Streamline"],"picked":"Sunder","floor":2},{"not_picked":["Turbo","Genetic Algorithm"],"picked":"Steam","floor":5},{"not_picked":["White Noise","Rip and Tear"],"picked":"Core Surge","floor":7},{"not_picked":["Barrage","Conserve Battery"],"picked":"Coolheaded","floor":11},{"not_picked":["Leap","Capacitor"],"picked":"Beam Cell","floor":13},{"not_picked":["Redo","White Noise"],"picked":"Defragment","floor":14},{"not_picked":["Biased Cognition","Rainbow"],"picked":"Electrodynamics","floor":16},{"not_picked":["Gash+1","Force Field"],"picked":"Conserve Battery+1","floor":18},{"not_picked":["Sunder","Compile Driver"],"picked":"Doom and Gloom","floor":21},{"not_picked":["Sweeping Beam+1","Rip and Tear"],"picked":"Glacier","floor":23},{"not_picked":["Storm","Cold Snap"],"picked":"Redo+1","floor":28},{"not_picked":["Sweeping Beam","Buffer"],"picked":"Force Field+1","floor":29},{"not_picked":["Gash","Aggregate","Conserve Battery"],"picked":"SKIP","floor":31},{"not_picked":["Core Surge","Seek"],"picked":"Thunder Strike","floor":33},{"not_picked":["Sweeping Beam","Undo","Conserve Battery"],"picked":"SKIP","floor":35},{"not_picked":["Steam+1","Steam Power","Chaos+1"],"picked":"SKIP","floor":37},{"not_picked":["Rebound","Go for the Eyes"],"picked":"Capacitor","floor":38},{"not_picked":["Turbo","Self Repair"],"picked":"Capacitor+1","floor":41},{"not_picked":["Cold Snap+1","Stack","Amplify"],"picked":"SKIP","floor":42},{"not_picked":["Genetic Algorithm+1","Reprogram"],"picked":"Consume+1","floor":45},{"not_picked":["Conserve Battery+1","Coolheaded+1","Rip and Tear+1"],"picked":"SKIP","floor":54}],"player_experience":456087,"relics_obtained":[{"floor":7,"key":"War Paint"},{"floor":9,"key":"Oddly Smooth Stone"},{"floor":11,"key":"Thread and Needle"},{"floor":23,"key":"DataDisk"},{"floor":26,"key":"Vajra"},{"floor":29,"key":"Pantograph"},{"floor":31,"key":"Matryoshka"},{"floor":38,"key":"Gambling Chip"},{"floor":39,"key":"Smiling Mask"},{"floor":43,"key":"Orichalcum"},{"floor":43,"key":"Juzu Bracelet"},{"floor":45,"key":"Bottled Flame"},{"floor":47,"key":"Blue Candle"},{"floor":48,"key":"Potion Belt"},{"floor":54,"key":"Strawberry"}],"event_choices":[{"damage_healed":0,"gold_gain":0,"player_choice":"Ignored","damage_taken":0,"max_hp_gain":0,"max_hp_loss":0,"event_name":"Liars Game","floor":4,"gold_loss":0},{"damage_healed":0,"gold_gain":0,"player_choice":"Damaged","damage_taken":7,"max_hp_gain":0,"max_hp_loss":0,"event_name":"Wheel of Change","floor":12,"gold_loss":0},{"damage_healed":25,"gold_gain":0,"player_choice":"Heal","damage_taken":0,"max_hp_gain":0,"max_hp_loss":0,"event_name":"The Library","floor":19,"gold_loss":0},{"damage_healed":0,"gold_gain":0,"player_choice":"Bought 2 Potions","damage_taken":0,"max_hp_gain":0,"max_hp_loss":0,"event_name":"The Woman in Blue","floor":20,"gold_loss":0},{"damage_healed":0,"gold_gain":0,"player_choice":"Fight","damage_taken":0,"max_hp_gain":0,"max_hp_loss":0,"event_name":"MindBloom","floor":38,"gold_loss":0},{"cards_removed":["Core Surge"],"damage_healed":11,"gold_gain":0,"player_choice":"Offered Rare","damage_taken":0,"max_hp_gain":10,"max_hp_loss":0,"event_name":"Bonfire Elementals","floor":44,"gold_loss":0}],"is_beta":false,"boss_relics":[{"not_picked":["Fusion Hammer","Empty Cage"],"picked":"Velvet Choker"},{"not_picked":["Coffee Dripper","Lizard Tail"],"picked":"Philosopher\u0027s Stone"}],"items_purged_floors":[],"is_endless":false,"potions_floor_spawned":[2,7,11,16,18,21,28,29,33,35,38,42,45],"killed_by":"The Heart","ascension_level":9}