{"path_per_floor":["M","M","M","?","M","R","E","R","T","?","?","M","R","M","R","B",null,"M","?","$","?","M","R","M","R","T","R","M","$"],"character_chosen":"THE_SILENT","items_purchased":[],"gold_per_floor":[113,127,147,97,67,67,98,98,149,149,149,161,161,174,174,251,251,261,211,136,136,156,156,175,175,175,175,185,85,85],"floor_reached":30,"campfire_rested":3,"playtime":2218,"item_purchase_floors":[],"current_hp_per_floor":[60,60,60,60,60,60,2,23,23,23,23,26,26,13,35,7,58,38,38,38,38,38,38,18,40,40,40,3,3,0],"items_purged":["Strike_G","Strike_G"],"gold":85,"score":376,"play_id":"b9f635d5-1ca4-4b30-ab9e-8b3d41609033","local_time":"20180608154944","is_prod":false,"is_daily":false,"chose_seed":false,"is_ascension_mode":true,"campfire_upgraded":4,"win_rate":0,"timestamp":1528498184,"campfire_choices":[{"data":"Blur","floor":6.0,"key":"SMITH"},{"floor":8.0,"key":"REST"},{"data":"Predator","floor":13.0,"key":"SMITH"},{"floor":15.0,"key":"REST"},{"data":"Finisher","floor":23,"key":"SMITH"},{"floor":25,"key":"REST"},{"data":"Glass Knife","floor":27,"key":"SMITH"}],"path_taken":["M","M","M","?","M","R","E","R","T","?","?","M","R","M","R","BOSS","M","?","$","?","M","R","M","R","T","R","M","$","?"],"build_version":"2018-06-07v3","seed_source_timestamp":0,"purchased_purges":2,"victory":false,"master_deck":["Defend_G","Defend_G","Defend_G","Defend_G","Defend_G","Strike_G","Survivor","Neutralize+1","AscendersBane","Blur+1","Escape Plan","Dagger Throw","Dagger Spray","Predator+1","Sucker Punch","PiercingWail","Glass Knife+1","Finisher+1","Bane","Poisoned Stab","Noxious Fumes","Dodge and Roll","Blur"],"max_hp_per_floor":[70,70,70,70,70,70,70,70,70,70,70,75,75,75,75,75,75,75,75,75,75,75,75,75,75,75,75,75,75,75],"relics":["Ring of the Snake","Dream Catcher","Boot","Cursed Key"],"card_choices":[{"not_picked":["Backflip","Outmaneuver"],"picked":"Blur","floor":1.0},{"not_picked":["Choke","Sucker Punch","Slice"],"picked":"SKIP","floor":2.0},{"not_picked":["Sucker Punch","Expertise"],"picked":"Escape Plan","floor":3.0},{"not_picked":["Dodge and Roll","Prepared"],"picked":"Dagger Throw","floor":5.0},{"not_picked":["Tactician","Flying Knee","Bouncing Flask"],"picked":"SKIP","floor":7.0},{"not_picked":["Crippling Poison","Deadly Poison"],"picked":"Dagger Spray","floor":8.0},{"not_picked":["PiercingWail","Deadly Poison"],"picked":"Predator","floor":12.0},{"not_picked":["Quick Slash","Catalyst"],"picked":"Sucker Punch","floor":14.0},{"not_picked":["Concentrate","Sucker Punch"],"picked":"PiercingWail","floor":15.0},{"not_picked":["Envenom","Adrenaline"],"picked":"Glass Knife","floor":16},{"not_picked":["Flying Knee","PiercingWail"],"picked":"Finisher","floor":18},{"not_picked":["Setup","Sucker Punch"],"picked":"Poisoned Stab","floor":22},{"not_picked":["Catalyst","Distraction"],"picked":"Noxious Fumes","floor":24},{"not_picked":["Bane","Poisoned Stab"],"picked":"Dodge and Roll","floor":25},{"not_picked":["Deflect","Skewer"],"picked":"Blur","floor":28}],"player_experience":823631,"potions_floor_usage":[16,24],"damage_taken":[{"damage":3.0,"enemies":"Small Slimes","floor":1.0,"turns":5.0},{"damage":0.0,"enemies":"2 Louse","floor":2.0,"turns":3.0},{"damage":0.0,"enemies":"Cultist","floor":3.0,"turns":5.0},{"damage":0.0,"enemies":"Looter","floor":5.0,"turns":4.0},{"damage":58.0,"enemies":"Lagavulin","floor":7.0,"turns":9.0},{"damage":2.0,"enemies":"Exordium Wildlife","floor":12.0,"turns":3.0},{"damage":13.0,"enemies":"Large Slime","floor":14.0,"turns":4.0},{"damage":36,"enemies":"Slime Boss","floor":16,"turns":14},{"damage":20,"enemies":"Shell Parasite","floor":18,"turns":7},{"damage":0,"enemies":"Chosen","floor":22,"turns":3},{"damage":20,"enemies":"3 Cultists","floor":24,"turns":6},{"damage":37,"enemies":"Sentry and Sphere","floor":28,"turns":6}],"relics_obtained":[{"floor":7.0,"key":"Dream Catcher"},{"floor":9.0,"key":"Boot"}],"event_choices":[{"event_name":"The Cleric","player_choice":"Card Removal","floor":4.0,"damage_taken":0.0},{"event_name":"The Lab","player_choice":"Got Potions","floor":10.0,"damage_taken":0.0},{"event_name":"Golden Wing","player_choice":"Ignored","floor":11.0,"damage_taken":0.0},{"event_name":"The Joust","player_choice":"Bet on Murderer","floor":19,"damage_taken":0},{"event_name":"Transmorgrifier","player_choice":"Transform","floor":21,"damage_taken":0}],"boss_relics":[{"not_picked":["Orrery","Eternal Feather"],"picked":"Cursed Key"}],"items_purged_floors":[20,29],"potions_floor_spawned":[3,7,12,14,18,22,24],"seed_played":"2107518476047365963","ascension_level":13,"potions_obtained":[{"floor":3.0,"key":"SpeedPotion"},{"floor":7.0,"key":"FairyPotion"},{"floor":10.0,"key":"Fruit Juice"},{"floor":12.0,"key":"AttackPotion"},{"floor":14.0,"key":"GhostInAJar"},{"floor":18,"key":"GhostInAJar"},{"floor":22,"key":"Fire Potion"},{"floor":24,"key":"Poison Potion"}],"is_trial":false}