{"gold_per_floor":[119,137,16,16,16,49,73,73,119,1,1,35,0,0,0,0],"floor_reached":16,"playtime":586,"items_purged":[],"score":106,"play_id":"ff6a0738-a5ff-4e1d-869c-f065b72e5d8d","local_time":"20180820235140","is_ascension_mode":false,"campfire_choices":[{"data":"Terror","floor":8,"key":"SMITH"},{"data":"Finisher","floor":11,"key":"SMITH"},{"data":"Neutralize","floor":15,"key":"SMITH"}],"neow_cost":"","seed_source_timestamp":14297029707197,"circlet_count":0,"master_deck":["Defend_G","Defend_G","Defend_G","Defend_G","Defend_G","Strike_G","Strike_G","Strike_G","Strike_G","Strike_G","Survivor","Neutralize+1","Slice","Escape Plan","Deflect","Footwork","Injury","Terror+1","Finisher+1","Escape Plan","Sucker Punch+1","Flying Knee"],"relics":["Ring of the Snake","Golden Idol","Boot","MawBank","Meat on the Bone"],"potions_floor_usage":[6],"damage_taken":[{"damage":0,"enemies":"2 Louse","floor":1,"turns":3},{"damage":2,"enemies":"Cultist","floor":2,"turns":4},{"damage":16,"enemies":"3 Sentries","floor":6,"turns":15},{"damage":0,"enemies":"Small Slimes","floor":7,"turns":4},{"damage":6,"enemies":"Lagavulin","floor":12,"turns":5},{"damage":70,"enemies":"Slime Boss","floor":16,"turns":11}],"seed_played":"-4681944057868288114","potions_obtained":[{"floor":1,"key":"Block Potion"}],"is_trial":false,"path_per_floor":["M","M","$","?","?","E","M","R","T","$","R","E","?","?","R"],"character_chosen":"THE_SILENT","items_purchased":["Deflect","Footwork","Escape Plan","Sucker Punch"],"campfire_rested":0,"item_purchase_floors":[3,3,10,10],"current_hp_per_floor":[70,68,68,68,73,57,57,57,57,57,57,51,69,69,69,0],"gold":0,"neow_bonus":"","is_prod":false,"is_daily":false,"chose_seed":false,"campfire_upgraded":3,"win_rate":0.0,"timestamp":1534801900,"path_taken":["M","M","$","?","?","E","?","R","T","?","R","E","?","?","R","BOSS"],"build_version":"2018-08-16","purchased_purges":0,"victory":false,"max_hp_per_floor":[70,70,70,70,75,75,75,75,75,75,75,75,75,75,75,75],"card_choices":[{"not_picked":["All Out Attack","Acrobatics"],"picked":"Slice","floor":1},{"not_picked":["Backflip","Dagger Spray"],"picked":"Escape Plan","floor":2},{"not_picked":["Outmaneuver","Flechettes"],"picked":"Terror","floor":6},{"not_picked":["PiercingWail","Caltrops"],"picked":"Finisher","floor":7},{"not_picked":["Backflip","Masterful Stab"],"picked":"Flying Knee","floor":12}],"player_experience":24518,"relics_obtained":[{"floor":6,"key":"Boot"},{"floor":9,"key":"MawBank"},{"floor":12,"key":"Meat on the Bone"}],"event_choices":[{"event_name":"Golden Idol","player_choice":"Take Wound","floor":4,"damage_taken":0},{"event_name":"Big Fish","player_choice":"Donut","floor":5,"damage_taken":0},{"event_name":"The Cleric","player_choice":"Healed","floor":13,"damage_taken":0},{"event_name":"Living Wall","player_choice":"Grow","floor":14,"damage_taken":0}],"is_beta":true,"boss_relics":[],"items_purged_floors":[],"is_endless":false,"potions_floor_spawned":[1],"killed_by":"Slime Boss","ascension_level":0}