{"gold_per_floor":[210,210,360,123,137,137,170,170,197,197],"floor_reached":10,"playtime":377,"items_purged":["Doubt"],"score":122,"play_id":"827be223-cdb0-4f10-8807-84c4125935d2","local_time":"20181207080349","is_ascension_mode":true,"campfire_choices":[{"data":"Neutralize","floor":6,"key":"SMITH"},{"floor":8,"key":"REST"}],"neow_cost":"NONE","seed_source_timestamp":1866047012414383,"circlet_count":0,"master_deck":["AscendersBane","Defend_G","Defend_G","Defend_G","Defend_G","Defend_G","Strike_G","Strike_G","Strike_G","Strike_G","Strike_G","Survivor","Neutralize+1","Dodge and Roll","Deadly Poison","Backflip","Caltrops","PiercingWail","Bouncing Flask"],"relics":["Ring of the Snake","Sundial","Juzu Bracelet"],"potions_floor_usage":[],"damage_taken":[{"damage":1,"enemies":"Jaw Worm","floor":1,"turns":4},{"damage":5,"enemies":"2 Louse","floor":5,"turns":3},{"damage":45,"enemies":"3 Sentries","floor":7,"turns":12},{"damage":27,"enemies":"3 Sentries","floor":10,"turns":4}],"seed_played":"-2772161652576159913","potions_obtained":[{"floor":7,"key":"GhostInAJar"}],"is_trial":false,"path_per_floor":["M","$","?","$","M","R","E","R","T","?"],"character_chosen":"THE_SILENT","items_purchased":["Deadly Poison","Backflip","Caltrops"],"campfire_rested":1,"item_purchase_floors":[4,4,4],"current_hp_per_floor":[58,58,58,58,53,53,8,27,27,0],"gold":197,"neow_bonus":"HUNDRED_GOLD","is_prod":false,"is_daily":false,"chose_seed":false,"campfire_upgraded":1,"win_rate":0,"timestamp":1544198629,"path_taken":["M","$","?","$","M","R","E","R","T","?"],"build_version":"2018-11-15","purchased_purges":1,"victory":false,"max_hp_per_floor":[66,66,66,66,66,66,66,66,66,66],"card_choices":[{"not_picked":["Expertise","Dagger Throw"],"picked":"Dodge and Roll","floor":1},{"not_picked":["Bane","Prepared"],"picked":"PiercingWail","floor":5},{"not_picked":["Quick Slash","Distraction"],"picked":"Bouncing Flask","floor":7}],"player_experience":1546672,"relics_obtained":[{"floor":7,"key":"Sundial"},{"floor":9,"key":"Juzu Bracelet"}],"event_choices":[{"damage_healed":0,"gold_gain":150,"player_choice":"AGREE","damage_taken":0,"max_hp_gain":0,"max_hp_loss":0,"event_name":"Liars Game","floor":3,"gold_loss":0,"cards_obtained":["Doubt"]},{"damage_healed":0,"gold_gain":0,"player_choice":"Searched \u00271\u0027 times","damage_taken":0,"max_hp_gain":0,"max_hp_loss":0,"event_name":"Dead Adventurer","floor":10,"gold_loss":0}],"is_beta":false,"boss_relics":[],"items_purged_floors":[4],"is_endless":false,"potions_floor_spawned":[7],"killed_by":"3 Sentries","ascension_level":18}