{"path_per_floor":["M","M","?","M","?","R","E","M","T","R","M","R","?","M","R","B",null,"M","?","T","M","?","R"],"character_chosen":"THE_SILENT","items_purchased":[],"gold_per_floor":[217,237,237,256,256,256,291,303,303,303,321,321,321,334,334,436,436,450,450,475,460,460,460,460],"floor_reached":24,"campfire_rested":1,"playtime":1311,"item_purchase_floors":[],"current_hp_per_floor":[56,54,54,53,53,53,24,15,15,36,36,36,53,49,49,16,57,43,43,43,41,41,49,0],"items_purged":[],"gold":460,"score":294,"play_id":"dca1d454-e886-4df9-860c-89fe3176cfa7","local_time":"20180529081945","is_prod":false,"is_daily":false,"chose_seed":false,"is_ascension_mode":true,"campfire_upgraded":4,"win_rate":0,"timestamp":1527607185,"campfire_choices":[{"data":"Bouncing Flask","floor":6,"key":"SMITH"},{"floor":10,"key":"REST"},{"data":"Skewer","floor":12,"key":"SMITH"},{"data":"Backflip","floor":15,"key":"SMITH"},{"data":"Cloak And Dagger","floor":23,"key":"SMITH"}],"path_taken":["M","?","?","M","?","R","E","M","T","R","M","R","?","M","R","BOSS","M","?","?","M","?","R","E"],"build_version":"2018-05-24","seed_source_timestamp":671756818818515,"purchased_purges":0,"victory":false,"master_deck":["Defend_G","Defend_G","Defend_G","Defend_G","Defend_G","Strike_G","Strike_G+1","Strike_G","Strike_G+1","Strike_G","Survivor","Neutralize+1","AscendersBane","Bouncing Flask+1","Skewer+1","Backflip+1","Crippling Poison","Deflect","After Image","Deflect","Well Laid Plans","Cloak And Dagger+1"],"max_hp_per_floor":[70,70,70,70,70,70,70,70,70,70,70,70,70,70,70,70,70,70,70,70,70,70,70,70],"relics":["Ring of the Snake","Omamori","Letter Opener","Eternal Feather","Calipers","Whetstone"],"card_choices":[{"not_picked":["Flechettes","Slice"],"picked":"Bouncing Flask","floor":1},{"not_picked":["Sucker Punch","Calculated Gamble"],"picked":"Skewer","floor":2},{"not_picked":["Flechettes","Poisoned Stab","Flying Knee"],"picked":"SKIP","floor":4},{"not_picked":["Sucker Punch","Bullet Time","Underhanded Strike"],"picked":"SKIP","floor":7},{"not_picked":["Underhanded Strike","Finisher"],"picked":"Backflip","floor":8},{"not_picked":["Reflex","Poisoned Stab"],"picked":"Crippling Poison","floor":11},{"not_picked":["Predator","Dodge and Roll"],"picked":"Deflect","floor":14},{"not_picked":["Burst","Die Die Die"],"picked":"After Image","floor":16},{"not_picked":["Concentrate","Bouncing Flask"],"picked":"Deflect","floor":18},{"not_picked":["Flying Knee","Bane+1"],"picked":"Well Laid Plans","floor":21}],"player_experience":708521,"potions_floor_usage":[16,16,21,21],"damage_taken":[{"damage":7,"enemies":"Cultist","floor":1,"turns":5},{"damage":2,"enemies":"Jaw Worm","floor":2,"turns":4},{"damage":1,"enemies":"Small Slimes","floor":4,"turns":3},{"damage":29,"enemies":"3 Sentries","floor":7,"turns":14},{"damage":9,"enemies":"3 Louse","floor":8,"turns":5},{"damage":0,"enemies":"Blue Slaver","floor":11,"turns":4},{"damage":4,"enemies":"Large Slime","floor":14,"turns":4},{"damage":33,"enemies":"Hexaghost","floor":16,"turns":10},{"damage":14,"enemies":"Spheric Guardian","floor":18,"turns":6},{"damage":2,"enemies":"2 Thieves","floor":21,"turns":4},{"damage":63,"enemies":"Book of Stabbing","floor":24,"turns":8}],"relics_obtained":[{"floor":7,"key":"Omamori"},{"floor":9,"key":"Letter Opener"},{"floor":20,"key":"Whetstone"}],"event_choices":[{"event_name":"Living Wall","player_choice":"Grow","floor":3,"damage_taken":0},{"event_name":"Golden Wing","player_choice":"Ignored","floor":5,"damage_taken":0},{"event_name":"Mushrooms","player_choice":"Healed and dodged fight","floor":13,"damage_taken":0},{"event_name":"The Mausoleum","player_choice":"Yes","floor":19,"damage_taken":0},{"event_name":"The Library","player_choice":"Read","floor":22,"damage_taken":0}],"boss_relics":[{"not_picked":["Calling Bell","White Beast Statue"],"picked":"Eternal Feather"}],"items_purged_floors":[],"potions_floor_spawned":[1,2,7,11,16,21],"seed_played":"-2888799368412477238","killed_by":"Book of Stabbing","ascension_level":10,"potions_obtained":[{"floor":1,"key":"PowerPotion"},{"floor":2,"key":"SneckoOil"},{"floor":7,"key":"SkillPotion"},{"floor":11,"key":"GhostInAJar"},{"floor":16,"key":"SteroidPotion"},{"floor":21,"key":"Ancient Potion"}],"is_trial":false}