{"gold_per_floor":[215,225,300,314,327,88,88,88,88,88,121,121,34,68,68,170,170,184,184,109,49,67,67],"floor_reached":23,"playtime":1791,"items_purged":["Clothesline+1"],"score":197,"play_id":"ff8b184f-8109-47ff-94ed-6b2ff0f4f2ef","local_time":"20180917231116","is_ascension_mode":false,"campfire_choices":[{"data":"Armaments","floor":7,"key":"SMITH"},{"data":"Shrug It Off","floor":10,"key":"SMITH"},{"data":"Clothesline","floor":12,"key":"SMITH"},{"data":"Finesse","floor":15,"key":"SMITH"}],"neow_cost":"NONE","seed_source_timestamp":312182422439753,"circlet_count":0,"master_deck":["Strike_R","Strike_R","Strike_R","Strike_R","Defend_R","Defend_R","Defend_R","Defend_R","Bash","Shrug It Off+1","Clothesline+1","Armaments+1","Carnage+1","Finesse+1","Bloodletting","Reaper+1","Disarm+1","Feel No Pain+1"],"relics":["Black Blood","Molten Egg 2","Mercury Hourglass","Frozen Egg 2","Omamori"],"potions_floor_usage":[4,16,23],"damage_taken":[{"damage":4,"enemies":"Small Slimes","floor":1,"turns":5},{"damage":0,"enemies":"2 Louse","floor":2,"turns":4},{"damage":2,"enemies":"Cultist","floor":4,"turns":4},{"damage":7,"enemies":"3 Louse","floor":5,"turns":4},{"damage":14,"enemies":"Gremlin Nob","floor":11,"turns":4},{"damage":2,"enemies":"Lagavulin","floor":14,"turns":5},{"damage":42,"enemies":"Hexaghost","floor":16,"turns":9},{"damage":33,"enemies":"3 Byrds","floor":18,"turns":6},{"damage":7,"enemies":"2 Thieves","floor":21,"turns":4},{"damage":18,"enemies":"Snake Plant","floor":22,"turns":5},{"damage":92,"enemies":"Book of Stabbing","floor":23,"turns":12}],"seed_played":"-7500902478602635428","potions_obtained":[{"floor":2,"key":"Swift Potion"},{"floor":11,"key":"LiquidBronze"},{"floor":14,"key":"Regen Potion"},{"floor":16,"key":"LiquidBronze"},{"floor":22,"key":"GamblersBrew"}],"is_trial":false,"path_per_floor":["M","M","?","M","M","$","R","?","T","R","E","R","$","E","R","B",null,"M","?","$","M","M"],"character_chosen":"IRONCLAD","items_purchased":["Molten Egg 2","Finesse"],"campfire_rested":0,"item_purchase_floors":[6,13],"current_hp_per_floor":[80,80,69,73,72,72,72,72,72,72,64,64,64,68,68,32,80,57,57,57,70,62,0],"gold":67,"neow_bonus":"HUNDRED_GOLD","is_prod":false,"is_daily":false,"chose_seed":false,"campfire_upgraded":4,"win_rate":0.0,"timestamp":1537243876,"path_taken":["M","M","?","M","M","$","R","?","T","R","E","R","?","E","R","BOSS","M","?","?","?","M","E"],"build_version":"2018-09-06","purchased_purges":1,"victory":false,"max_hp_per_floor":[80,80,80,80,80,80,80,80,80,80,80,80,80,80,80,80,80,80,80,80,80,80,80],"card_choices":[{"not_picked":["Dual Wield","Headbutt"],"picked":"Shrug It Off","floor":1},{"not_picked":["Body Slam","Perfected Strike","Corruption"],"picked":"SKIP","floor":2},{"not_picked":["Iron Wave","Headbutt"],"picked":"Clothesline","floor":4},{"not_picked":["Iron Wave","Hemokinesis"],"picked":"Armaments","floor":5},{"not_picked":["Thunderclap+1","Pommel Strike+1"],"picked":"Clothesline+1","floor":11},{"not_picked":["Pommel Strike+1","Reckless Charge+1"],"picked":"Bloodletting","floor":14},{"not_picked":["Barricade+1","Double Tap"],"picked":"Reaper+1","floor":16},{"not_picked":["Bloodletting","Shrug It Off+1"],"picked":"Disarm+1","floor":18},{"not_picked":["Cleave+1","Clash+1","Anger+1"],"picked":"SKIP","floor":21},{"not_picked":["Anger+1","Shrug It Off+1","Combust+1"],"picked":"SKIP","floor":22}],"player_experience":30652,"relics_obtained":[{"floor":9,"key":"Mercury Hourglass"},{"floor":11,"key":"Frozen Egg 2"},{"floor":14,"key":"Omamori"}],"event_choices":[{"event_name":"World of Goop","player_choice":"Gather Gold","floor":3,"damage_taken":0},{"event_name":"Transmorgrifier","player_choice":"Transform","floor":8,"damage_taken":0},{"event_name":"The Library","player_choice":"Read","floor":19,"damage_taken":0}],"is_beta":false,"boss_relics":[{"not_picked":["Philosopher\u0027s Stone","Empty Cage"],"picked":"Black Blood"}],"items_purged_floors":[20],"is_endless":false,"potions_floor_spawned":[2,11,14,16,22],"killed_by":"Book of Stabbing","ascension_level":0}