{"gold_per_floor":[116,191,241,252,270,300,300,332,388,388,419,439,439,439,439,518,518,528,546,546,546],"floor_reached":21,"playtime":1020,"items_purged":[],"score":374,"play_id":"18af0c5e-a640-4ac3-a4a8-8e357143cc63","local_time":"20181214084814","is_ascension_mode":true,"campfire_choices":[{"floor":7.0,"key":"REST"},{"floor":10.0,"key":"REST"},{"data":"Uppercut","floor":13.0,"key":"SMITH"},{"floor":15.0,"key":"REST"}],"neow_cost":"TEN_PERCENT_HP_LOSS","seed_source_timestamp":181496295195659,"circlet_count":0,"master_deck":["AscendersBane","Strike_R","Strike_R","Strike_R","Strike_R","Strike_R+1","Defend_R","Defend_R","Defend_R","Defend_R","Bash+1","Fiend Fire+1","Reckless Charge","Metallicize","Iron Wave","Uppercut+1","Spot Weakness","Dropkick","Power Through","Immolate","Sword Boomerang","Shrug It Off"],"special_seed":0,"relics":["Burning Blood","Whetstone","Pen Nib","Tiny Chest","Dream Catcher","Mark of Pain"],"potions_floor_usage":[],"damage_taken":[{"damage":9.0,"enemies":"2 Louse","floor":1.0,"turns":2.0},{"damage":17.0,"enemies":"Small Slimes","floor":4.0,"turns":4.0},{"damage":3.0,"enemies":"Cultist","floor":5.0,"turns":5.0},{"damage":24.0,"enemies":"Lagavulin","floor":6.0,"turns":6.0},{"damage":19.0,"enemies":"Gremlin Nob","floor":8.0,"turns":4.0},{"damage":34.0,"enemies":"Lagavulin","floor":11.0,"turns":4.0},{"damage":13.0,"enemies":"Looter","floor":12.0,"turns":3.0},{"damage":29.0,"enemies":"Slime Boss","floor":16.0,"turns":9.0},{"damage":11,"enemies":"Spheric Guardian","floor":18,"turns":4},{"damage":16,"enemies":"Shell Parasite","floor":19,"turns":2},{"damage":39,"enemies":"Shelled Parasite and Fungi","floor":21,"turns":2}],"seed_played":"3585567999639987595","potions_obtained":[{"floor":4.0,"key":"AttackPotion"},{"floor":5.0,"key":"Swift Potion"},{"floor":6.0,"key":"Poison Potion"},{"floor":11.0,"key":"LiquidBronze"},{"floor":16.0,"key":"Swift Potion"}],"is_trial":false,"path_per_floor":["M","?","?","M","M","E","R","E","T","R","E","M","R","?","R","B",null,"M","M","?","M"],"character_chosen":"IRONCLAD","items_purchased":[],"campfire_rested":3,"item_purchase_floors":[],"current_hp_per_floor":[65,54,48,37,40,22,42,29,29,49,21,14,14,14,34,11,54,49,39,39,0],"gold":546,"neow_bonus":"THREE_RARE_CARDS","is_prod":false,"is_daily":false,"chose_seed":false,"campfire_upgraded":1,"win_rate":0,"timestamp":1544806094,"path_taken":["M","?","?","M","M","E","R","E","T","R","E","?","R","?","R","BOSS","M","?","?","M"],"build_version":"2018-12-13","purchased_purges":0,"victory":false,"max_hp_per_floor":[68,68,68,68,68,68,68,68,68,68,68,68,68,68,68,68,68,68,68,68,68],"card_choices":[{"not_picked":["Offering","Limit Break"],"picked":"Fiend Fire","floor":0.0},{"not_picked":["Body Slam","Blood for Blood"],"picked":"Reckless Charge","floor":1.0},{"not_picked":["Combust","Blood for Blood"],"picked":"Metallicize","floor":4.0},{"not_picked":["Warcry","Havoc"],"picked":"Iron Wave","floor":5.0},{"not_picked":["Fiend Fire","Intimidate"],"picked":"Uppercut","floor":6.0},{"not_picked":["Brutality","Perfected Strike","Warcry"],"picked":"SKIP","floor":8.0},{"not_picked":["Rupture","Carnage"],"picked":"Spot Weakness","floor":11.0},{"not_picked":["Twin Strike","Entrench"],"picked":"Dropkick","floor":12.0},{"not_picked":["Havoc","Bloodletting"],"picked":"Power Through","floor":15.0},{"not_picked":["Berserk","Brutality"],"picked":"Immolate","floor":16.0},{"not_picked":["Bloodletting","True Grit"],"picked":"Sword Boomerang","floor":18},{"not_picked":["Clothesline+1","Clash"],"picked":"Shrug It Off","floor":19}],"player_experience":1564583,"relics_obtained":[{"floor":6.0,"key":"Whetstone"},{"floor":8.0,"key":"Pen Nib"},{"floor":9.0,"key":"Tiny Chest"},{"floor":11.0,"key":"Dream Catcher"}],"event_choices":[{"damage_healed":0.0,"max_hp_gain":0.0,"max_hp_loss":0.0,"gold_gain":75.0,"event_name":"World of Goop","player_choice":"Gather Gold","floor":2.0,"gold_loss":0.0,"damage_taken":11.0},{"damage_healed":0.0,"max_hp_gain":0.0,"max_hp_loss":0.0,"gold_gain":50.0,"event_name":"FaceTrader","player_choice":"Touch","floor":3.0,"gold_loss":0.0,"damage_taken":6.0},{"damage_healed":0.0,"max_hp_gain":0.0,"max_hp_loss":0.0,"gold_gain":0.0,"event_name":"Accursed Blacksmith","player_choice":"Forge","floor":14.0,"gold_loss":0.0,"damage_taken":0.0,"cards_upgraded":["Fiend Fire"]},{"damage_healed":0,"gold_gain":0,"player_choice":"Ignored","damage_taken":0,"max_hp_gain":0,"max_hp_loss":0,"event_name":"Ghosts","floor":20,"gold_loss":0}],"is_beta":false,"boss_relics":[{"not_picked":["Ectoplasm","Lizard Tail"],"picked":"Mark of Pain"}],"items_purged_floors":[],"is_endless":false,"potions_floor_spawned":[4,5,6,11,16,19],"killed_by":"Shelled Parasite and Fungi","ascension_level":18}