{"gold_per_floor":[313,324,341,341,118,118,144,144,169,185,200,230,250,118,118,195,195,208,222,14,26,38,38,63,13,13,13,13,30,45,61,61,61],"floor_reached":33,"playtime":4017,"items_purged":["Strike_R","Strike_R"],"score":464,"play_id":"e9155da2-bee2-4a5d-8b90-73f343d0037d","local_time":"20181012123706","is_ascension_mode":true,"campfire_choices":[{"data":"Demon Form","floor":6.0,"key":"SMITH"},{"data":"Armaments","floor":8.0,"key":"SMITH"},{"data":"True Grit","floor":15.0,"key":"SMITH"},{"floor":23,"key":"REST"},{"floor":28,"key":"REST"},{"floor":32,"key":"REST"}],"neow_cost":"NO_GOLD","seed_source_timestamp":0,"circlet_count":0,"master_deck":["Strike_R+1","Strike_R+1","Defend_R","Defend_R","Defend_R","Defend_R","Bash","AscendersBane","Warcry","Demon Form+1","Twin Strike","Metallicize","Battle Trance","Armaments+1","Iron Wave","Feel No Pain","Sword Boomerang","True Grit+1","Warcry","Flame Barrier","Immolate","Pummel","Disarm","Intimidate","Ghostly Armor","Twin Strike+1","Heavy Blade","Havoc","Reaper"],"special_seed":0,"relics":["Burning Blood","Old Coin","Vajra","Whetstone","Shovel","Orrery","Membership Card","Frozen Egg 2","Singing Bowl"],"potions_floor_usage":[21,30,30],"damage_taken":[{"damage":0.0,"enemies":"Small Slimes","floor":1.0,"turns":3.0},{"damage":8.0,"enemies":"Jaw Worm","floor":2.0,"turns":5.0},{"damage":5.0,"enemies":"Cultist","floor":3.0,"turns":5.0},{"damage":30.0,"enemies":"3 Sentries","floor":7.0,"turns":7.0},{"damage":7.0,"enemies":"Large Slime","floor":10.0,"turns":5.0},{"damage":20.0,"enemies":"Red Slaver","floor":11.0,"turns":4.0},{"damage":9.0,"enemies":"Lagavulin","floor":12.0,"turns":5.0},{"damage":0.0,"enemies":"Looter","floor":13.0,"turns":2.0},{"damage":15.0,"enemies":"Hexaghost","floor":16.0,"turns":9.0},{"damage":8.0,"enemies":"Chosen","floor":18.0,"turns":7.0},{"damage":20.0,"enemies":"Spheric Guardian","floor":19.0,"turns":6.0},{"damage":27,"enemies":"Snake Plant","floor":21,"turns":4},{"damage":12,"enemies":"Cultist and Chosen","floor":22,"turns":6},{"damage":54,"enemies":"Slavers","floor":24,"turns":9},{"damage":9,"enemies":"Centurion and Healer","floor":29,"turns":9},{"damage":6,"enemies":"Snake Plant","floor":30,"turns":7},{"damage":15,"enemies":"Shelled Parasite and Fungi","floor":31,"turns":9},{"damage":73,"enemies":"Automaton","floor":33,"turns":6}],"seed_played":"4662340415104035254","potions_obtained":[{"floor":3.0,"key":"Dexterity Potion"},{"floor":7.0,"key":"SkillPotion"},{"floor":11.0,"key":"Poison Potion"},{"floor":21,"key":"Poison Potion"},{"floor":31,"key":"FearPotion"}],"is_trial":false,"path_per_floor":["M","M","M","?","$","R","E","R","T","M","M","E","M","$","R","B",null,"M","M","$","M","M","R","E","$","T","?","R","M","M","M","R"],"character_chosen":"IRONCLAD","items_purchased":["Metallicize","Battle Trance","Warcry","Flame Barrier","Membership Card"],"campfire_rested":3,"item_purchase_floors":[5,5,14,14,20],"current_hp_per_floor":[78,76,77,82,82,82,58,58,58,57,43,40,46,46,46,37,73,71,57,57,36,30,55,7,7,7,7,32,31,33,24,50,0],"gold":61,"neow_bonus":"ONE_RARE_RELIC","is_prod":false,"is_daily":false,"chose_seed":false,"campfire_upgraded":3,"win_rate":0,"timestamp":1539373026,"path_taken":["M","M","M","?","?","R","E","R","T","M","M","E","M","$","R","BOSS","M","M","$","M","M","R","E","$","T","?","R","M","M","M","R","BOSS"],"build_version":"2018-10-11","purchased_purges":2,"victory":false,"max_hp_per_floor":[80,80,80,85,85,85,85,85,85,85,85,85,85,85,85,85,85,85,85,85,85,85,85,85,85,85,85,85,87,89,89,89,89],"card_choices":[{"not_picked":["Twin Strike","Fire Breathing"],"picked":"Warcry","floor":1.0},{"not_picked":["True Grit","Pommel Strike"],"picked":"Demon Form","floor":2.0},{"not_picked":["Entrench","Reckless Charge"],"picked":"Twin Strike","floor":3.0},{"not_picked":["Reckless Charge","Iron Wave"],"picked":"Armaments","floor":7.0},{"not_picked":["Sever Soul","Twin Strike"],"picked":"Iron Wave","floor":10.0},{"not_picked":["True Grit","Headbutt"],"picked":"Feel No Pain","floor":11.0},{"not_picked":["Wild Strike","Carnage"],"picked":"Sword Boomerang","floor":12.0},{"not_picked":["Thunderclap","Headbutt"],"picked":"True Grit","floor":13.0},{"not_picked":["Double Tap","Feed"],"picked":"Immolate","floor":16.0},{"not_picked":["Perfected Strike","Cleave"],"picked":"Pummel","floor":17.0},{"not_picked":["Armaments","Clothesline"],"picked":"Disarm","floor":17.0},{"not_picked":["Inflame","Body Slam"],"picked":"Intimidate","floor":17.0},{"not_picked":["Twin Strike","Spot Weakness"],"picked":"Ghostly Armor","floor":18.0},{"not_picked":["Feel No Pain","Entrench"],"picked":"Twin Strike+1","floor":19.0},{"not_picked":["Dropkick","Wild Strike"],"picked":"Heavy Blade","floor":21},{"not_picked":["Sword Boomerang","Fire Breathing"],"picked":"Havoc","floor":22},{"not_picked":["Body Slam","Cleave","Havoc"],"picked":"SKIP","floor":24},{"not_picked":["Anger","Twin Strike","Armaments"],"picked":"Singing Bowl","floor":29},{"not_picked":["Armaments","Warcry","Thunderclap"],"picked":"Singing Bowl","floor":30},{"not_picked":["Shockwave+1","Perfected Strike"],"picked":"Reaper","floor":31}],"player_experience":1149965,"relics_obtained":[{"floor":7.0,"key":"Vajra"},{"floor":9.0,"key":"Whetstone"},{"floor":12.0,"key":"Shovel"},{"floor":24,"key":"Frozen Egg 2"},{"floor":26,"key":"Singing Bowl"}],"event_choices":[{"event_name":"Big Fish","player_choice":"Donut","floor":4.0,"damage_taken":0.0},{"event_name":"Wheel of Change","player_choice":"Card Removal","floor":27,"damage_taken":0}],"is_beta":false,"boss_relics":[{"not_picked":["Coffee Dripper","Runic Cube"],"picked":"Orrery"}],"items_purged_floors":[5,25],"is_endless":false,"potions_floor_spawned":[3,7,11,16,18,19,21,29,31],"killed_by":"Automaton","ascension_level":13}