{"gold_per_floor":[116,136,148,32,43,43,78,91,114,114,126,142,42,52,52,128,128,142,92,92,142,157,157],"floor_reached":23,"playtime":1110,"items_purged":["Strike_G","Strike_G"],"score":364,"play_id":"143ebc25-3bc2-43c2-95a9-79098dafbedf","local_time":"20181028233201","is_ascension_mode":true,"campfire_choices":[{"data":"Neutralize","floor":6,"key":"SMITH"},{"floor":15,"key":"REST"}],"neow_cost":"TEN_PERCENT_HP_LOSS","seed_source_timestamp":534120146627452,"circlet_count":0,"master_deck":["Defend_G","Defend_G","Defend_G","Defend_G","Defend_G","Strike_G","Strike_G","Strike_G","Survivor","Neutralize+1","AscendersBane","Predator","Terror","Backstab","Footwork","Footwork","Caltrops","Leg Sweep","Sucker Punch","Malaise","Reflex","Footwork"],"relics":["Ring of the Snake","Mango","Omamori","PreservedInsect","HoveringKite"],"potions_floor_usage":[2,5,8,16,22,22],"damage_taken":[{"damage":0,"enemies":"Jaw Worm","floor":1,"turns":5},{"damage":1,"enemies":"Small Slimes","floor":2,"turns":3},{"damage":0,"enemies":"Cultist","floor":3,"turns":4},{"damage":18,"enemies":"Lots of Slimes","floor":5,"turns":7},{"damage":35,"enemies":"3 Sentries","floor":7,"turns":13},{"damage":0,"enemies":"3 Louse","floor":8,"turns":1},{"damage":3,"enemies":"Red Slaver","floor":11,"turns":5},{"damage":2,"enemies":"2 Fungi Beasts","floor":12,"turns":4},{"damage":11,"enemies":"Looter","floor":14,"turns":3},{"damage":28,"enemies":"Slime Boss","floor":16,"turns":13},{"damage":6,"enemies":"Shell Parasite","floor":18,"turns":10},{"damage":28,"enemies":"2 Thieves","floor":19,"turns":5},{"damage":16,"enemies":"Snecko","floor":22,"turns":12},{"damage":26,"enemies":"Slavers","floor":23,"turns":3}],"seed_played":"2616467973700542683","potions_obtained":[{"floor":1,"key":"Fruit Juice"},{"floor":2,"key":"GamblersBrew"},{"floor":7,"key":"Explosive Potion"},{"floor":12,"key":"PowerPotion"},{"floor":14,"key":"Energy Potion"},{"floor":19,"key":"Regen Potion"}],"is_trial":false,"path_per_floor":["M","M","M","$","M","R","E","M","T","?","M","M","$","M","R","B",null,"M","M","$","?","M"],"character_chosen":"THE_SILENT","items_purchased":["Footwork"],"campfire_rested":1,"item_purchase_floors":[4],"current_hp_per_floor":[73,77,77,77,59,59,24,24,24,24,21,19,19,8,31,3,60,54,26,26,26,25,0],"gold":157,"neow_bonus":"ONE_RARE_RELIC","is_prod":false,"is_daily":false,"chose_seed":false,"campfire_upgraded":1,"win_rate":0,"timestamp":1540794721,"path_taken":["M","M","M","$","M","R","E","M","T","?","?","M","?","M","R","BOSS","M","M","$","?","?","E"],"build_version":"2018-10-25v2","purchased_purges":2,"victory":false,"max_hp_per_floor":[74,79,79,79,79,79,79,79,79,79,79,79,79,79,79,79,79,79,79,79,79,79,79],"card_choices":[{"not_picked":["Dagger Throw","Deadly Poison"],"picked":"Predator","floor":1},{"not_picked":["Heel Hook","Dagger Throw"],"picked":"Terror","floor":2},{"not_picked":["Crippling Poison","PiercingWail"],"picked":"Backstab","floor":3},{"not_picked":["Blade Dance","Poisoned Stab"],"picked":"Footwork","floor":5},{"not_picked":["Underhanded Strike","Deflect","PiercingWail"],"picked":"SKIP","floor":7},{"not_picked":["Outmaneuver","Bane"],"picked":"Caltrops","floor":8},{"not_picked":["Deflect","Blade Dance","Envenom"],"picked":"SKIP","floor":11},{"not_picked":["Reflex","All Out Attack"],"picked":"Leg Sweep","floor":12},{"not_picked":["Concentrate","Quick Slash"],"picked":"Sucker Punch","floor":14},{"not_picked":["Storm of Steel","Die Die Die"],"picked":"Malaise","floor":16},{"not_picked":["Slice","Sucker Punch","Dagger Throw"],"picked":"SKIP","floor":18},{"not_picked":["Cloak And Dagger","Slice+1"],"picked":"Reflex","floor":19},{"not_picked":["Deadly Poison","Deflect"],"picked":"Footwork","floor":22}],"player_experience":897486,"relics_obtained":[{"floor":7,"key":"Omamori"},{"floor":9,"key":"PreservedInsect"}],"event_choices":[{"damage_healed":0,"gold_gain":0,"player_choice":"Searched \u00271\u0027 times","damage_taken":0,"max_hp_gain":0,"max_hp_loss":0,"event_name":"Dead Adventurer","floor":10,"gold_loss":0},{"damage_healed":0,"gold_gain":100,"player_choice":"Pray","damage_taken":0,"max_hp_gain":0,"max_hp_loss":0,"event_name":"Golden Shrine","floor":21,"gold_loss":0}],"is_beta":true,"boss_relics":[{"not_picked":["Runic Dome","WristBlade"],"picked":"HoveringKite"}],"items_purged_floors":[4,13],"is_endless":false,"potions_floor_spawned":[1,2,7,12,14,19],"killed_by":"Slavers","ascension_level":17}