{"gold_per_floor":[116,134,153,153,167,167,167,196,268,268,280,315,315,315,315,394,394,406,57,76,76,0,0,0,35,35,52,72,72,85,100,100,100],"floor_reached":33,"playtime":1239,"items_purged":["Strike_R"],"score":554,"play_id":"d6783f7a-f572-4dc7-802c-cdd79909c1b9","local_time":"20181105220802","is_ascension_mode":true,"campfire_choices":[{"data":"Juggernaut","floor":6,"key":"SMITH"},{"data":"Inflame","floor":10,"key":"SMITH"},{"data":"Pommel Strike","floor":15,"key":"SMITH"},{"data":"Clothesline","floor":23,"key":"SMITH"},{"floor":32,"key":"REST"}],"neow_cost":"NONE","seed_source_timestamp":645001277180248,"circlet_count":0,"master_deck":["Strike_R","Strike_R","Defend_R","Defend_R","Defend_R","Defend_R","Bash+1","AscendersBane","Pummel","Inflame+1","Wild Strike","Juggernaut+1","Pommel Strike+1","Flame Barrier","Metallicize","Reaper","Clothesline+1","Carnage","Writhe","Corruption+1","Disarm","Cleave","Burning Pact"],"relics":["Burning Blood","Pocketwatch","Pantograph","Boot","Velvet Choker","Mummified Hand","Dodecahedron","Frozen Egg 2","Sundial"],"potions_floor_usage":[8,16,16,30],"damage_taken":[{"damage":13,"enemies":"Small Slimes","floor":1,"turns":5},{"damage":1,"enemies":"Cultist","floor":2,"turns":3},{"damage":1,"enemies":"2 Louse","floor":3,"turns":3},{"damage":5,"enemies":"2 Fungi Beasts","floor":5,"turns":4},{"damage":20,"enemies":"Gremlin Nob","floor":8,"turns":4},{"damage":31,"enemies":"Exordium Wildlife","floor":11,"turns":6},{"damage":25,"enemies":"3 Sentries","floor":12,"turns":7},{"damage":46,"enemies":"Slime Boss","floor":16,"turns":10},{"damage":7,"enemies":"Spheric Guardian","floor":18,"turns":4},{"damage":14,"enemies":"2 Thieves","floor":20,"turns":3},{"damage":52,"enemies":"Slavers","floor":25,"turns":5},{"damage":29,"enemies":"Shelled Parasite and Fungi","floor":27,"turns":6},{"damage":0,"enemies":"Snecko","floor":28,"turns":3},{"damage":14,"enemies":"Centurion and Healer","floor":30,"turns":6},{"damage":22,"enemies":"3 Cultists","floor":31,"turns":5},{"damage":74,"enemies":"Collector","floor":33,"turns":8}],"seed_played":"7816103384108042529","potions_obtained":[{"floor":1,"key":"Block Potion"},{"floor":2,"key":"Dexterity Potion"},{"floor":11,"key":"BloodPotion"},{"floor":28,"key":"Weak Potion"},{"floor":31,"key":"SteroidPotion"}],"is_trial":false,"path_per_floor":["M","M","M","?","M","R","?","E","T","R","M","E","?","?","R","B",null,"M","$","M","?","?","R","$","E","T","M","M","?","M","M","R","B"],"character_chosen":"IRONCLAD","items_purchased":["Mummified Hand"],"campfire_rested":1,"item_purchase_floors":[19],"current_hp_per_floor":[68,73,78,78,79,79,79,65,65,65,40,21,26,19,19,12,68,67,67,73,73,73,73,73,41,41,18,31,31,30,14,40,0],"gold":100,"neow_bonus":"TEN_PERCENT_HP_BONUS","is_prod":false,"is_daily":false,"chose_seed":false,"campfire_upgraded":4,"win_rate":0,"timestamp":1541473682,"path_taken":["M","M","M","?","M","R","?","E","T","R","?","E","?","?","R","BOSS","M","$","M","?","?","R","?","E","T","M","?","?","M","M","R","BOSS"],"build_version":"2018-10-30","purchased_purges":1,"victory":false,"max_hp_per_floor":[82,82,82,82,82,82,82,82,82,82,82,82,87,87,87,87,87,87,87,87,87,87,87,87,87,87,87,87,87,87,87,87,87],"card_choices":[{"not_picked":["Fire Breathing","Bloodletting"],"picked":"Pummel","floor":1},{"not_picked":["Flex","Havoc"],"picked":"Inflame","floor":2},{"not_picked":["Infernal Blade","Body Slam"],"picked":"Wild Strike","floor":3},{"not_picked":["Infernal Blade","Clothesline"],"picked":"Juggernaut","floor":5},{"not_picked":["Fire Breathing","Wild Strike"],"picked":"Pommel Strike","floor":8},{"not_picked":["Flex","Rampage"],"picked":"Flame Barrier","floor":11},{"not_picked":["Havoc","Dual Wield"],"picked":"Metallicize","floor":12},{"not_picked":["Fiend Fire","Offering"],"picked":"Reaper","floor":16},{"not_picked":["Pommel Strike+1","Warcry"],"picked":"Clothesline","floor":18},{"not_picked":["True Grit","Armaments"],"picked":"Carnage","floor":20},{"not_picked":["Exhume","Second Wind"],"picked":"Corruption","floor":25},{"not_picked":["Havoc+1","Clothesline","True Grit"],"picked":"SKIP","floor":27},{"not_picked":["Anger+1","Havoc"],"picked":"Disarm","floor":28},{"not_picked":["Thunderclap","Cleave"],"picked":"Burning Pact","floor":30},{"not_picked":["Hemokinesis","Headbutt","Sword Boomerang"],"picked":"SKIP","floor":31}],"player_experience":922812,"relics_obtained":[{"floor":8,"key":"Pocketwatch"},{"floor":9,"key":"Pantograph"},{"floor":12,"key":"Boot"},{"floor":25,"key":"Frozen Egg 2"},{"floor":26,"key":"Sundial"}],"event_choices":[{"damage_healed":0,"gold_gain":0,"player_choice":"Grow","damage_taken":0,"max_hp_gain":0,"max_hp_loss":0,"event_name":"Living Wall","floor":4,"gold_loss":0,"cards_upgraded":["Bash"]},{"cards_removed":["Strike_R"],"damage_healed":0,"gold_gain":0,"player_choice":"Card Removal","damage_taken":0,"max_hp_gain":0,"max_hp_loss":0,"event_name":"Wheel of Change","floor":7,"gold_loss":0},{"damage_healed":0,"gold_gain":0,"player_choice":"Donut","damage_taken":0,"max_hp_gain":5,"max_hp_loss":0,"event_name":"Big Fish","floor":13,"gold_loss":0},{"cards_removed":["Strike_R"],"damage_healed":0,"gold_gain":0,"player_choice":"Card Removal","damage_taken":7,"max_hp_gain":0,"max_hp_loss":0,"event_name":"Golden Wing","floor":14,"gold_loss":0},{"damage_healed":0,"gold_gain":0,"player_choice":"Opened","damage_taken":0,"relics_obtained":["Dodecahedron"],"max_hp_gain":0,"max_hp_loss":0,"event_name":"The Mausoleum","floor":21,"gold_loss":0,"cards_obtained":["Writhe"]},{"damage_healed":0,"gold_gain":0,"player_choice":"Paid Fearfully","damage_taken":0,"max_hp_gain":0,"max_hp_loss":0,"event_name":"Masked Bandits","floor":22,"gold_loss":76},{"damage_healed":0,"gold_gain":0,"player_choice":"Read","damage_taken":0,"max_hp_gain":0,"max_hp_loss":0,"event_name":"The Library","floor":29,"gold_loss":0,"cards_obtained":["Cleave"]}],"is_beta":true,"boss_relics":[{"not_picked":["Snecko Eye","Fusion Hammer"],"picked":"Velvet Choker"}],"items_purged_floors":[19],"is_endless":false,"potions_floor_spawned":[1,2,11,28,31],"killed_by":"Collector","ascension_level":20}