{"gold_per_floor":[112,62,62,62,81,122,297,341,341,382,406,406],"floor_reached":12,"playtime":450,"items_purged":[],"score":125,"play_id":"21d53b1d-4f40-40a0-bbd2-45c8ef51f753","local_time":"20190108142820","is_ascension_mode":true,"campfire_choices":[],"neow_cost":"NONE","seed_source_timestamp":66450300178404,"circlet_count":0,"master_deck":["Strike_B","Strike_B","Defend_B","Defend_B","Defend_B","Defend_B","Zap","Dualcast","Chill","Fusion","Coolheaded","Doubt","Loop"],"relics":["Cracked Core","NeowsBlessing","Golden Idol","Blue Candle","Bronze Scales","The Courier","Boot","Orichalcum"],"potions_floor_usage":[10,10],"damage_taken":[{"damage":0,"enemies":"2 Louse","floor":1,"turns":1},{"damage":0,"enemies":"Cultist","floor":5,"turns":1},{"damage":0,"enemies":"Lagavulin","floor":6,"turns":1},{"damage":44,"enemies":"3 Sentries","floor":8,"turns":14},{"damage":5,"enemies":"Lagavulin","floor":10,"turns":8},{"damage":12,"enemies":"3 Sentries","floor":12,"turns":4}],"seed_played":"-1406645234396527814","potions_obtained":[{"floor":1,"key":"Poison Potion"},{"floor":6,"key":"Weak Potion"}],"is_trial":false,"path_per_floor":["M","?","?","?","M","E","?","E","T","E","T","E"],"character_chosen":"DEFECT","items_purchased":[],"campfire_rested":0,"item_purchase_floors":[],"current_hp_per_floor":[75,75,57,57,57,57,57,13,13,8,8,0],"gold":406,"neow_bonus":"THREE_ENEMY_KILL","is_prod":false,"is_daily":false,"chose_seed":false,"campfire_upgraded":0,"win_rate":0,"timestamp":1546918100,"path_taken":["M","?","?","?","?","E","?","E","T","E","?","E"],"build_version":"2018-11-15","purchased_purges":0,"victory":false,"max_hp_per_floor":[75,75,75,75,75,75,75,75,75,75,75,75],"card_choices":[{"not_picked":["Loop","Tempest"],"picked":"Chill","floor":1},{"not_picked":["Go for the Eyes","Beam Cell"],"picked":"Coolheaded","floor":5},{"not_picked":["Rebound","Gash","Storm"],"picked":"SKIP","floor":6},{"not_picked":["Undo","Barrage"],"picked":"Loop","floor":8},{"not_picked":["Compile Driver","Gash","Steam"],"picked":"SKIP","floor":10}],"player_experience":1040908,"relics_obtained":[{"floor":6,"key":"Blue Candle"},{"floor":8,"key":"Bronze Scales"},{"floor":9,"key":"The Courier"},{"floor":10,"key":"Boot"},{"floor":11,"key":"Orichalcum"}],"event_choices":[{"cards_removed":["Strike_B"],"damage_healed":0,"gold_gain":0,"player_choice":"Card Removal","damage_taken":0,"max_hp_gain":0,"max_hp_loss":0,"event_name":"The Cleric","floor":2,"gold_loss":50},{"damage_healed":0,"gold_gain":0,"player_choice":"Take Damage","damage_taken":18,"relics_obtained":["Golden Idol"],"max_hp_gain":0,"max_hp_loss":0,"event_name":"Golden Idol","floor":3,"gold_loss":0},{"damage_healed":0,"gold_gain":0,"cards_transformed":["Strike_B"],"player_choice":"Transformed","damage_taken":0,"max_hp_gain":0,"max_hp_loss":0,"event_name":"Transmorgrifier","floor":4,"gold_loss":0,"cards_obtained":["Fusion"]},{"damage_healed":0,"gold_gain":175,"player_choice":"AGREE","damage_taken":0,"max_hp_gain":0,"max_hp_loss":0,"event_name":"Liars Game","floor":7,"gold_loss":0,"cards_obtained":["Doubt"]}],"is_beta":true,"boss_relics":[],"items_purged_floors":[],"is_endless":false,"potions_floor_spawned":[1,6],"killed_by":"3 Sentries","ascension_level":1}