{"gold_per_floor":[115,126,126,45,64,64,96,115,183,183,217,237,237,237,237,311,311,311,311,311,311,311,311,311,311,311,311,44,44,44,44],"floor_reached":31,"playtime":2201,"items_purged":["Strike_B"],"score":464,"play_id":"e483ae28-f23c-4447-89cd-2e1e6de5d28e","local_time":"20181118085714","is_ascension_mode":true,"campfire_choices":[{"data":"Zap","floor":6,"key":"SMITH"},{"data":"Defragment","floor":13,"key":"SMITH"},{"data":"Dualcast","floor":15,"key":"SMITH"},{"data":"Creative AI","floor":29,"key":"SMITH"}],"neow_cost":"NONE","seed_source_timestamp":19978091334573,"circlet_count":0,"master_deck":["AscendersBane","Defend_B","Defend_B","Defend_B","Defend_B","Zap+1","Dualcast+1","Cold Snap+1","Self Repair","Cold Snap+1","Capacitor","FTL","Glacier","Capacitor","Defragment+1","Electrodynamics","Coolheaded+1","Ball Lightning","Creative AI+1","Loop","FTL","Force Field","Panache","Darkness"],"relics":["Cracked Core","Prayer Wheel","Happy Flower","Matryoshka","Centennial Puzzle","Ectoplasm","Red Mask","Emotion Chip","Shuriken","Whetstone","Anchor"],"potions_floor_usage":[7,19,23,23,31],"damage_taken":[{"damage":7,"enemies":"Jaw Worm","floor":1,"turns":3},{"damage":1,"enemies":"2 Louse","floor":2,"turns":3},{"damage":0,"enemies":"Cultist","floor":5,"turns":3},{"damage":9,"enemies":"3 Sentries","floor":7,"turns":7},{"damage":7,"enemies":"2 Fungi Beasts","floor":8,"turns":4},{"damage":12,"enemies":"Lagavulin","floor":11,"turns":9},{"damage":12,"enemies":"Large Slime","floor":12,"turns":5},{"damage":30,"enemies":"The Guardian","floor":16,"turns":14},{"damage":8,"enemies":"3 Byrds","floor":18,"turns":2},{"damage":0,"enemies":"Masked Bandits","floor":19,"turns":2},{"damage":0,"enemies":"Spheric Guardian","floor":22,"turns":4},{"damage":21,"enemies":"Slavers","floor":23,"turns":3},{"damage":24,"enemies":"Gremlin Leader","floor":25,"turns":5},{"damage":11,"enemies":"Snecko","floor":30,"turns":5},{"damage":17,"enemies":"Sentry and Sphere","floor":31,"turns":2}],"seed_played":"-2346157104819410836","potions_obtained":[{"floor":1,"key":"FearPotion"},{"floor":5,"key":"Fire Potion"},{"floor":7,"key":"SteroidPotion"},{"floor":12,"key":"Swift Potion"},{"floor":18,"key":"Fire Potion"},{"floor":19,"key":"PowerPotion"},{"floor":30,"key":"FocusPotion"}],"is_trial":false,"path_per_floor":["M","M","?","$","M","R","E","M","T","?","E","M","R","?","R","B",null,"M","?","?","?","M","E","$","E","T","?","$","R","M","M"],"character_chosen":"DEFECT","items_purchased":["Capacitor","Panache"],"campfire_rested":0,"item_purchase_floors":[4,28],"current_hp_per_floor":[61,67,64,64,71,71,69,69,69,69,64,59,59,52,52,29,64,56,63,63,63,70,49,49,25,25,25,25,25,14,0],"gold":44,"neow_bonus":"THREE_CARDS","is_prod":false,"is_daily":false,"chose_seed":false,"campfire_upgraded":4,"win_rate":0,"timestamp":1542491834,"path_taken":["M","M","?","$","M","R","E","M","T","?","E","?","R","?","R","BOSS","M","?","?","?","?","E","$","E","T","?","$","R","M","M"],"build_version":"2018-11-15","purchased_purges":1,"victory":false,"max_hp_per_floor":[75,75,75,75,75,75,75,75,75,75,75,75,75,75,75,75,75,75,75,75,75,75,75,75,75,75,75,75,75,75,75],"card_choices":[{"not_picked":["Compile Driver","Loop"],"picked":"Cold Snap","floor":0},{"not_picked":["Beam Cell","Aggregate"],"picked":"Self Repair","floor":1},{"not_picked":["Self Repair","Loop"],"picked":"Cold Snap","floor":2},{"not_picked":["Redo","Stack"],"picked":"FTL","floor":5},{"not_picked":["Scrape","Reinforced Body","Redo"],"picked":"SKIP","floor":5},{"not_picked":["Ball Lightning","Force Field"],"picked":"Glacier","floor":7},{"not_picked":["Auto Shields","Compile Driver"],"picked":"Capacitor","floor":8},{"not_picked":["Gash","Stack","Compile Driver"],"picked":"SKIP","floor":8},{"not_picked":["Conserve Battery","Barrage"],"picked":"Defragment","floor":11},{"not_picked":["Recycle","Gash","Aggregate"],"picked":"SKIP","floor":12},{"not_picked":["Thunder Strike","Hologram","Hello World"],"picked":"SKIP","floor":12},{"not_picked":["All For One","Thunder Strike"],"picked":"Electrodynamics","floor":16},{"not_picked":["Redo","Gash"],"picked":"Coolheaded","floor":18},{"not_picked":["Undo","Glacier","Sweeping Beam"],"picked":"SKIP","floor":18},{"not_picked":["Redo","Steam"],"picked":"Loop","floor":22},{"not_picked":["Stack","Cold Snap"],"picked":"FTL","floor":22},{"not_picked":["Biased Cognition","Coolheaded"],"picked":"Force Field","floor":23},{"not_picked":["Sweeping Beam","Reinforced Body","Gash"],"picked":"SKIP","floor":25},{"not_picked":["Beam Cell","Go for the Eyes"],"picked":"Darkness","floor":30},{"not_picked":["Auto Shields","Turbo","Lockon"],"picked":"SKIP","floor":30}],"player_experience":847063,"relics_obtained":[{"floor":7,"key":"Happy Flower"},{"floor":9,"key":"Matryoshka"},{"floor":11,"key":"Centennial Puzzle"},{"floor":19,"key":"Red Mask"},{"floor":23,"key":"Emotion Chip"},{"floor":25,"key":"Shuriken"},{"floor":26,"key":"Whetstone"},{"floor":26,"key":"Anchor"}],"event_choices":[{"damage_healed":0,"gold_gain":0,"player_choice":"Success","damage_taken":3,"relics_obtained":["Prayer Wheel"],"max_hp_gain":0,"max_hp_loss":0,"event_name":"Scrap Ooze","floor":3,"gold_loss":0},{"damage_healed":0,"gold_gain":0,"cards_transformed":["Strike_B"],"player_choice":"Transformed","damage_taken":0,"max_hp_gain":0,"max_hp_loss":0,"event_name":"Transmorgrifier","floor":10,"gold_loss":0,"cards_obtained":["Hyperbeam"]},{"cards_removed":["Strike_B"],"damage_healed":0,"gold_gain":0,"player_choice":"Card Removal","damage_taken":7,"max_hp_gain":0,"max_hp_loss":0,"event_name":"Golden Wing","floor":14,"gold_loss":0},{"damage_healed":0,"gold_gain":0,"player_choice":"Fought Bandits","damage_taken":0,"max_hp_gain":0,"max_hp_loss":0,"event_name":"Masked Bandits","floor":19,"gold_loss":0},{"damage_healed":0,"gold_gain":0,"cards_transformed":["Hyperbeam","Strike_B"],"player_choice":"Became Test Subject","damage_taken":0,"max_hp_gain":0,"max_hp_loss":0,"event_name":"Drug Dealer","floor":20,"gold_loss":0,"cards_obtained":["Ball Lightning","Creative AI"]},{"damage_healed":0,"gold_gain":0,"player_choice":"Forge","damage_taken":0,"max_hp_gain":0,"max_hp_loss":0,"event_name":"Accursed Blacksmith","floor":21,"gold_loss":0,"cards_upgraded":["Coolheaded"]},{"damage_healed":0,"gold_gain":99,"player_choice":"Stole From Cult","damage_taken":0,"max_hp_gain":0,"max_hp_loss":0,"event_name":"Nest","floor":27,"gold_loss":0}],"is_beta":true,"boss_relics":[{"not_picked":["Coffee Dripper","Inserter"],"picked":"Ectoplasm"}],"items_purged_floors":[28],"is_endless":false,"potions_floor_spawned":[1,5,7,8,12,16,18,19,30],"killed_by":"Sentry and Sphere","ascension_level":13}