{"path_per_floor":["M","?","M","?","M","R","E","M","T","R","E","$","?","M","R","B",null,"M","M","$","?","?","R","E","M","T","?","R","E","R","M","R","B",null,"M","M","$","M","$","E","R","M","T"],"character_chosen":"DEFECT","items_purchased":["DataDisk","Capacitor","Apotheosis+1","Stack+1"],"gold_per_floor":[110,110,120,120,133,133,168,188,188,188,214,11,11,35,35,156,156,175,189,89,89,89,89,127,140,140,140,140,175,175,189,189,314,314,329,342,72,87,37,72,72,88,114,114],"floor_reached":44,"campfire_rested":3,"playtime":2276,"item_purchase_floors":[12,20,37,37],"current_hp_per_floor":[75,80,80,80,80,80,69,69,69,69,69,69,69,69,69,57,80,77,77,77,77,77,77,39,36,36,36,60,58,58,54,78,54,87,87,60,60,62,62,32,58,53,53,0],"items_purged":["Defend_B","Defend_B","Writhe","Defend_B"],"gold":114,"score":537,"play_id":"18554453-af18-4dc4-83c0-4e7dc4a75b1e","local_time":"20180522203523","is_prod":false,"is_daily":false,"chose_seed":false,"is_ascension_mode":true,"campfire_upgraded":5,"timestamp":1527014123,"campfire_choices":[{"data":"Zap","floor":6,"key":"SMITH"},{"data":"Streamline","floor":10,"key":"SMITH"},{"data":"Static Discharge","floor":15,"key":"SMITH"},{"data":"Undo","floor":23,"key":"SMITH"},{"floor":28,"key":"REST"},{"data":"Stack","floor":30,"key":"SMITH"},{"floor":32,"key":"REST"},{"floor":41,"key":"REST"}],"path_taken":["M","?","M","?","M","R","E","M","T","R","E","$","?","M","R","BOSS","M","M","$","?","?","R","E","M","T","?","R","E","R","M","R","BOSS","M","M","$","M","$","E","R","M","T","E"],"build_version":"2018-05-21v2","seed_source_timestamp":405016111078,"purchased_purges":4,"victory":false,"master_deck":["Strike_B","Strike_B","Defend_B+1","Zap+1","Dualcast","Undo+1","Melter","Leap","BootSequence","Streamline+1","Injury","Static Discharge+1","Darkness+1","Leap+1","Capacitor","Stack+1","Ball Lightning","Buffer","Electrodynamics","Decay","Writhe","Clumsy","Electrodynamics","Stack+1","Apotheosis+1","Stack+1","White Noise+1","Auto Shields+1"],"max_hp_per_floor":[75,80,80,80,80,80,80,80,80,80,80,80,80,80,80,80,80,80,80,80,80,80,80,80,80,80,80,80,80,80,80,80,80,87,87,87,87,87,87,87,87,87,87,87],"relics":["Cracked Core","Toolbox","Smiling Mask","DataDisk","Golden Idol","Nuclear Battery","Du-Vu Doll","Nloth\u0027s Gift","Blood Vial","Sundial","War Paint","Calling Bell","Strawberry","Toxic Egg 2","Calipers","Bottled Lightning","Art of War"],"card_choices":[{"not_picked":["Chill","Hologram","Blizzard"],"picked":"SKIP","floor":1},{"not_picked":["Gash","Ball Lightning"],"picked":"Melter","floor":3},{"not_picked":["Cold Snap","Sweeping Beam"],"picked":"Leap","floor":5},{"not_picked":["Steam","Capacitor"],"picked":"BootSequence","floor":7},{"not_picked":["Redo","Melter"],"picked":"Streamline","floor":8},{"not_picked":["Rip and Tear","Coolheaded","Force Field"],"picked":"SKIP","floor":11},{"not_picked":["Rebound","Glacier"],"picked":"Static Discharge","floor":14},{"not_picked":["Capacitor","Ball Lightning"],"picked":"Darkness+1","floor":18},{"not_picked":["Go for the Eyes","Aggregate"],"picked":"Leap","floor":19},{"not_picked":["Fusion+1","Reprogram+1"],"picked":"Stack","floor":24},{"not_picked":["Sunder","Steam","Aggregate+1"],"picked":"SKIP","floor":25},{"not_picked":["Hologram+1","Meteor Strike"],"picked":"Ball Lightning","floor":29},{"not_picked":["Darkness","Aggregate"],"picked":"Buffer","floor":31},{"not_picked":["Creative AI","Machine Learning"],"picked":"Electrodynamics","floor":33},{"not_picked":["Sunder+1","Coolheaded+1"],"picked":"Electrodynamics","floor":35},{"not_picked":["Barrage+1","Coolheaded+1"],"picked":"Stack+1","floor":36},{"not_picked":["Capacitor","Hyperbeam"],"picked":"White Noise+1","floor":38},{"not_picked":["Sweeping Beam","Stack+1","Rebound"],"picked":"SKIP","floor":40},{"not_picked":["Steam+1","Capacitor"],"picked":"Auto Shields+1","floor":42}],"player_experience":148148,"potions_floor_usage":[11,14,16,18,25,29,29,33,36,38,44],"damage_taken":[{"damage":0,"enemies":"Cultist","floor":1,"turns":3},{"damage":0,"enemies":"2 Louse","floor":3,"turns":2},{"damage":0,"enemies":"Small Slimes","floor":5,"turns":3},{"damage":11,"enemies":"3 Sentries","floor":7,"turns":7},{"damage":0,"enemies":"Blue Slaver","floor":8,"turns":3},{"damage":0,"enemies":"Gremlin Nob","floor":11,"turns":3},{"damage":0,"enemies":"Exordium Thugs","floor":14,"turns":5},{"damage":12,"enemies":"Hexaghost","floor":16,"turns":8},{"damage":3,"enemies":"Chosen","floor":18,"turns":5},{"damage":0,"enemies":"Shell Parasite","floor":19,"turns":4},{"damage":38,"enemies":"Gremlin Leader","floor":24,"turns":7},{"damage":12,"enemies":"Snecko","floor":25,"turns":6},{"damage":4,"enemies":"Book of Stabbing","floor":29,"turns":4},{"damage":6,"enemies":"Snake Plant","floor":31,"turns":3},{"damage":26,"enemies":"Champ","floor":33,"turns":9},{"damage":0,"enemies":"3 Shapes","floor":35,"turns":8},{"damage":27,"enemies":"3 Darklings","floor":36,"turns":5},{"damage":0,"enemies":"Transient","floor":38,"turns":5},{"damage":32,"enemies":"Nemesis","floor":40,"turns":7},{"damage":7,"enemies":"4 Shapes","floor":42,"turns":7},{"damage":56,"enemies":"Giant Head","floor":44,"turns":7}],"relics_obtained":[{"floor":7,"key":"Toolbox"},{"floor":9,"key":"Cables"},{"floor":11,"key":"Smiling Mask"},{"floor":24,"key":"Blood Vial"},{"floor":26,"key":"Sundial"},{"floor":29,"key":"War Paint"},{"floor":34,"key":"Strawberry"},{"floor":34,"key":"Toxic Egg 2"},{"floor":34,"key":"Calipers"},{"floor":40,"key":"Bottled Lightning"},{"floor":43,"key":"Art of War"}],"event_choices":[{"event_name":"Big Fish","player_choice":"Donut","floor":2,"damage_taken":0},{"event_name":"Living Wall","player_choice":"Forget","floor":4,"damage_taken":0},{"event_name":"Golden Idol","player_choice":"Take Wound","floor":13,"damage_taken":0},{"event_name":"The Mausoleum","player_choice":"Yes","floor":21,"damage_taken":0},{"event_name":"N\u0027loth","player_choice":"Traded a Cables","floor":22,"damage_taken":0},{"event_name":"The Lab","player_choice":"Got Potions","floor":27,"damage_taken":0}],"boss_relics":[{"not_picked":["Cursed Key","Inserter"],"picked":"Nuclear Battery"},{"not_picked":["Tiny House","Pandora\u0027s Box"],"picked":"Calling Bell"}],"items_purged_floors":[12,20,37,39],"potions_floor_spawned":[1,8,11,16,24,25,33,36,40],"seed_played":"6721534333155029445","killed_by":"Giant Head","ascension_level":1,"potions_obtained":[{"floor":1,"key":"GamblersBrew"},{"floor":8,"key":"PowerPotion"},{"floor":11,"key":"Energy Potion"},{"floor":16,"key":"Dexterity Potion"},{"floor":24,"key":"PowerPotion"},{"floor":25,"key":"Ancient Potion"},{"floor":27,"key":"Fire Potion"},{"floor":27,"key":"Weak Potion"},{"floor":33,"key":"Energy Potion"},{"floor":36,"key":"Block Potion"},{"floor":40,"key":"Energy Potion"}],"is_trial":false}