{"gold_per_floor":[110,127,141,158,174,174,174,207,207,20,20,51,51,71,71,149,149,168,184,202,202,202],"floor_reached":22,"playtime":921,"items_purged":[],"score":400,"play_id":"5056c00c-096c-4978-b9df-5f5aa3af8b1d","local_time":"20181109000200","is_ascension_mode":true,"campfire_choices":[{"data":"True Grit","floor":6,"key":"SMITH"},{"floor":11,"key":"REST"},{"data":"Rampage","floor":15,"key":"SMITH"}],"neow_cost":"NONE","seed_source_timestamp":683989237171915,"circlet_count":0,"master_deck":["AscendersBane","Strike_R","Strike_R","Strike_R","Strike_R","Strike_R","Defend_R","Defend_R","Defend_R","Defend_R","Bash","Headbutt","True Grit+1","Rampage+1","Battle Trance","Shrug It Off","Clothesline","Carnage","Mayhem+1","Disarm","Power Through","Demon Form+1","Headbutt","Ghostly Armor"],"relics":["Burning Blood","FaceOfCleric","Kunai","Frozen Egg 2","Bag of Preparation","Cursed Key"],"potions_floor_usage":[4,8,12,16,21,21,21],"damage_taken":[{"damage":4,"enemies":"Small Slimes","floor":1,"turns":5},{"damage":12,"enemies":"Cultist","floor":2,"turns":4},{"damage":1,"enemies":"2 Louse","floor":3,"turns":3},{"damage":26,"enemies":"Exordium Thugs","floor":4,"turns":5},{"damage":7,"enemies":"Looter","floor":5,"turns":3},{"damage":18,"enemies":"3 Sentries","floor":8,"turns":6},{"damage":27,"enemies":"Gremlin Nob","floor":12,"turns":4},{"damage":2,"enemies":"2 Fungi Beasts","floor":14,"turns":4},{"damage":46,"enemies":"Slime Boss","floor":16,"turns":11},{"damage":0,"enemies":"Chosen","floor":18,"turns":3},{"damage":21,"enemies":"Shell Parasite","floor":19,"turns":9},{"damage":23,"enemies":"Cultist and Chosen","floor":20,"turns":6},{"damage":5,"enemies":"Centurion and Healer","floor":21,"turns":3},{"damage":47,"enemies":"Shelled Parasite and Fungi","floor":22,"turns":5}],"seed_played":"-7575499816377905864","potions_obtained":[{"floor":2,"key":"BloodPotion"},{"floor":3,"key":"SkillPotion"},{"floor":4,"key":"Fire Potion"},{"floor":8,"key":"FearPotion"},{"floor":16,"key":"Explosive Potion"},{"floor":20,"key":"EntropicBrew"}],"is_trial":false,"path_per_floor":["M","M","M","M","M","R","?","E","T","$","R","E","$","M","R","B",null,"M","M","M","M","M"],"character_chosen":"IRONCLAD","items_purchased":["Mayhem+1"],"campfire_rested":1,"item_purchase_floors":[10],"current_hp_per_floor":[70,64,69,49,48,48,48,37,37,37,59,39,39,44,44,12,62,69,55,39,41,0],"gold":202,"neow_bonus":"THREE_CARDS","is_prod":false,"is_daily":false,"chose_seed":false,"campfire_upgraded":2,"win_rate":0,"timestamp":1541750520,"path_taken":["M","M","M","M","M","R","?","E","T","?","R","E","$","?","R","BOSS","M","M","M","M","M"],"build_version":"2018-11-08","purchased_purges":0,"victory":false,"max_hp_per_floor":[75,75,75,75,75,75,75,76,76,76,76,77,77,78,78,79,79,80,81,82,83,83],"card_choices":[{"not_picked":["Body Slam","Heavy Blade"],"picked":"Headbutt","floor":0},{"not_picked":["Perfected Strike","Searing Blow"],"picked":"True Grit","floor":1},{"not_picked":["Reckless Charge","Clash"],"picked":"Rampage","floor":2},{"not_picked":["Pommel Strike","Clash"],"picked":"Battle Trance","floor":3},{"not_picked":["Shockwave","Warcry"],"picked":"Shrug It Off","floor":4},{"not_picked":["Pommel Strike","Headbutt"],"picked":"Clothesline","floor":5},{"not_picked":["Sword Boomerang","Berserk"],"picked":"Carnage","floor":8},{"not_picked":["Thunderclap","Armaments"],"picked":"Disarm","floor":12},{"not_picked":["Reckless Charge","Heavy Blade"],"picked":"Power Through","floor":14},{"not_picked":["Feed","Immolate"],"picked":"Demon Form+1","floor":16},{"not_picked":["Searing Blow","Pummel","Intimidate+1"],"picked":"SKIP","floor":18},{"not_picked":["Perfected Strike+1","Clothesline"],"picked":"Headbutt","floor":19},{"not_picked":["Inflame+1","Cleave"],"picked":"Ghostly Armor","floor":20}],"player_experience":928216,"relics_obtained":[{"floor":8,"key":"Kunai"},{"floor":9,"key":"Frozen Egg 2"},{"floor":12,"key":"Bag of Preparation"}],"event_choices":[{"damage_healed":0,"gold_gain":0,"player_choice":"Trade","damage_taken":0,"relics_obtained":["FaceOfCleric"],"max_hp_gain":0,"max_hp_loss":0,"event_name":"FaceTrader","floor":7,"gold_loss":0}],"is_beta":true,"boss_relics":[{"not_picked":["Eternal Feather","Black Blood"],"picked":"Cursed Key"}],"items_purged_floors":[],"is_endless":false,"potions_floor_spawned":[2,3,4,8,16,20,21],"killed_by":"Shelled Parasite and Fungi","ascension_level":20}