{"gold_per_floor":[112,187,32,32,44,44,77,95,118,41,41,41,54,67,67,67],"floor_reached":16,"playtime":328,"items_purged":["Strike_R"],"score":219,"play_id":"7a97551c-a1e6-4caa-b91a-68b374039a1c","local_time":"20180924012338","is_ascension_mode":true,"campfire_choices":[{"data":"Rampage","floor":6,"key":"SMITH"},{"data":"Evolve","floor":11,"key":"SMITH"},{"data":"Clothesline","floor":15,"key":"SMITH"}],"neow_cost":"NONE","seed_source_timestamp":99554387801616,"circlet_count":0,"master_deck":["Strike_R","Strike_R","Strike_R","Strike_R","Defend_R","Defend_R","Defend_R","Defend_R","Bash","AscendersBane","Feel No Pain","Rampage+1","Regret","Clothesline+1","Wild Strike","Evolve+1","Carnage"],"relics":["Burning Blood","NeowsBlessing","Bag of Preparation","Centennial Puzzle","Oddly Smooth Stone"],"potions_floor_usage":[],"damage_taken":[{"damage":0,"enemies":"Small Slimes","floor":1,"turns":1},{"damage":0,"enemies":"Cultist","floor":5,"turns":1},{"damage":0,"enemies":"Lagavulin","floor":7,"turns":1},{"damage":6,"enemies":"2 Louse","floor":8,"turns":2},{"damage":18,"enemies":"Large Slime","floor":13,"turns":6},{"damage":15,"enemies":"Red Slaver","floor":14,"turns":3},{"damage":56,"enemies":"Hexaghost","floor":16,"turns":9}],"seed_played":"6120976302963933886","potions_obtained":[{"floor":1,"key":"Ancient Potion"},{"floor":14,"key":"SneckoOil"}],"is_trial":false,"path_per_floor":["M","?","$","?","M","R","E","M","T","$","R","$","M","M","R"],"character_chosen":"IRONCLAD","items_purchased":["Rampage","Evolve"],"campfire_rested":0,"item_purchase_floors":[3,10],"current_hp_per_floor":[74,63,63,63,69,69,75,75,75,75,75,75,63,54,54,0],"gold":67,"neow_bonus":"THREE_ENEMY_KILL","is_prod":false,"is_daily":false,"chose_seed":false,"campfire_upgraded":3,"win_rate":0,"timestamp":1537777418,"path_taken":["M","?","$","?","?","R","E","M","T","$","R","?","M","M","R","BOSS"],"build_version":"2018-09-20","purchased_purges":1,"victory":false,"max_hp_per_floor":[75,75,75,75,75,75,75,75,75,75,75,75,75,75,75,75],"card_choices":[{"not_picked":["Metallicize","Seeing Red"],"picked":"Feel No Pain","floor":1},{"not_picked":["Havoc","Iron Wave"],"picked":"Clothesline","floor":5},{"not_picked":["Iron Wave","Reckless Charge"],"picked":"Wild Strike","floor":7},{"not_picked":["Fire Breathing","Twin Strike","Heavy Blade"],"picked":"SKIP","floor":8},{"not_picked":["Searing Blow","Cleave"],"picked":"Carnage","floor":13},{"not_picked":["Blood for Blood","Heavy Blade","Infernal Blade"],"picked":"SKIP","floor":14}],"player_experience":829296,"relics_obtained":[{"floor":7,"key":"Centennial Puzzle"},{"floor":9,"key":"Oddly Smooth Stone"}],"event_choices":[{"event_name":"World of Goop","player_choice":"Gather Gold","floor":2,"damage_taken":0},{"event_name":"Big Fish","player_choice":"Box","floor":4,"damage_taken":0}],"is_beta":true,"boss_relics":[],"items_purged_floors":[3],"is_endless":false,"potions_floor_spawned":[1,14],"killed_by":"Hexaghost","ascension_level":15}