{"path_per_floor":["M","$","?","M","M","R","E","M","T","?","R","M","$","M","R","B",null,"M","?","?","$","?","M","R","M","T","M","M","$","E","M","R"],"character_chosen":"DEFECT","items_purchased":["Cold Snap","Loop","Mummified Hand","Barrage"],"gold_per_floor":[210,184,184,195,211,211,243,263,313,375,375,387,29,42,42,143,143,160,160,160,160,160,173,173,193,193,213,230,181,215,234,234,234],"floor_reached":33,"campfire_rested":1,"playtime":2999,"item_purchase_floors":[2,13,13,29],"current_hp_per_floor":[69,69,69,63,59,59,58,58,58,36,36,36,36,36,36,19,80,76,76,76,76,76,81,81,65,65,65,65,65,34,34,59,0],"items_purged":["Strike_B"],"gold":234,"score":269,"play_id":"aa143ea5-94f8-41eb-aa5c-32d9643811f3","local_time":"20180601105820","is_prod":false,"is_daily":false,"chose_seed":false,"is_ascension_mode":false,"campfire_upgraded":4,"win_rate":0.0,"timestamp":1527875900,"campfire_choices":[{"data":"Glacier","floor":6,"key":"SMITH"},{"data":"Barrage","floor":11,"key":"SMITH"},{"data":"Hologram","floor":15,"key":"SMITH"},{"data":"Streamline","floor":24,"key":"SMITH"},{"floor":32,"key":"REST"}],"path_taken":["M","$","?","M","M","R","E","M","T","?","R","M","$","M","R","BOSS","M","?","?","$","?","M","R","M","T","?","M","$","E","M","R","BOSS"],"build_version":"2018-05-31","seed_source_timestamp":938787135465410,"purchased_purges":1,"victory":false,"master_deck":["Strike_B","Strike_B","Strike_B","Defend_B","Defend_B","Defend_B","Defend_B","Zap+1","Dualcast","Barrage+1","Cold Snap","Go for the Eyes","Glacier+1","White Noise","Leap","Steam","Loop","Hologram+1","Seek","Streamline+1","Go for the Eyes","Reinforced Body","Beam Cell","Steam+1","Ball Lightning","FTL","Barrage","Hologram"],"max_hp_per_floor":[75,75,75,75,75,75,80,80,80,80,80,80,80,80,80,80,80,80,80,80,80,80,85,85,85,85,85,85,85,85,85,85,85],"relics":["Cracked Core","Bottled Flame","Potion Belt","Anchor","Mummified Hand","Orrery","Toolbox","Juzu Bracelet"],"card_choices":[{"not_picked":["Sweeping Beam","Compile Driver"],"picked":"Barrage","floor":1},{"not_picked":["Stack","Beam Cell"],"picked":"Go for the Eyes","floor":4},{"not_picked":["Ball Lightning","Steam"],"picked":"Glacier","floor":5},{"not_picked":["Glacier","Chaos"],"picked":"White Noise","floor":7},{"not_picked":["BootSequence","Darkness"],"picked":"Leap","floor":8},{"not_picked":["Tempest","Gash"],"picked":"Steam","floor":10},{"not_picked":["Auto Shields","Multi-Cast","Cold Snap"],"picked":"SKIP","floor":12},{"not_picked":["Coolheaded","Melter"],"picked":"Hologram","floor":14},{"not_picked":["Electrodynamics","Reboot"],"picked":"Seek","floor":16},{"not_picked":["Barrage","Aggregate"],"picked":"Streamline","floor":17},{"not_picked":["Cold Snap","Aggregate"],"picked":"Go for the Eyes","floor":17},{"not_picked":["Tempest","Barrage"],"picked":"Reinforced Body","floor":17},{"not_picked":["Sweeping Beam+1","Coolheaded"],"picked":"Beam Cell","floor":18},{"not_picked":["Coolheaded","Darkness+1"],"picked":"Steam+1","floor":23},{"not_picked":["Hello World","Coolheaded"],"picked":"Ball Lightning","floor":25},{"not_picked":["Rainbow","Sweeping Beam","Ball Lightning"],"picked":"SKIP","floor":27},{"not_picked":["BootSequence","Streamline"],"picked":"FTL","floor":28},{"not_picked":["Gash","Thunder Strike"],"picked":"Hologram","floor":30},{"not_picked":["Streamline","Go for the Eyes","Doom and Gloom"],"picked":"SKIP","floor":31}],"player_experience":773366,"potions_floor_usage":[7,7,23,23,31,33,33,33,33],"damage_taken":[{"damage":6,"enemies":"2 Louse","floor":1,"turns":3},{"damage":6,"enemies":"Jaw Worm","floor":4,"turns":3},{"damage":4,"enemies":"Small Slimes","floor":5,"turns":2},{"damage":6,"enemies":"Gremlin Nob","floor":7,"turns":5},{"damage":0,"enemies":"Looter","floor":8,"turns":3},{"damage":22,"enemies":"Gremlin Nob","floor":10,"turns":5},{"damage":0,"enemies":"Red Slaver","floor":12,"turns":2},{"damage":0,"enemies":"Lots of Slimes","floor":14,"turns":4},{"damage":17,"enemies":"Slime Boss","floor":16,"turns":16},{"damage":4,"enemies":"Shell Parasite","floor":18,"turns":8},{"damage":0,"enemies":"3 Byrds","floor":23,"turns":3},{"damage":16,"enemies":"Sentry and Sphere","floor":25,"turns":10},{"damage":0,"enemies":"Snake Plant","floor":27,"turns":6},{"damage":7,"enemies":"Centurion and Healer","floor":28,"turns":10},{"damage":31,"enemies":"Gremlin Leader","floor":30,"turns":10},{"damage":0,"enemies":"Snecko","floor":31,"turns":5},{"damage":65,"enemies":"Champ","floor":33,"turns":12}],"relics_obtained":[{"floor":7,"key":"Bottled Flame"},{"floor":9,"key":"Potion Belt"},{"floor":10,"key":"Anchor"},{"floor":26,"key":"Toolbox"},{"floor":30,"key":"Juzu Bracelet"}],"event_choices":[{"event_name":"Living Wall","player_choice":"Grow","floor":3,"damage_taken":0},{"event_name":"Dead Adventurer","player_choice":"Searched \u00273\u0027 times","floor":10,"damage_taken":0},{"event_name":"The Lab","player_choice":"Got Potions","floor":19,"damage_taken":0},{"event_name":"Ghosts","player_choice":"Ignored","floor":20,"damage_taken":0},{"event_name":"The Woman in Blue","player_choice":"Bought 0 Potions","floor":22,"damage_taken":0}],"boss_relics":[{"not_picked":["Velvet Choker","Lizard Tail"],"picked":"Orrery"}],"items_purged_floors":[13],"potions_floor_spawned":[4,5,10,23,25,28,31],"seed_played":"8391857645611111103","killed_by":"Champ","ascension_level":0,"potions_obtained":[{"floor":4,"key":"Fruit Juice"},{"floor":5,"key":"Block Potion"},{"floor":10,"key":"LiquidBronze"},{"floor":19,"key":"Dexterity Potion"},{"floor":19,"key":"Fruit Juice"},{"floor":19,"key":"Ancient Potion"},{"floor":23,"key":"SkillPotion"},{"floor":25,"key":"Energy Potion"},{"floor":28,"key":"Block Potion"},{"floor":31,"key":"Poison Potion"}],"is_trial":false}