{"gold_per_floor":[112,124,124,139,151,181,147,147,147,147,177,194,194,194,194,292,292,302,302,107,118,138,138,164,164,209,209,239,250,250,264,264,264],"floor_reached":33,"playtime":2016,"items_purged":[],"score":295,"play_id":"4d0ab425-9203-4d2d-b892-5d828b9eb3ee","local_time":"20181124013755","is_ascension_mode":false,"campfire_choices":[{"floor":8,"key":"REST"},{"data":"Bouncing Flask","floor":13,"key":"SMITH"},{"floor":15,"key":"REST"},{"floor":23,"key":"REST"},{"floor":27,"key":"REST"},{"floor":30,"key":"REST"},{"floor":32,"key":"REST"}],"neow_cost":"NONE","seed_source_timestamp":187850095321996,"circlet_count":0,"master_deck":["Defend_G","Defend_G","Defend_G","Defend_G","Defend_G","Strike_G","Strike_G","Strike_G","Strike_G","Strike_G","Survivor","Neutralize","Bouncing Flask+1","Deadly Poison","PiercingWail","Unload","Deflect","Cloak And Dagger","Corpse Explosion","Underhanded Strike","RitualDagger","Beam Cell","Uppercut","Rage","Leap+1","Wild Strike+1","Dual Wield+1"],"relics":["Ring of the Snake","Anchor","Dodecahedron","Pantograph","Darkstone Periapt","Velvet Choker","PrismaticShard","The Courier","GremlinMask","Potion Belt","Tough Bandages"],"potions_floor_usage":[28,33,33,33],"damage_taken":[{"damage":1,"enemies":"Jaw Worm","floor":1,"turns":5},{"damage":1,"enemies":"Cultist","floor":2,"turns":5},{"damage":5,"enemies":"2 Louse","floor":4,"turns":3},{"damage":2,"enemies":"Exordium Wildlife","floor":5,"turns":4},{"damage":32,"enemies":"Gremlin Nob","floor":6,"turns":4},{"damage":13,"enemies":"Lagavulin","floor":11,"turns":5},{"damage":0,"enemies":"3 Louse","floor":12,"turns":5},{"damage":4,"enemies":"Hexaghost","floor":16,"turns":9},{"damage":2,"enemies":"2 Thieves","floor":18,"turns":4},{"damage":7,"enemies":"Shell Parasite","floor":21,"turns":4},{"damage":25,"enemies":"Centurion and Healer","floor":22,"turns":6},{"damage":24,"enemies":"Gremlin Leader","floor":24,"turns":6},{"damage":35,"enemies":"Slavers","floor":28,"turns":5},{"damage":12,"enemies":"Chosen and Byrds","floor":29,"turns":6},{"damage":0,"enemies":"Snake Plant","floor":31,"turns":3},{"damage":76,"enemies":"Champ","floor":33,"turns":10}],"seed_played":"6124982984036614484","potions_obtained":[{"floor":1,"key":"PowerPotion"},{"floor":6,"key":"Ancient Potion"},{"floor":16,"key":"SpeedPotion"},{"floor":29,"key":"Explosive Potion"}],"is_trial":false,"path_per_floor":["M","M","?","M","M","E","?","R","T","?","E","M","R","$","R","B",null,"M","?","$","M","M","R","E","?","T","R","E","M","R","M","R","B"],"character_chosen":"THE_SILENT","items_purchased":["PrismaticShard"],"campfire_rested":6,"item_purchase_floors":[20],"current_hp_per_floor":[69,68,70,65,63,31,31,52,52,70,57,57,57,57,70,66,70,68,62,62,55,30,51,27,27,27,48,13,1,22,22,43,0],"gold":264,"neow_bonus":"RANDOM_COMMON_RELIC","is_prod":false,"is_daily":false,"chose_seed":false,"campfire_upgraded":1,"win_rate":0.0,"timestamp":1543041475,"path_taken":["M","M","?","M","?","E","?","R","T","?","E","M","R","$","R","BOSS","M","?","$","M","M","R","E","?","T","R","E","M","R","?","R","BOSS"],"build_version":"2018-11-15","purchased_purges":0,"victory":false,"max_hp_per_floor":[70,70,70,70,70,70,70,70,70,70,70,70,70,70,70,70,70,70,70,70,70,70,70,70,70,70,70,70,70,70,70,70,70],"card_choices":[{"not_picked":["Quick Slash","Underhanded Strike"],"picked":"Deflect","floor":1},{"not_picked":["Leg Sweep","Terror"],"picked":"Bouncing Flask","floor":2},{"not_picked":["Skewer","Blade Dance"],"picked":"Deadly Poison","floor":4},{"not_picked":["Accuracy","Acrobatics"],"picked":"PiercingWail","floor":5},{"not_picked":["Backflip","PiercingWail"],"picked":"Unload","floor":6},{"not_picked":["Tactician","Outmaneuver"],"picked":"Deflect","floor":11},{"not_picked":["Escape Plan","PiercingWail"],"picked":"Cloak And Dagger","floor":12},{"not_picked":["Venomology","Bullet Time"],"picked":"Corpse Explosion","floor":16},{"not_picked":["Accuracy","Blade Dance"],"picked":"Underhanded Strike","floor":18},{"not_picked":["Dodge and Roll","Barrage"],"picked":"Beam Cell","floor":21},{"not_picked":["Hologram","Power Through"],"picked":"Uppercut","floor":22},{"not_picked":["Biased Cognition","Streamline"],"picked":"Rage","floor":24},{"not_picked":["Conserve Battery","Cloak And Dagger+1"],"picked":"Leap+1","floor":28},{"not_picked":["Dual Wield+1","BootSequence"],"picked":"Wild Strike+1","floor":29},{"not_picked":["Redo","Reflex"],"picked":"Dual Wield+1","floor":31}],"player_experience":75050,"relics_obtained":[{"floor":6,"key":"Dodecahedron"},{"floor":9,"key":"Pantograph"},{"floor":11,"key":"Darkstone Periapt"},{"floor":24,"key":"The Courier"},{"floor":26,"key":"Potion Belt"},{"floor":28,"key":"Tough Bandages"}],"event_choices":[{"cards_removed":["Deflect"],"damage_healed":5,"gold_gain":0,"player_choice":"Offered Common","damage_taken":0,"max_hp_gain":0,"max_hp_loss":0,"event_name":"Bonfire Elementals","floor":3,"gold_loss":0},{"cards_removed":["Deflect"],"damage_healed":5,"gold_gain":0,"player_choice":"Offered Special","damage_taken":0,"max_hp_gain":0,"max_hp_loss":0,"event_name":"Bonfire Elementals","floor":3,"gold_loss":0},{"damage_healed":0,"gold_gain":0,"player_choice":"Left Gold","damage_taken":0,"max_hp_gain":0,"max_hp_loss":0,"event_name":"World of Goop","floor":7,"gold_loss":34},{"damage_healed":23,"gold_gain":0,"player_choice":"Banana","damage_taken":0,"max_hp_gain":0,"max_hp_loss":0,"event_name":"Big Fish","floor":10,"gold_loss":0},{"damage_healed":0,"gold_gain":0,"player_choice":"Joined the Cult","damage_taken":6,"max_hp_gain":0,"max_hp_loss":0,"event_name":"Nest","floor":19,"gold_loss":0,"cards_obtained":["RitualDagger"]},{"damage_healed":0,"gold_gain":0,"player_choice":"Trade","damage_taken":0,"relics_obtained":["GremlinMask"],"max_hp_gain":0,"max_hp_loss":0,"event_name":"FaceTrader","floor":25,"gold_loss":0}],"is_beta":false,"boss_relics":[{"not_picked":["Runic Pyramid","Fusion Hammer"],"picked":"Velvet Choker"}],"items_purged_floors":[],"is_endless":false,"potions_floor_spawned":[1,6,16,24,29],"killed_by":"Champ","ascension_level":0}