{"gold_per_floor":[117,117,117,132,145,145,175,191,191,203,203,203,203,107,107,238,238,262,262,277,277,292,292,315,315,315,351,53,74,74],"floor_reached":30,"playtime":2337,"items_purged":["Defend_B"],"score":338,"play_id":"7d95db28-c4a2-4fc3-8cfd-c3c7c7f56ba5","local_time":"20180831121723","is_ascension_mode":true,"campfire_choices":[{"data":"Beam Cell","floor":6,"key":"SMITH"},{"data":"Conserve Battery","floor":12,"key":"SMITH"},{"data":"Gash","floor":15,"key":"SMITH"},{"data":"Hologram","floor":23,"key":"SMITH"},{"data":"Go for the Eyes","floor":25,"key":"SMITH"}],"neow_cost":"NONE","seed_source_timestamp":1361101268980839,"circlet_count":0,"master_deck":["Defend_B","Defend_B","Defend_B","Zap+1","Dualcast+1","Gash+1","Skim","Beam Cell+1","Conserve Battery+1","Gash","Finesse","Echo Form","Glacier","Bite","Bite","Bite","Bite","Bite","Hologram+1","Go for the Eyes+1","Capacitor","Chill+1"],"relics":["Cracked Core","Potion Belt","Blue Candle","Golden Idol","Empty Cage","Letter Opener","Cables","DataDisk"],"potions_floor_usage":[7,16,22],"damage_taken":[{"damage":0,"enemies":"Small Slimes","floor":1,"turns":2},{"damage":2,"enemies":"2 Louse","floor":4,"turns":2},{"damage":2,"enemies":"Jaw Worm","floor":5,"turns":3},{"damage":15,"enemies":"Lagavulin","floor":7,"turns":4},{"damage":7,"enemies":"Exordium Thugs","floor":8,"turns":4},{"damage":18,"enemies":"3 Louse","floor":10,"turns":3},{"damage":47,"enemies":"The Guardian","floor":16,"turns":11},{"damage":31,"enemies":"3 Byrds","floor":18,"turns":5},{"damage":11,"enemies":"Shell Parasite","floor":20,"turns":7},{"damage":18,"enemies":"Centurion and Healer","floor":22,"turns":8},{"damage":23,"enemies":"Cultist and Chosen","floor":24,"turns":8},{"damage":49,"enemies":"Slavers","floor":27,"turns":7},{"damage":26,"enemies":"Snake Plant","floor":29,"turns":5},{"damage":18,"enemies":"Centurion and Healer","floor":30,"turns":4}],"seed_played":"9214372123097149758","potions_obtained":[{"floor":4,"key":"AttackPotion"},{"floor":7,"key":"FearPotion"},{"floor":16,"key":"Energy Potion"},{"floor":18,"key":"SpeedPotion"},{"floor":27,"key":"AttackPotion"}],"is_trial":false,"path_per_floor":["M","?","?","M","M","R","E","M","T","M","?","R","?","$","R","B",null,"M","?","M","?","M","R","M","R","T","E","$","M"],"character_chosen":"DEFECT","items_purchased":["Finesse","DataDisk","Capacitor"],"campfire_rested":0,"item_purchase_floors":[14,28,28],"current_hp_per_floor":[75,75,72,70,68,68,53,46,46,30,30,30,53,53,53,8,54,25,25,32,69,69,69,58,58,58,21,21,1,0],"gold":74,"neow_bonus":"UPGRADE_CARD","is_prod":false,"is_daily":false,"chose_seed":false,"campfire_upgraded":5,"win_rate":0,"timestamp":1535743043,"path_taken":["M","?","?","M","M","R","E","M","T","?","?","R","?","$","R","BOSS","M","?","M","?","M","R","M","R","T","E","$","?","?"],"build_version":"2018-08-30","purchased_purges":1,"victory":false,"max_hp_per_floor":[75,75,75,75,75,75,75,75,75,75,69,69,69,69,69,69,69,69,69,69,69,69,69,69,69,69,69,69,69,69],"card_choices":[{"not_picked":["Redo","Rebound"],"picked":"Gash","floor":1},{"not_picked":["Static Discharge","Turbo"],"picked":"Skim","floor":4},{"not_picked":["Loop","Rip and Tear"],"picked":"Beam Cell","floor":5},{"not_picked":["Reinforced Body","Steam Power"],"picked":"Conserve Battery","floor":7},{"not_picked":["Genetic Algorithm","Steam"],"picked":"Gash","floor":8},{"not_picked":["Beam Cell","Lockon","Turbo"],"picked":"SKIP","floor":10},{"not_picked":["Multi-Cast","Buffer"],"picked":"Echo Form","floor":16},{"not_picked":["Streamline+1","Turbo"],"picked":"Glacier","floor":18},{"not_picked":["Coolheaded","Turbo","Skim"],"picked":"SKIP","floor":20},{"not_picked":["Compile Driver","Beam Cell+1"],"picked":"Hologram","floor":22},{"not_picked":["Compile Driver","Redo"],"picked":"Go for the Eyes","floor":24},{"not_picked":["Go for the Eyes+1","Force Field","Melter"],"picked":"SKIP","floor":27},{"not_picked":["Hologram","Heatsinks"],"picked":"Chill+1","floor":29}],"player_experience":995499,"relics_obtained":[{"floor":7,"key":"Blue Candle"},{"floor":9,"key":"Blood Vial"},{"floor":26,"key":"Letter Opener"},{"floor":27,"key":"Cables"}],"event_choices":[{"event_name":"Living Wall","player_choice":"Grow","floor":2,"damage_taken":0},{"event_name":"Scrap Ooze","player_choice":"success","floor":3,"damage_taken":3},{"event_name":"Golden Idol","player_choice":"Lose Max HP","floor":11,"damage_taken":0},{"event_name":"Big Fish","player_choice":"Banana","floor":13,"damage_taken":0},{"event_name":"Vampires","player_choice":"Became a vampire (Vial)","floor":19,"damage_taken":0},{"event_name":"Wheel of Change","player_choice":"Full Heal","floor":21,"damage_taken":0}],"is_beta":false,"boss_relics":[{"not_picked":["Runic Dome","Snecko Eye"],"picked":"Empty Cage"}],"items_purged_floors":[28],"is_endless":false,"potions_floor_spawned":[4,7,16,18,27],"killed_by":"Centurion and Healer","ascension_level":5}