{"gold_per_floor":[109,122,122,47,60,95,95,114,114,114,133,167,93,113,113,216,216,227,227,242,63,73,101,101,101,126,1,35,35,49,49,49,146,146,162,162,182,182,201,236,254,254,277,277,287,0,10,30,30,30,30,30,30,65,65],"floor_reached":55,"playtime":2316,"items_purged":["Strike_R","Strike_R","Strike_R","Writhe"],"score":936,"play_id":"9d282709-7121-4e17-aa92-f9454da380ad","local_time":"20190207001623","is_ascension_mode":true,"campfire_choices":[{"data":"Bash","floor":7,"key":"SMITH"},{"data":"Flame Barrier","floor":10,"key":"SMITH"},{"data":"Ghostly Armor","floor":15,"key":"SMITH"},{"data":"Body Slam","floor":24,"key":"SMITH"},{"floor":32,"key":"REST"},{"data":"Rage","floor":42,"key":"SMITH"},{"floor":49,"key":"RECALL"},{"floor":52,"key":"REST"}],"neow_cost":"NONE","seed_source_timestamp":90228256488324,"circlet_count":0,"master_deck":["Strike_R+1","Defend_R","Defend_R","Defend_R","Defend_R","Bash+1","Iron Wave","Ghostly Armor+1","Pommel Strike","Flame Barrier+1","Whirlwind+1","Inflame+1","Juggernaut+1","Entrench+1","Body Slam+1","Rage+1","Offering","Iron Wave","Metallicize+1","Armaments+1","Madness","Madness","True Grit+1","Offering","Barricade+1"],"relics":["Burning Blood","NeowsBlessing","Strawberry","Pantograph","Frozen Egg 2","Sozu","Whetstone","Lantern","Regal Pillow","Bronze Scales","Enchiridion","Busted Crown","Molten Egg 2","Meat on the Bone","Kunai"],"potions_floor_usage":[6,6,12,50],"damage_taken":[{"damage":0,"enemies":"Cultist","floor":1,"turns":1},{"damage":0,"enemies":"2 Louse","floor":2,"turns":1},{"damage":0,"enemies":"Jaw Worm","floor":5,"turns":1},{"damage":31,"enemies":"Gremlin Nob","floor":6,"turns":5},{"damage":3,"enemies":"Exordium Wildlife","floor":8,"turns":4},{"damage":7,"enemies":"3 Louse","floor":11,"turns":4},{"damage":31,"enemies":"Lagavulin","floor":12,"turns":8},{"damage":0,"enemies":"2 Fungi Beasts","floor":14,"turns":3},{"damage":44,"enemies":"The Guardian","floor":16,"turns":14},{"damage":0,"enemies":"Chosen","floor":18,"turns":5},{"damage":0,"enemies":"Spheric Guardian","floor":20,"turns":4},{"damage":7,"enemies":"Cultist and Chosen","floor":22,"turns":5},{"damage":27,"enemies":"Slavers","floor":23,"turns":6},{"damage":6,"enemies":"Book of Stabbing","floor":28,"turns":4},{"damage":13,"enemies":"Shelled Parasite and Fungi","floor":30,"turns":4},{"damage":39,"enemies":"Collector","floor":33,"turns":8},{"damage":0,"enemies":"Orb Walker","floor":35,"turns":3},{"damage":6,"enemies":"3 Darklings","floor":37,"turns":1},{"damage":6,"enemies":"Jaw Worm Horde","floor":39,"turns":4},{"damage":20,"enemies":"Giant Head","floor":40,"turns":6},{"damage":7,"enemies":"Spire Growth","floor":41,"turns":4},{"damage":26,"enemies":"Transient","floor":45,"turns":5},{"damage":0,"enemies":"Sphere and 2 Shapes","floor":47,"turns":3},{"damage":37,"enemies":"Spire Growth","floor":48,"turns":3},{"damage":51,"enemies":"Time Eater","floor":50,"turns":11},{"damage":55,"enemies":"Shield and Spear","floor":54,"turns":5},{"damage":80,"enemies":"The Heart","floor":55,"turns":3}],"seed_played":"-1075046692600025498","potions_obtained":[{"floor":1,"key":"Swift Potion"},{"floor":5,"key":"Block Potion"},{"floor":8,"key":"Strength Potion"},{"floor":16,"key":"Dexterity Potion"}],"is_trial":false,"path_per_floor":["M","M","?","$","M","E","R","M","T","R","M","E","$","M","R","B",null,"M","?","M","$","M","E","R","?","T","$","E","?","M","?","R","B",null,"M","?","M","?","M","E","M","R","T","?","M","$","M","M","R","B",null,"R","$","E","B"],"character_chosen":"IRONCLAD","items_purchased":["Inflame+1","Offering","Offering"],"campfire_rested":2,"item_purchase_floors":[13,21,46],"current_hp_per_floor":[80,80,80,80,80,62,62,65,65,65,64,39,39,45,45,32,73,79,79,85,85,84,63,63,46,46,46,46,46,39,23,65,57,83,89,89,89,77,77,63,62,62,62,62,54,54,60,41,41,33,77,92,92,55,0],"gold":65,"neow_bonus":"THREE_ENEMY_KILL","is_prod":false,"is_daily":false,"chose_seed":false,"campfire_upgraded":5,"win_rate":0,"timestamp":1549466183,"path_taken":["M","?","?","$","M","E","R","M","T","R","M","E","?","M","R","BOSS","M","?","M","$","M","E","R","?","T","?","E","?","M","?","R","BOSS","M","?","M","?","M","E","M","R","T","?","M","$","?","?","R","BOSS","R","$","E","BOSS"],"build_version":"2019-01-23","purchased_purges":4,"victory":false,"max_hp_per_floor":[80,80,80,80,80,87,87,87,87,87,87,87,87,87,87,87,87,87,87,87,87,87,87,87,92,92,92,92,92,92,92,92,92,92,92,92,92,92,92,92,92,92,92,92,92,92,92,92,92,92,92,92,92,92,92],"card_choices":[{"not_picked":["Feel No Pain","Sever Soul"],"picked":"Iron Wave","floor":1},{"not_picked":["Sentinel","Thunderclap"],"picked":"Ghostly Armor","floor":2},{"not_picked":["Headbutt","Reckless Charge"],"picked":"Pommel Strike","floor":5},{"not_picked":["Rupture","Flex","Combust"],"picked":"SKIP","floor":6},{"not_picked":["Perfected Strike","Havoc"],"picked":"Flame Barrier","floor":8},{"not_picked":["Reaper","Headbutt","Hemokinesis"],"picked":"SKIP","floor":11},{"not_picked":["Sword Boomerang","Spot Weakness"],"picked":"Whirlwind","floor":12},{"not_picked":["Blood for Blood","Intimidate","Thunderclap"],"picked":"SKIP","floor":14},{"not_picked":["Brutality+1","Immolate"],"picked":"Juggernaut+1","floor":16},{"not_picked":["Iron Wave","True Grit"],"picked":"Entrench+1","floor":18},{"not_picked":["Hemokinesis","Clothesline+1"],"picked":"Rage","floor":20},{"not_picked":["Disarm","Clash+1"],"picked":"Iron Wave","floor":22},{"not_picked":["Spot Weakness","Armaments","Brutality+1"],"picked":"SKIP","floor":23},{"not_picked":["Pommel Strike","Thunderclap"],"picked":"Metallicize+1","floor":28},{"not_picked":["Sever Soul","Anger"],"picked":"Armaments+1","floor":30},{"not_picked":[],"picked":"Uppercut","floor":35},{"not_picked":["Armaments+1"],"picked":"SKIP","floor":37},{"not_picked":["Dropkick+1"],"picked":"SKIP","floor":39},{"not_picked":[],"picked":"True Grit+1","floor":40},{"not_picked":["Heavy Blade+1"],"picked":"SKIP","floor":41},{"not_picked":["Reckless Charge+1"],"picked":"SKIP","floor":45},{"not_picked":["Heavy Blade+1"],"picked":"SKIP","floor":47},{"not_picked":["Armaments+1"],"picked":"SKIP","floor":48},{"not_picked":[],"picked":"Barricade+1","floor":54}],"player_experience":823216,"relics_obtained":[{"floor":6,"key":"Strawberry"},{"floor":9,"key":"Pantograph"},{"floor":12,"key":"Frozen Egg 2"},{"floor":23,"key":"Whetstone"},{"floor":26,"key":"Lantern"},{"floor":28,"key":"Regal Pillow"},{"floor":31,"key":"Enchiridion"},{"floor":40,"key":"Molten Egg 2"},{"floor":44,"key":"Meat on the Bone"},{"floor":54,"key":"Kunai"}],"event_choices":[{"cards_removed":["Strike_R"],"damage_healed":0,"gold_gain":0,"player_choice":"Offered Basic","damage_taken":0,"max_hp_gain":0,"max_hp_loss":0,"event_name":"Bonfire Elementals","floor":3,"gold_loss":0},{"damage_healed":0,"gold_gain":0,"player_choice":"Read","damage_taken":0,"max_hp_gain":0,"max_hp_loss":0,"event_name":"The Library","floor":19,"gold_loss":0,"cards_obtained":["Body Slam"]},{"damage_healed":0,"gold_gain":0,"player_choice":"Shed Blood","damage_taken":22,"max_hp_gain":5,"max_hp_loss":0,"event_name":"Forgotten Altar","floor":25,"gold_loss":0},{"damage_healed":0,"gold_gain":0,"player_choice":"Opened","damage_taken":0,"relics_obtained":["Bronze Scales"],"max_hp_gain":0,"max_hp_loss":0,"event_name":"The Mausoleum","floor":29,"gold_loss":0,"cards_obtained":["Writhe"]},{"damage_healed":0,"gold_gain":0,"player_choice":"Obtained Book","damage_taken":16,"max_hp_gain":0,"max_hp_loss":0,"event_name":"Cursed Tome","floor":31,"gold_loss":0},{"cards_removed":["Uppercut"],"damage_healed":0,"gold_gain":0,"player_choice":"Removed Attack","damage_taken":0,"max_hp_gain":0,"max_hp_loss":0,"event_name":"Falling","floor":36,"gold_loss":0},{"damage_healed":0,"gold_gain":0,"player_choice":"Embrace Madness","damage_taken":12,"max_hp_gain":0,"max_hp_loss":0,"event_name":"Winding Halls","floor":38,"gold_loss":0,"cards_obtained":["Madness","Madness"]},{"damage_healed":0,"gold_gain":0,"player_choice":"Relic","damage_taken":0,"max_hp_gain":0,"max_hp_loss":0,"event_name":"Wheel of Change","floor":44,"gold_loss":0}],"is_beta":false,"boss_relics":[{"not_picked":["White Beast Statue","Runic Pyramid"],"picked":"Sozu"},{"not_picked":["Tiny House","Eternal Feather"],"picked":"Busted Crown"}],"items_purged_floors":[4,21,27,46],"is_endless":false,"potions_floor_spawned":[1,5,8,16,18,20,30,37,40,45,54],"killed_by":"The Heart","ascension_level":5}