{"path_per_floor":["M","M","M","$","?","R","M","R","T","R","M","M","?","M","R","B",null,"M","?","M","M"],"character_chosen":"THE_SILENT","items_purchased":["Footwork"],"gold_per_floor":[119,137,157,0,0,0,10,10,35,35,48,64,64,75,75,177,177,146,146,160,179,179],"floor_reached":22,"campfire_rested":1,"playtime":1930,"current_hp_per_floor":[62,59,58,58,58,58,36,36,36,36,36,36,18,18,51,50,63,48,48,43,19,0],"items_purged":["Strike_G"],"gold":179,"score":216,"play_id":"3fb482a7-fde0-45a1-806c-1d9ae2e2aad0","local_time":"20180518132554","is_prod":false,"is_daily":false,"chose_seed":false,"is_ascension_mode":true,"campfire_upgraded":3,"timestamp":1526675154,"campfire_choices":[{"data":"Noxious Fumes","floor":6,"key":"SMITH"},{"data":"Footwork","floor":8,"key":"SMITH"},{"data":"Dodge and Roll","floor":10,"key":"SMITH"},{"floor":15,"key":"REST"}],"path_taken":["M","M","M","$","?","R","M","R","T","R","?","M","?","M","R","BOSS","M","?","M","M","M"],"build_version":"2018-05-17","seed_source_timestamp":238264491833985,"purchased_purges":1,"victory":false,"master_deck":["Defend_G","Defend_G","Defend_G","Defend_G","Defend_G","Strike_G","Strike_G","Strike_G","Strike_G","Survivor","Neutralize","Noxious Fumes+1","Dodge and Roll+1","Escape Plan","Footwork+1","Neutralize","Backflip","Escape Plan","Cloak And Dagger","Catalyst","After Image","Parasite","Decay","Regret","Noxious Fumes+1","Dash"],"max_hp_per_floor":[63,63,63,63,63,63,63,63,63,63,63,63,63,63,63,63,63,65,65,67,67,67],"relics":["Ring of the Snake","Torii","Happy Flower","Regal Pillow","Calling Bell","Singing Bowl","Ninja Scroll","Tingsha"],"card_choices":[{"not_picked":["Masterful Stab","Escape Plan"],"picked":"Noxious Fumes","floor":1},{"not_picked":["Sucker Punch","Distraction"],"picked":"Dodge and Roll","floor":2},{"not_picked":["Endless Agony","Sucker Punch"],"picked":"Escape Plan","floor":3},{"not_picked":["All Out Attack","Sucker Punch"],"picked":"Backflip","floor":7},{"not_picked":["Catalyst","Leg Sweep"],"picked":"Escape Plan","floor":11},{"not_picked":["Quick Slash","All Out Attack"],"picked":"Cloak And Dagger","floor":12},{"not_picked":["Bane","Finisher"],"picked":"Catalyst","floor":14},{"not_picked":["Tactician","Corpse Explosion"],"picked":"After Image","floor":16},{"not_picked":["Sucker Punch","Die Die Die","Endless Agony"],"picked":"Singing Bowl","floor":18},{"not_picked":["Slice","Underhanded Strike","Concentrate+1"],"picked":"Singing Bowl","floor":20},{"not_picked":["Blade Dance","PiercingWail"],"picked":"Dash","floor":21}],"player_experience":592363,"potions_floor_usage":[7,18,22],"damage_taken":[{"damage":1,"enemies":"Small Slimes","floor":1,"turns":4},{"damage":3,"enemies":"Cultist","floor":2,"turns":5},{"damage":1,"enemies":"Jaw Worm","floor":3,"turns":5},{"damage":22,"enemies":"Gremlin Gang","floor":7,"turns":3},{"damage":0,"enemies":"2 Fungi Beasts","floor":11,"turns":4},{"damage":0,"enemies":"3 Louse","floor":12,"turns":4},{"damage":0,"enemies":"Looter","floor":14,"turns":4},{"damage":1,"enemies":"The Guardian","floor":16,"turns":12},{"damage":17,"enemies":"2 Thieves","floor":18,"turns":5},{"damage":7,"enemies":"3 Byrds","floor":20,"turns":5},{"damage":24,"enemies":"Snake Plant","floor":21,"turns":6},{"damage":28,"enemies":"Cultist and Chosen","floor":22,"turns":6}],"relics_obtained":[{"floor":9,"key":"Happy Flower"},{"floor":17,"key":"Singing Bowl"},{"floor":17,"key":"Ninja Scroll"},{"floor":17,"key":"Tingsha"}],"event_choices":[{"event_name":"Match and Keep!","player_choice":"1 cards matched","floor":5,"damage_taken":0},{"event_name":"Scrap Ooze","player_choice":"success","floor":13,"damage_taken":18},{"event_name":"Duplicator","player_choice":"One dupe","floor":19,"damage_taken":0}],"boss_relics":[{"not_picked":["Tiny House","Lizard Tail"],"picked":"Calling Bell"}],"potions_floor_spawned":[1,3,11,12,16],"seed_played":"7557449109877770251","killed_by":"Cultist and Chosen","ascension_level":4,"potions_obtained":[{"floor":1,"key":"AttackPotion"},{"floor":3,"key":"Explosive Potion"},{"floor":11,"key":"Dexterity Potion"},{"floor":12,"key":"LiquidBronze"},{"floor":16,"key":"GhostInAJar"}],"is_trial":false}