{"gold_per_floor":[112,124,124,124,89,124,138,29,29,29,49,89,89,130,130,261,261,252,23,23,23,0,0],"floor_reached":23,"playtime":983,"items_purged":["Strike_B"],"score":336,"play_id":"527a4129-5a94-4795-acd6-bba5776b8819","local_time":"20190104210710","is_ascension_mode":true,"campfire_choices":[{"data":"Zap","floor":10,"key":"SMITH"},{"floor":13,"key":"REST"},{"data":"Hologram","floor":15,"key":"SMITH"}],"neow_cost":"NONE","seed_source_timestamp":1262280494093719,"circlet_count":0,"master_deck":["Defend_B","Defend_B","Defend_B","Defend_B","Zap+1","Cold Snap","Loop","Defragment","Undo","Ball Lightning","Loop","Cold Snap+1","Hologram+1","Conserve Battery","Creative AI","Coolheaded+1","Heatsinks","Bite","Bite","Bite","Bite","Bite","Necronomicurse"],"relics":["Cracked Core","Golden Idol","Bottled Flame","Matryoshka","Thread and Needle","Whetstone","Black Star","Ancient Tea Set","Necronomicon"],"potions_floor_usage":[6,16],"damage_taken":[{"damage":0,"enemies":"2 Louse","floor":1,"turns":3},{"damage":10,"enemies":"Jaw Worm","floor":2,"turns":3},{"damage":18,"enemies":"3 Sentries","floor":6,"turns":6},{"damage":3,"enemies":"Cultist","floor":7,"turns":3},{"damage":5,"enemies":"Blue Slaver","floor":11,"turns":4},{"damage":20,"enemies":"Gremlin Nob","floor":12,"turns":4},{"damage":0,"enemies":"3 Sentries","floor":14,"turns":7},{"damage":15,"enemies":"Slime Boss","floor":16,"turns":9},{"damage":8,"enemies":"2 Thieves","floor":18,"turns":4},{"damage":43,"enemies":"Gremlin Leader","floor":23,"turns":6}],"seed_played":"-9151298747260035814","potions_obtained":[{"floor":1,"key":"Dexterity Potion"},{"floor":2,"key":"Energy Potion"},{"floor":6,"key":"SneckoOil"},{"floor":12,"key":"Poison Potion"}],"is_trial":false,"path_per_floor":["M","M","?","?","?","E","M","$","T","R","M","E","R","E","R","B",null,"M","$","?","?","?","E"],"character_chosen":"DEFECT","items_purchased":["Loop","Heatsinks","Ancient Tea Set"],"campfire_rested":1,"item_purchase_floors":[8,19,19],"current_hp_per_floor":[68,58,58,51,69,51,48,48,48,48,43,23,45,45,45,30,64,56,56,52,36,36,0],"gold":0,"neow_bonus":"TRANSFORM_CARD","is_prod":false,"is_daily":false,"chose_seed":false,"campfire_upgraded":2,"win_rate":0,"timestamp":1546657630,"path_taken":["M","M","?","?","?","E","M","$","T","R","?","E","R","E","R","BOSS","M","?","?","?","?","E"],"build_version":"2019-01-03v4","purchased_purges":1,"victory":false,"max_hp_per_floor":[75,75,75,75,75,75,75,75,75,75,75,75,75,75,75,75,75,75,75,52,52,52,52],"card_choices":[{"not_picked":["Go for the Eyes","Steam"],"picked":"Loop","floor":1},{"not_picked":["Consume","White Noise"],"picked":"Defragment","floor":2},{"not_picked":["Recycle","Skim"],"picked":"Undo","floor":6},{"not_picked":["Auto Shields","Beam Cell"],"picked":"Ball Lightning","floor":7},{"not_picked":["Ball Lightning","Gash"],"picked":"Cold Snap","floor":11},{"not_picked":["Rebound","Hyperbeam"],"picked":"Hologram","floor":12},{"not_picked":["Coolheaded","Gash"],"picked":"Conserve Battery","floor":14},{"not_picked":["Meteor Strike","Thunder Strike"],"picked":"Creative AI","floor":16},{"not_picked":["Barrage","Sunder+1"],"picked":"Coolheaded+1","floor":18}],"player_experience":375175,"relics_obtained":[{"floor":6,"key":"Bottled Flame"},{"floor":9,"key":"Matryoshka"},{"floor":12,"key":"Thread and Needle"},{"floor":14,"key":"Whetstone"},{"floor":21,"key":"Necronomicon"}],"event_choices":[{"damage_healed":0,"gold_gain":0,"player_choice":"Take Wound","damage_taken":0,"relics_obtained":["Golden Idol"],"max_hp_gain":0,"max_hp_loss":0,"event_name":"Golden Idol","floor":3,"gold_loss":0,"cards_obtained":["Injury"]},{"cards_removed":["Injury"],"damage_healed":0,"gold_gain":0,"player_choice":"Card Removal","damage_taken":7,"max_hp_gain":0,"max_hp_loss":0,"event_name":"Golden Wing","floor":4,"gold_loss":0},{"damage_healed":18,"gold_gain":0,"player_choice":"Healed","damage_taken":0,"max_hp_gain":0,"max_hp_loss":0,"event_name":"The Cleric","floor":5,"gold_loss":35},{"damage_healed":0,"gold_gain":0,"player_choice":"Became a vampire","damage_taken":0,"max_hp_gain":0,"max_hp_loss":23,"event_name":"Vampires","floor":20,"gold_loss":0,"cards_obtained":["Bite","Bite","Bite","Bite","Bite"]},{"damage_healed":0,"gold_gain":0,"player_choice":"Obtained Book","damage_taken":16,"max_hp_gain":0,"max_hp_loss":0,"event_name":"Cursed Tome","floor":21,"gold_loss":0},{"damage_healed":0,"gold_gain":0,"player_choice":"Paid Fearfully","damage_taken":0,"max_hp_gain":0,"max_hp_loss":0,"event_name":"Masked Bandits","floor":22,"gold_loss":23}],"is_beta":false,"boss_relics":[{"not_picked":["Snecko Eye","Orrery"],"picked":"Black Star"}],"items_purged_floors":[8],"is_endless":false,"potions_floor_spawned":[1,2,6,12],"killed_by":"Gremlin Leader","ascension_level":7}