{"gold_per_floor":[113,130,143,143,162,162,194,221,285,297,309,321,344,356],"floor_reached":14,"playtime":271,"items_purged":[],"score":184,"play_id":"721540a2-e0e5-4f5c-b664-6c12fc311d7c","local_time":"20190205133417","is_ascension_mode":true,"campfire_choices":[{"floor":6,"key":"REST"},{"floor":12,"key":"REST"}],"neow_cost":"NONE","seed_source_timestamp":91267065853935,"circlet_count":0,"master_deck":["AscendersBane","Strike_R","Strike_R","Strike_R","Strike_R","Defend_R","Defend_R","Defend_R","Defend_R","Bash","Armaments+1","Inflame","Corruption","Shrug It Off","Immolate","Carnage","Perfected Strike"],"relics":["Burning Blood","NeowsBlessing","MawBank","Orichalcum"],"potions_floor_usage":[7,7],"damage_taken":[{"damage":0,"enemies":"Cultist","floor":1,"turns":1},{"damage":0,"enemies":"Jaw Worm","floor":2,"turns":1},{"damage":0,"enemies":"2 Louse","floor":3,"turns":1},{"damage":42,"enemies":"Exordium Wildlife","floor":5,"turns":6},{"damage":32,"enemies":"Gremlin Nob","floor":7,"turns":4},{"damage":6,"enemies":"Looter","floor":8,"turns":4},{"damage":22,"enemies":"Large Slime","floor":13,"turns":6}],"seed_played":"-7084438769569952409","potions_obtained":[{"floor":3,"key":"PowerPotion"},{"floor":5,"key":"AttackPotion"},{"floor":7,"key":"LiquidBronze"},{"floor":13,"key":"Regen Potion"}],"is_trial":false,"path_per_floor":["M","M","M","?","M","R","E","M","T","$","?","R","M","?"],"character_chosen":"IRONCLAD","items_purchased":[],"campfire_rested":2,"item_purchase_floors":[],"current_hp_per_floor":[74,75,75,68,32,54,28,28,28,28,28,50,34,34],"gold":356,"neow_bonus":"THREE_ENEMY_KILL","is_prod":false,"is_daily":false,"chose_seed":false,"campfire_upgraded":0,"win_rate":0,"timestamp":1549398857,"path_taken":["M","?","?","?","M","R","E","M","T","$","?","R","M","?"],"build_version":"2019-01-23","purchased_purges":0,"victory":false,"max_hp_per_floor":[75,75,75,75,75,75,75,75,75,75,75,75,75,75],"card_choices":[{"not_picked":["Perfected Strike","Seeing Red"],"picked":"Armaments","floor":1},{"not_picked":["Carnage","Intimidate"],"picked":"Inflame","floor":2},{"not_picked":["Intimidate","Clash"],"picked":"Corruption","floor":3},{"not_picked":["Anger","Dual Wield"],"picked":"Shrug It Off","floor":5},{"not_picked":["Feel No Pain","Body Slam"],"picked":"Immolate","floor":7},{"not_picked":["Body Slam","Dropkick"],"picked":"Carnage","floor":8},{"not_picked":["Metallicize","Flex"],"picked":"Perfected Strike","floor":13}],"player_experience":758139,"relics_obtained":[{"floor":7,"key":"MawBank"},{"floor":9,"key":"Orichalcum"}],"event_choices":[{"cards_removed":["Strike_R"],"damage_healed":0,"gold_gain":0,"player_choice":"Card Removal","damage_taken":7,"max_hp_gain":0,"max_hp_loss":0,"event_name":"Golden Wing","floor":4,"gold_loss":0},{"damage_healed":0,"gold_gain":0,"player_choice":"Grow","damage_taken":0,"max_hp_gain":0,"max_hp_loss":0,"event_name":"Living Wall","floor":11,"gold_loss":0,"cards_upgraded":["Armaments"]}],"is_beta":false,"boss_relics":[],"items_purged_floors":[],"is_endless":false,"potions_floor_spawned":[3,5,7,13],"ascension_level":20}