{"path_per_floor":["M","?","M","$","?","M","R","E","T","M","?","M","$","?","R","B",null,"M","?","$","M","M","R"],"character_chosen":"IRONCLAD","items_purchased":["Pommel Strike","Flex"],"gold_per_floor":[116,116,129,5,5,28,28,71,125,141,141,156,56,56,56,176,176,199,199,21,44,60,60],"floor_reached":24,"campfire_rested":2,"playtime":1504,"current_hp_per_floor":[80,64,62,62,62,56,56,18,18,24,43,36,36,24,45,25,73,66,66,66,33,27,48],"items_purged":["Defend_R","Parasite","Blood for Blood"],"gold":60,"play_id":"5b730b74-2cd5-435b-bb28-f9a8547bb5a2","is_prod":false,"is_daily":false,"campfire_rituals":0,"campfire_upgraded":1,"is_hardmode":false,"path_taken":["M","?","M","$","?","M","R","E","T","M","?","?","$","?","R","BOSS","M","?","?","M","M","R","E"],"build_version":"2017-12-21-PROD1","purchased_purges":3,"victory":false,"master_deck":["Strike_R","Strike_R","Strike_R","Strike_R","Strike_R","Defend_R","Defend_R","Bash","Pommel Strike","Clash","Pommel Strike","Pommel Strike","Headbutt","Brutality","Clash","Flex","Dual Wield","Clash","Spot Weakness"],"max_hp_per_floor":[80,80,80,80,76,76,76,76,76,76,76,76,73,73,73,73,73,73,73,73,73,73,73],"relics":["Burning Blood","Golden Idol","Letter Opener","Dream Catcher","Ancient Tea Set","Question Card"],"campfire_meditates":0,"card_choices":[{"not_picked":["Twin Strike","Shockwave"],"picked":"Pommel Strike"},{"not_picked":["Flame Barrier","True Grit"],"picked":"Clash"},{"not_picked":["Iron Wave","True Grit"],"picked":"Pommel Strike"},{"not_picked":["Body Slam","Warcry"],"picked":"Blood for Blood"},{"not_picked":["Cleave","Body Slam"],"picked":"Headbutt"},{"not_picked":["Barricade","Bludgeon"],"picked":"Brutality"},{"not_picked":["Pommel Strike","Twin Strike","Uppercut"],"picked":"Clash"},{"not_picked":["Disarm","Pommel Strike","Power Through"],"picked":"Dual Wield"},{"not_picked":["Offering","Metallicize","Flex"],"picked":"Clash"},{"not_picked":["Sever Soul","Clash","Pommel Strike"],"picked":"Spot Weakness"}],"player_experience":15130,"potions_floor_usage":[22],"damage_taken":[{"damage":1,"enemies":"Cultist","floor":1,"turns":3},{"damage":8,"enemies":"Jaw Worm","floor":3,"turns":3},{"damage":12,"enemies":"Blue Slaver","floor":6,"turns":2},{"damage":44,"enemies":"3 Sentries","floor":8,"turns":7},{"damage":0,"enemies":"3 Louse","floor":10,"turns":2},{"damage":13,"enemies":"2 Fungi Beasts","floor":12,"turns":3},{"damage":26,"enemies":"Slime Boss","floor":16,"turns":7},{"damage":13,"enemies":"Chosen","floor":18,"turns":5},{"damage":39,"enemies":"2 Thieves","floor":21,"turns":4},{"damage":24,"enemies":"Centurion and Healer","floor":22,"turns":5},{"damage":61,"enemies":"Slavers","floor":24,"turns":3}],"event_choices":[{"event_name":"Shining Light","player_choice":"Entered Light","floor":2,"damage_taken":0},{"event_name":"Golden Idol","player_choice":"Lose Max HP","floor":5,"damage_taken":0},{"event_name":"Mushrooms","player_choice":"Healed and dodged fight","floor":11,"damage_taken":0},{"event_name":"Scrap Ooze","player_choice":"success","floor":14,"damage_taken":12},{"event_name":"Drug Dealer","player_choice":"Ignored","floor":19,"damage_taken":0}],"boss_relics":[{"not_picked":["Philosopher\u0027s Stone","Black Star"],"picked":"Question Card"}],"potions_floor_spawned":[3,6,10,16,18,21],"seed_played":"8486586636966110479","killed_by":"Slavers","is_trial":false}