{"gold_per_floor":[13,25,43,56,131,162,162,178,254,254,265,285,297,330,330,405,405,421,441,453,322,322,322,340,352,352,365,365,377,41,67,67,67],"floor_reached":33,"playtime":1343,"items_purged":["Strike_R","Writhe"],"score":630,"play_id":"028f48e5-835a-4be4-a2a3-07bb3dcf8b47","local_time":"20181008233233","is_ascension_mode":true,"campfire_choices":[{"data":"True Grit","floor":7,"key":"SMITH"},{"data":"Cleave","floor":10,"key":"SMITH"},{"data":"Juggernaut","floor":15,"key":"SMITH"},{"data":"Armaments","floor":23,"key":"SMITH"},{"floor":32,"key":"REST"}],"neow_cost":"NO_GOLD","seed_source_timestamp":229381862825682,"circlet_count":0,"master_deck":["Strike_R","Strike_R","Strike_R+1","Defend_R","Defend_R","Defend_R","Bash+1","AscendersBane","Cleave+1","Shrug It Off","True Grit+1","Shrug It Off","Shrug It Off","Carnage","Iron Wave","Juggernaut+1","Feed","Armaments+1","Spot Weakness","Entrench+1","Flame Barrier+1"],"relics":["Burning Blood","Happy Flower","Bottled Flame","FossilizedHelix","Velvet Choker","Potion Belt","Toxic Egg 2","Whetstone","Bottled Lightning"],"potions_floor_usage":[6,12,14,25,31,33,33],"damage_taken":[{"damage":8,"enemies":"2 Louse","floor":1,"turns":3},{"damage":7,"enemies":"Jaw Worm","floor":2,"turns":3},{"damage":1,"enemies":"Cultist","floor":3,"turns":3},{"damage":8,"enemies":"Lots of Slimes","floor":4,"turns":4},{"damage":32,"enemies":"Gremlin Nob","floor":6,"turns":4},{"damage":0,"enemies":"Red Slaver","floor":8,"turns":6},{"damage":4,"enemies":"3 Louse","floor":11,"turns":3},{"damage":0,"enemies":"Exordium Thugs","floor":12,"turns":4},{"damage":5,"enemies":"Looter","floor":13,"turns":3},{"damage":4,"enemies":"3 Sentries","floor":14,"turns":5},{"damage":13,"enemies":"The Guardian","floor":16,"turns":14},{"damage":4,"enemies":"Spheric Guardian","floor":18,"turns":5},{"damage":0,"enemies":"3 Byrds","floor":19,"turns":5},{"damage":13,"enemies":"Cultist and Chosen","floor":20,"turns":7},{"damage":20,"enemies":"Shelled Parasite and Fungi","floor":24,"turns":7},{"damage":16,"enemies":"3 Cultists","floor":25,"turns":6},{"damage":23,"enemies":"Snake Plant","floor":27,"turns":6},{"damage":2,"enemies":"Sentry and Sphere","floor":29,"turns":5},{"damage":43,"enemies":"Slavers","floor":31,"turns":6},{"damage":56,"enemies":"Collector","floor":33,"turns":5}],"seed_played":"-4193251078293336105","potions_obtained":[{"floor":2,"key":"AttackPotion"},{"floor":3,"key":"SkillPotion"},{"floor":8,"key":"AttackPotion"},{"floor":11,"key":"PowerPotion"},{"floor":20,"key":"GamblersBrew"},{"floor":25,"key":"Explosive Potion"}],"is_trial":false,"path_per_floor":["M","M","M","M","?","E","R","M","T","R","M","M","M","E","R","B",null,"M","M","M","$","?","R","M","M","T","M","?","M","$","E","R"],"character_chosen":"IRONCLAD","items_purchased":["Dexterity Potion","Strength Potion","Whetstone"],"campfire_rested":1,"item_purchase_floors":[21,30,30],"current_hp_per_floor":[66,65,70,68,57,31,31,37,37,37,39,45,46,48,48,41,67,72,81,77,77,77,77,66,59,59,46,46,54,54,20,50,0],"gold":67,"neow_bonus":"REMOVE_TWO","is_prod":false,"is_daily":false,"chose_seed":false,"campfire_upgraded":4,"win_rate":0,"timestamp":1539066753,"path_taken":["M","M","M","M","?","E","R","M","T","R","M","M","M","E","R","BOSS","M","?","M","$","?","R","M","M","T","M","?","?","?","E","R","BOSS"],"build_version":"2018-10-04","purchased_purges":2,"victory":false,"max_hp_per_floor":[75,75,75,75,75,75,75,75,75,75,75,75,75,75,75,75,75,78,81,84,84,84,84,87,90,90,94,94,98,98,101,101,101],"card_choices":[{"not_picked":["Body Slam","Anger"],"picked":"Cleave","floor":1},{"not_picked":["Intimidate","Power Through"],"picked":"Shrug It Off","floor":2},{"not_picked":["Body Slam","Shrug It Off"],"picked":"True Grit","floor":3},{"not_picked":["Entrench","Fire Breathing"],"picked":"Shrug It Off","floor":4},{"not_picked":["Dropkick","Heavy Blade"],"picked":"Shrug It Off","floor":6},{"not_picked":["Anger","Body Slam","Rupture"],"picked":"SKIP","floor":8},{"not_picked":["Anger","True Grit","Cleave"],"picked":"SKIP","floor":11},{"not_picked":["Double Tap","Shrug It Off"],"picked":"Carnage","floor":12},{"not_picked":["Warcry","Wild Strike"],"picked":"Iron Wave","floor":13},{"not_picked":["Combust","Power Through"],"picked":"Juggernaut","floor":14},{"not_picked":["Reaper","Juggernaut"],"picked":"Feed","floor":16},{"not_picked":["Bloodletting","Heavy Blade","Blood for Blood"],"picked":"SKIP","floor":18},{"not_picked":["True Grit","Corruption","Headbutt"],"picked":"SKIP","floor":19},{"not_picked":["Offering","Perfected Strike"],"picked":"Armaments","floor":20},{"not_picked":["Body Slam","Havoc","Twin Strike"],"picked":"SKIP","floor":24},{"not_picked":["Disarm","Pommel Strike"],"picked":"Spot Weakness","floor":25},{"not_picked":["Heavy Blade","Carnage"],"picked":"Entrench+1","floor":27},{"not_picked":["Entrench+1","Perfected Strike"],"picked":"Flame Barrier+1","floor":29},{"not_picked":["Berserk","Anger","Pummel"],"picked":"SKIP","floor":31}],"player_experience":864860,"relics_obtained":[{"floor":6,"key":"Happy Flower"},{"floor":9,"key":"Bottled Flame"},{"floor":14,"key":"FossilizedHelix"},{"floor":26,"key":"Toxic Egg 2"},{"floor":31,"key":"Bottled Lightning"}],"event_choices":[{"event_name":"World of Goop","player_choice":"Gather Gold","floor":5,"damage_taken":0},{"event_name":"The Mausoleum","player_choice":"Yes","floor":22,"damage_taken":0},{"event_name":"Ghosts","player_choice":"Ignored","floor":28,"damage_taken":0}],"is_beta":true,"boss_relics":[{"not_picked":["Mark of Pain","Orrery"],"picked":"Velvet Choker"}],"items_purged_floors":[21,30],"is_endless":false,"potions_floor_spawned":[2,3,8,11,20,25],"killed_by":"Collector","ascension_level":19}