{"path_per_floor":["M","?","M","M","$","E","M","E","T","M","M","E","?","E","R","B",null,"M","$","?","M","M","R","M","R","T","?"],"character_chosen":"IRONCLAD","items_purchased":["Thinking Ahead"],"gold_per_floor":[114,114,131,147,72,101,113,168,168,183,203,233,183,215,215,310,310,321,30,300,316,335,335,347,347,416,416],"floor_reached":28,"campfire_rested":1,"playtime":1994,"current_hp_per_floor":[78,78,80,80,80,58,49,51,51,44,41,48,48,54,54,39,90,76,76,44,42,14,41,41,41,41,41],"items_purged":["Strike_R","Strike_R"],"gold":416,"score":300,"play_id":"925ac553-be03-4098-b00f-5a1b0b5d4081","is_prod":false,"is_daily":false,"is_ascension_mode":false,"campfire_upgraded":2,"path_taken":["M","?","M","?","$","E","M","E","T","M","M","E","?","E","R","BOSS","M","$","?","M","M","R","M","R","T","?","E"],"build_version":"2018-02-22-PROD2","purchased_purges":2,"victory":false,"master_deck":["Strike_R","Strike_R","Strike_R","Defend_R","Defend_R","Bash+1","True Grit+1","Heavy Blade+1","Bloodletting","Limit Break","Inflame+1","Inflame+1","Warcry","Clash","Inflame+1","Warcry","Limit Break+1","Warcry","Thinking Ahead","Spot Weakness+1","Injury"],"max_hp_per_floor":[80,80,80,80,80,80,80,80,80,80,80,90,90,90,90,90,90,90,90,90,90,90,90,90,90,90,90],"relics":["Burning Blood","Frozen Egg 2","Tiny Chest","Ginger","Pear","Blood Vial","Velvet Choker","Matryoshka"],"card_choices":[{"not_picked":["Wild Strike","Shrug It Off"],"picked":"True Grit"},{"not_picked":["Twin Strike","Flex"],"picked":"Heavy Blade"},{"not_picked":["True Grit","Disarm"],"picked":"Bloodletting"},{"not_picked":["Reckless Charge","Blood for Blood"],"picked":"Limit Break"},{"not_picked":["Shockwave","Anger"],"picked":"Inflame"},{"not_picked":["Reckless Charge","Clothesline"],"picked":"Inflame"},{"not_picked":["Perfected Strike","Hemokinesis"],"picked":"Warcry"},{"not_picked":["Thunderclap","Armaments"],"picked":"Clash"},{"not_picked":["Armaments","Blood for Blood"],"picked":"Inflame"},{"not_picked":["Perfected Strike","Flex"],"picked":"Warcry"},{"not_picked":["Brutality","Bludgeon"],"picked":"Limit Break"},{"not_picked":["Sword Boomerang","Metallicize"],"picked":"Warcry"},{"not_picked":["Clothesline","Body Slam"],"picked":"Spot Weakness"}],"player_experience":35343,"potions_floor_usage":[12,16,16,22,28],"damage_taken":[{"damage":8,"enemies":"Small Slimes","floor":1,"turns":3},{"damage":0,"enemies":"2 Louse","floor":3,"turns":3},{"damage":6,"enemies":"Cultist","floor":4,"turns":3},{"damage":28,"enemies":"3 Sentries","floor":6,"turns":10},{"damage":15,"enemies":"Blue Slaver","floor":7,"turns":4},{"damage":4,"enemies":"Gremlin Nob","floor":8,"turns":3},{"damage":13,"enemies":"Looter","floor":10,"turns":3},{"damage":9,"enemies":"Red Slaver","floor":11,"turns":4},{"damage":9,"enemies":"3 Sentries","floor":12,"turns":4},{"damage":0,"enemies":"Lagavulin","floor":14,"turns":4},{"damage":23,"enemies":"The Guardian","floor":16,"turns":5},{"damage":20,"enemies":"2 Thieves","floor":18,"turns":4},{"damage":10,"enemies":"Spheric Guardian","floor":21,"turns":3},{"damage":45,"enemies":"Centurion and Healer","floor":22,"turns":4},{"damage":8,"enemies":"Sentry and Sphere","floor":24,"turns":4},{"damage":54,"enemies":"Slavers","floor":28,"turns":3}],"event_choices":[{"event_name":"Living Wall","player_choice":"Forget","floor":2,"damage_taken":0},{"event_name":"The Cleric","player_choice":"Card Removal","floor":13,"damage_taken":0},{"event_name":"Knowing Skull","player_choice":"GOLD GOLD GOLD ","floor":20,"damage_taken":0},{"event_name":"Accursed Blacksmith","player_choice":"Forge","floor":27,"damage_taken":0}],"boss_relics":[{"not_picked":["Runic Dome","Mark of Pain"],"picked":"Velvet Choker"}],"potions_floor_spawned":[6,7,8,12,14,21,22],"seed_played":"1852259171834522324","killed_by":"Slavers","ascension_level":0,"is_trial":false}