{"gold_per_floor":[114,129,144,144,159,189,189,204,204,234,249,279,279,294,294,394,394,409,434,32,47,62,92,107,107,107,122,152,167,182,197,197,297,297,312,327,342,357,38,38,338,368,368,383,413,413,428,443,443,443],"floor_reached":51,"playtime":2071,"items_purged":[],"score":1004,"play_id":"62f1e508-9e93-40fa-b630-214961c5d86e","local_time":"20180906081959","daily_mods":["Specialized","Lethality","Terminal"],"is_ascension_mode":false,"campfire_choices":[{"data":"Seeing Red","floor":7,"key":"SMITH"},{"data":"Corruption","floor":15,"key":"SMITH"},{"floor":25,"key":"REST"},{"data":"Fiend Fire","floor":32,"key":"SMITH"},{"data":"Sentinel","floor":40,"key":"SMITH"},{"floor":49,"key":"REST"}],"neow_cost":"","seed_source_timestamp":0,"circlet_count":0,"master_deck":["Strike_R","Strike_R","Strike_R","Strike_R","Defend_R","Defend_R","Defend_R","Defend_R","Bash","Fiend Fire+1","Fiend Fire","Fiend Fire","Fiend Fire","Thunderclap","Spot Weakness","Seeing Red+1","Sentinel","Thunderclap","Iron Wave+1","Corruption+1","Inflame","Pommel Strike+1","Demon Form","Iron Wave+1","Sentinel+1","Twin Strike+1","Pummel+1","Uppercut+1","Infernal Blade+1","Double Tap","Feed+1","Pummel+1","Feel No Pain","Immolate+1","Exhume","True Grit+1","Corruption+1","Heavy Blade+1","Twin Strike+1","Iron Wave+1","Headbutt+1","Dual Wield"],"special_seed":17780,"relics":["Burning Blood","Unceasing Top","The Courier","Molten Egg 2","Letter Opener","Lantern","Darkstone Periapt","White Beast Statue","Vajra","Pear","Potion Belt","Dead Branch","Pantograph","Juzu Bracelet","Busted Crown","Singing Bowl","Old Coin","Red Skull","Kunai","Girya"],"potions_floor_usage":[10,12,16,18,21,22,23,24,27,28,29,33,37,42,44,44,45,48,48,50,50,50,50],"damage_taken":[{"damage":0,"enemies":"Cultist","floor":1,"turns":2},{"damage":4,"enemies":"2 Louse","floor":2,"turns":3},{"damage":1,"enemies":"Small Slimes","floor":3,"turns":2},{"damage":8,"enemies":"Looter","floor":5,"turns":3},{"damage":0,"enemies":"Gremlin Nob","floor":6,"turns":2},{"damage":12,"enemies":"Exordium Thugs","floor":8,"turns":3},{"damage":0,"enemies":"3 Sentries","floor":10,"turns":3},{"damage":0,"enemies":"Blue Slaver","floor":11,"turns":1},{"damage":5,"enemies":"Lagavulin","floor":12,"turns":4},{"damage":0,"enemies":"Red Slaver","floor":14,"turns":1},{"damage":0,"enemies":"Slime Boss","floor":16,"turns":3},{"damage":7,"enemies":"2 Thieves","floor":18,"turns":3},{"damage":26,"enemies":"3 Byrds","floor":21,"turns":3},{"damage":8,"enemies":"Snecko","floor":22,"turns":3},{"damage":34,"enemies":"Book of Stabbing","floor":23,"turns":3},{"damage":0,"enemies":"Snake Plant","floor":24,"turns":2},{"damage":0,"enemies":"Chosen and Byrds","floor":27,"turns":3},{"damage":0,"enemies":"Gremlin Leader","floor":28,"turns":2},{"damage":0,"enemies":"Centurion and Healer","floor":29,"turns":1},{"damage":4,"enemies":"Shelled Parasite and Fungi","floor":30,"turns":2},{"damage":15,"enemies":"Snake Plant","floor":31,"turns":2},{"damage":20,"enemies":"Collector","floor":33,"turns":3},{"damage":0,"enemies":"3 Darklings","floor":35,"turns":1},{"damage":0,"enemies":"Orb Walker","floor":36,"turns":1},{"damage":0,"enemies":"4 Shapes","floor":37,"turns":1},{"damage":0,"enemies":"Spire Growth","floor":38,"turns":1},{"damage":6,"enemies":"Mind Bloom Boss Battle","floor":41,"turns":1},{"damage":35,"enemies":"Nemesis","floor":42,"turns":5},{"damage":22,"enemies":"Maw","floor":44,"turns":4},{"damage":3,"enemies":"Giant Head","floor":45,"turns":4},{"damage":0,"enemies":"Reptomancer","floor":47,"turns":1},{"damage":18,"enemies":"3 Darklings","floor":48,"turns":4},{"damage":18,"enemies":"Time Eater","floor":50,"turns":3}],"seed_played":"8761561677573513964","potions_obtained":[{"floor":3,"key":"PowerPotion"},{"floor":10,"key":"Weak Potion"},{"floor":11,"key":"Fire Potion"},{"floor":12,"key":"Strength Potion"},{"floor":14,"key":"EssenceOfSteel"},{"floor":18,"key":"Energy Potion"},{"floor":21,"key":"PowerPotion"},{"floor":22,"key":"Explosive Potion"},{"floor":23,"key":"SkillPotion"},{"floor":24,"key":"Regen Potion"},{"floor":27,"key":"Swift Potion"},{"floor":28,"key":"Swift Potion"},{"floor":29,"key":"BloodPotion"},{"floor":30,"key":"BloodPotion"},{"floor":31,"key":"Swift Potion"},{"floor":33,"key":"Strength Potion"},{"floor":35,"key":"Block Potion"},{"floor":37,"key":"Fire Potion"},{"floor":42,"key":"FearPotion"},{"floor":44,"key":"SpeedPotion"},{"floor":45,"key":"Strength Potion"},{"floor":47,"key":"Ancient Potion"},{"floor":48,"key":"EssenceOfSteel"}],"is_trial":false,"path_per_floor":["M","M","M","?","M","E","R","M","T","E","M","E","?","M","R","B",null,"M","T","$","M","M","E","M","R","T","M","E","M","M","M","R","B",null,"M","M","M","M","$","R","?","E","T","M","E","?","M","M","R","B"],"character_chosen":"IRONCLAD","items_purchased":["Pear","Sentinel","Potion Belt","Twin Strike+1","Singing Bowl","Twin Strike+1","Iron Wave+1","Headbutt+1"],"campfire_rested":2,"item_purchase_floors":[20,20,20,20,39,39,39,39],"current_hp_per_floor":[78,77,76,69,67,73,72,66,66,69,68,67,66,65,64,63,62,61,60,69,49,47,19,25,44,44,59,61,64,67,58,58,51,63,62,61,60,59,58,57,58,31,31,22,27,27,35,31,49,48],"gold":443,"neow_bonus":"","is_prod":false,"is_daily":true,"chose_seed":false,"campfire_upgraded":4,"win_rate":0,"timestamp":1536214799,"path_taken":["M","?","M","?","M","E","R","M","T","E","M","E","?","M","R","BOSS","M","?","$","M","M","E","M","R","T","M","E","M","M","M","R","BOSS","M","M","M","M","$","R","?","E","T","M","E","?","M","M","R","BOSS"],"build_version":"2018-09-04-v2","purchased_purges":0,"victory":true,"max_hp_per_floor":[78,77,76,75,74,73,72,71,70,69,68,67,66,65,64,63,62,61,60,69,68,67,66,65,64,63,62,61,64,67,66,65,64,63,62,61,60,59,58,57,58,59,58,59,60,59,60,61,60,59],"card_choices":[{"not_picked":["Havoc","Anger","Flex"],"picked":"SKIP","floor":1},{"not_picked":["Shrug It Off","Cleave"],"picked":"Thunderclap","floor":2},{"not_picked":["Burning Pact","Pommel Strike"],"picked":"Spot Weakness","floor":3},{"not_picked":["Body Slam","Pommel Strike"],"picked":"Seeing Red","floor":5},{"not_picked":["Double Tap","Shrug It Off"],"picked":"Sentinel","floor":6},{"not_picked":["Pummel","Shrug It Off"],"picked":"Thunderclap","floor":8},{"not_picked":["Body Slam+1","Warcry"],"picked":"Iron Wave+1","floor":10},{"not_picked":["True Grit","Metallicize"],"picked":"Corruption","floor":11},{"not_picked":["Pommel Strike+1","Twin Strike+1"],"picked":"Inflame","floor":12},{"not_picked":["Body Slam+1","Clothesline+1"],"picked":"Pommel Strike+1","floor":14},{"not_picked":["Reaper+1","Juggernaut"],"picked":"Demon Form","floor":16},{"not_picked":["Clothesline+1","Cleave+1"],"picked":"Iron Wave+1","floor":18},{"not_picked":["Warcry+1","Evolve"],"picked":"Pummel+1","floor":21},{"not_picked":["Flame Barrier","Havoc"],"picked":"Uppercut+1","floor":22},{"not_picked":["Anger+1","Bloodletting","Corruption"],"picked":"SKIP","floor":23},{"not_picked":["Iron Wave+1","Burning Pact"],"picked":"Infernal Blade+1","floor":24},{"not_picked":["Perfected Strike+1","Anger+1"],"picked":"Double Tap","floor":27},{"not_picked":["Clash+1","Metallicize"],"picked":"Feed+1","floor":28},{"not_picked":["Sentinel","Heavy Blade+1"],"picked":"Pummel+1","floor":29},{"not_picked":["Inflame+1","Headbutt+1"],"picked":"Feel No Pain","floor":30},{"not_picked":["Power Through","Flex"],"picked":"Immolate+1","floor":31},{"not_picked":["Bludgeon+1","Impervious"],"picked":"Exhume","floor":33},{"not_picked":["Cleave+1"],"picked":"SKIP","floor":35},{"not_picked":[],"picked":"True Grit+1","floor":36},{"not_picked":[],"picked":"Corruption+1","floor":37},{"not_picked":[],"picked":"Heavy Blade+1","floor":38},{"not_picked":["Whirlwind+1"],"picked":"Singing Bowl","floor":41},{"not_picked":["True Grit+1"],"picked":"Singing Bowl","floor":42},{"not_picked":["Sentinel"],"picked":"Singing Bowl","floor":44},{"not_picked":["True Grit+1"],"picked":"Singing Bowl","floor":45},{"not_picked":["Inflame+1"],"picked":"Singing Bowl","floor":47},{"not_picked":["Body Slam+1"],"picked":"Singing Bowl","floor":48}],"player_experience":106376,"relics_obtained":[{"floor":6,"key":"The Courier"},{"floor":9,"key":"Molten Egg 2"},{"floor":10,"key":"Letter Opener"},{"floor":12,"key":"Lantern"},{"floor":19,"key":"Vajra"},{"floor":23,"key":"Dead Branch"},{"floor":26,"key":"Pantograph"},{"floor":28,"key":"Juzu Bracelet"},{"floor":41,"key":"Old Coin"},{"floor":42,"key":"Red Skull"},{"floor":43,"key":"Kunai"},{"floor":45,"key":"Girya"}],"event_choices":[{"event_name":"Scrap Ooze","player_choice":"success","floor":4,"damage_taken":7},{"event_name":"WeMeetAgain","player_choice":"Card","floor":13,"damage_taken":0},{"event_name":"MindBloom","player_choice":"Fight","floor":41,"damage_taken":0},{"event_name":"Transmorgrifier","player_choice":"Transform","floor":46,"damage_taken":0}],"is_beta":true,"boss_relics":[{"not_picked":["Runic Pyramid","Runic Cube"],"picked":"White Beast Statue"},{"not_picked":["Tiny House","Snecko Eye"],"picked":"Busted Crown"}],"items_purged_floors":[],"is_endless":false,"potions_floor_spawned":[3,10,11,12,14,18,21,22,23,24,27,28,29,30,31,33,35,36,37,38,41,42,44,45,47,48],"ascension_level":0}