{"gold_per_floor":[119,149,324,399,37,69,79,91,91,103,103,120,120,130,130,234,234,249,249,7,25,25,40,40,69,115,214,239,259,273,273],"floor_reached":31,"playtime":2421,"items_purged":["Doubt"],"score":302,"play_id":"215ef7fd-293e-46e8-bfdc-dbf4c9911975","local_time":"20181228233507","is_ascension_mode":false,"campfire_choices":[{"floor":11.0,"key":"REST"},{"floor":13.0,"key":"REST"},{"data":"Zap","floor":15.0,"key":"SMITH"},{"data":"Consume","floor":24.0,"key":"SMITH"}],"neow_cost":"NONE","seed_source_timestamp":275942375578406,"circlet_count":0,"master_deck":["Strike_B","Strike_B","Strike_B","Strike_B","Defend_B","Defend_B","Defend_B","Defend_B","Zap+1","Dualcast","Hologram","Capacitor","Consume+1","Seek","Capacitor","Coolheaded","Leap","Glacier","Coolheaded","Heatsinks","Creative AI","Machine Learning","Coolheaded+1","Conserve Battery+1","Capacitor","Finesse","Aggregate","Barrage","Blizzard","Shame","Cold Snap+1","Blizzard+1","Chaos+1","Chill","Glacier","Electrodynamics","Tempest","Force Field"],"special_seed":0,"relics":["Cracked Core","Juzu Bracelet","Tiny Chest","Prayer Wheel","Pear","Matryoshka","Black Star","Nilry\u0027s Codex","Sundial","Shuriken","Question Card","Anchor","Bag of Marbles","Blue Candle","Turnip"],"potions_floor_usage":[],"damage_taken":[{"damage":6.0,"enemies":"Jaw Worm","floor":1.0,"turns":3.0},{"damage":40.0,"enemies":"Gremlin Nob","floor":6.0,"turns":5.0},{"damage":1.0,"enemies":"2 Louse","floor":7.0,"turns":3.0},{"damage":9.0,"enemies":"Small Slimes","floor":8.0,"turns":5.0},{"damage":10.0,"enemies":"Exordium Wildlife","floor":10.0,"turns":5.0},{"damage":3.0,"enemies":"2 Fungi Beasts","floor":12.0,"turns":5.0},{"damage":6.0,"enemies":"Large Slime","floor":14.0,"turns":6.0},{"damage":26.0,"enemies":"The Guardian","floor":16.0,"turns":9.0},{"damage":0.0,"enemies":"Chosen","floor":18.0,"turns":7.0},{"damage":3.0,"enemies":"Shell Parasite","floor":21.0,"turns":10.0},{"damage":21.0,"enemies":"Snake Plant","floor":23.0,"turns":10.0},{"damage":8.0,"enemies":"Book of Stabbing","floor":25.0,"turns":6.0},{"damage":21.0,"enemies":"Gremlin Leader","floor":28.0,"turns":9.0},{"damage":0.0,"enemies":"Sentry and Sphere","floor":29.0,"turns":9.0},{"damage":14,"enemies":"3 Cultists","floor":30,"turns":4},{"damage":5,"enemies":"Snecko","floor":31,"turns":5}],"seed_played":"-3085758033869314712","potions_obtained":[{"floor":7.0,"key":"GamblersBrew"},{"floor":8.0,"key":"FearPotion"},{"floor":12.0,"key":"GamblersBrew"},{"floor":14.0,"key":"FearPotion"},{"floor":23.0,"key":"Block Potion"},{"floor":25.0,"key":"Weak Potion"}],"is_trial":false,"path_per_floor":["M","?","?","?","$","E","M","M","T","M","R","M","R","M","R","B",null,"M","?","$","M","?","M","R","E","T","?","E","M","M","M"],"character_chosen":"DEFECT","items_purchased":["Prayer Wheel","Capacitor","Finesse","Aggregate"],"campfire_rested":2,"item_purchase_floors":[5,20,20,20],"current_hp_per_floor":[69,62,62,51,51,21,20,11,11,1,26,23,48,42,42,16,85,85,69,69,66,66,45,45,37,37,37,16,16,2,0],"gold":273,"neow_bonus":"RANDOM_COMMON_RELIC","is_prod":false,"is_daily":false,"chose_seed":false,"campfire_upgraded":2,"win_rate":0,"timestamp":1546065307,"path_taken":["M","?","?","?","$","E","M","M","T","M","R","M","R","M","R","BOSS","M","?","$","M","?","M","R","E","T","?","E","M","M","M"],"build_version":"2018-12-20","purchased_purges":1,"victory":false,"max_hp_per_floor":[75,75,75,75,75,85,85,85,85,85,85,85,85,85,85,85,85,85,85,85,85,85,85,85,85,85,85,85,85,85,85],"card_choices":[{"not_picked":["Steam","Barrage"],"picked":"Hologram","floor":1.0},{"not_picked":["Compile Driver","Leap"],"picked":"Capacitor","floor":6.0},{"not_picked":["Compile Driver","Doom and Gloom"],"picked":"Consume","floor":7.0},{"not_picked":["Redo","Streamline","Steam"],"picked":"SKIP","floor":7.0},{"not_picked":["Conserve Battery","Chaos"],"picked":"Seek","floor":8.0},{"not_picked":["Double Energy","Hologram"],"picked":"Capacitor","floor":8.0},{"not_picked":["Gash","Static Discharge"],"picked":"Coolheaded","floor":10.0},{"not_picked":["Ball Lightning","Stack"],"picked":"Leap","floor":10.0},{"not_picked":["Coolheaded","Barrage"],"picked":"Glacier","floor":12.0},{"not_picked":["Skim","Steam"],"picked":"Coolheaded","floor":12.0},{"not_picked":["Rip and Tear","Cold Snap"],"picked":"Heatsinks","floor":14.0},{"not_picked":["Sweeping Beam","Gash"],"picked":"Creative AI","floor":14.0},{"not_picked":["Reboot","Multi-Cast"],"picked":"Machine Learning","floor":16.0},{"not_picked":["Reinforced Body","Conserve Battery+1"],"picked":"Coolheaded+1","floor":18.0},{"not_picked":["Stack","Loop"],"picked":"Conserve Battery+1","floor":18.0},{"not_picked":["Double Energy","Hello World"],"picked":"Barrage","floor":21.0},{"not_picked":["Barrage","Gash+1"],"picked":"Blizzard","floor":21.0},{"not_picked":["Coolheaded","Auto Shields"],"picked":"Cold Snap+1","floor":23.0},{"not_picked":["Thunder Strike","Reprogram+1"],"picked":"Blizzard+1","floor":23.0},{"not_picked":["Go for the Eyes","Cold Snap"],"picked":"Chaos+1","floor":25.0},{"not_picked":["Steam","Ball Lightning","Rip and Tear"],"picked":"Chill","floor":28.0},{"not_picked":["Streamline","BootSequence+1","Steam"],"picked":"Glacier","floor":29.0},{"not_picked":["Glacier","Go for the Eyes","Compile Driver"],"picked":"Electrodynamics","floor":29.0},{"not_picked":["Darkness+1","Static Discharge","Recycle"],"picked":"Tempest","floor":30},{"not_picked":["Streamline","Sunder","Gash"],"picked":"Force Field","floor":30}],"player_experience":732141,"relics_obtained":[{"floor":6.0,"key":"Pear"},{"floor":9.0,"key":"Matryoshka"},{"floor":19.0,"key":"Nilry\u0027s Codex"},{"floor":25.0,"key":"Shuriken"},{"floor":25.0,"key":"Question Card"},{"floor":26.0,"key":"Anchor"},{"floor":26.0,"key":"Bag of Marbles"},{"floor":28.0,"key":"Blue Candle"},{"floor":28.0,"key":"Turnip"}],"event_choices":[{"damage_healed":0.0,"max_hp_gain":0.0,"max_hp_loss":0.0,"gold_gain":0.0,"event_name":"Scrap Ooze","player_choice":"Success","floor":2.0,"gold_loss":0.0,"damage_taken":7.0,"relics_obtained":["Tiny Chest"]},{"damage_healed":0.0,"max_hp_gain":0.0,"max_hp_loss":0.0,"gold_gain":175.0,"event_name":"Liars Game","player_choice":"AGREE","floor":3.0,"gold_loss":0.0,"damage_taken":0.0,"cards_obtained":["Doubt"]},{"damage_healed":0.0,"max_hp_gain":0.0,"max_hp_loss":0.0,"gold_gain":75.0,"event_name":"World of Goop","player_choice":"Gather Gold","floor":4.0,"gold_loss":0.0,"damage_taken":11.0},{"damage_healed":0.0,"max_hp_gain":0.0,"max_hp_loss":0.0,"gold_gain":0.0,"event_name":"Cursed Tome","player_choice":"Obtained Book","floor":19.0,"gold_loss":0.0,"damage_taken":16.0},{"damage_healed":0.0,"max_hp_gain":0.0,"max_hp_loss":0.0,"gold_gain":0.0,"event_name":"Addict","player_choice":"Stole Relic","floor":22.0,"gold_loss":0.0,"damage_taken":0.0,"relics_obtained":["Sundial"],"cards_obtained":["Shame"]},{"damage_healed":0.0,"max_hp_gain":0.0,"max_hp_loss":0.0,"gold_gain":99.0,"event_name":"Nest","player_choice":"Stole From Cult","floor":27.0,"gold_loss":0.0,"damage_taken":0.0}],"is_beta":false,"boss_relics":[{"not_picked":["Astrolabe","Runic Dome"],"picked":"Black Star"}],"items_purged_floors":[5],"is_endless":false,"potions_floor_spawned":[7,8,12,14,23,25],"killed_by":"Snecko","ascension_level":0}