{"gold_per_floor":[116,127,127,138,60,88,88,114,114,114,114,81,46,65,65,163,163,163,163,163,163,78,78,78,78,78,78,78,78,78,78,78,78,78,78,78,78,78,78,78,78,78,78,78,78,78,78,78,78,78,78,78,48,48,48],"floor_reached":55,"playtime":4628,"items_purged":[],"score":852,"play_id":"39fe71bd-1e8f-453a-88e8-deb9039bde8f","local_time":"20181213015901","is_ascension_mode":true,"campfire_choices":[{"floor":7.0,"key":"RECALL"},{"floor":10.0,"key":"REST"},{"data":"Loop","floor":15.0,"key":"SMITH"},{"floor":27.0,"key":"REST"},{"floor":29.0,"key":"REST"},{"floor":32.0,"key":"REST"},{"data":"Creative AI","floor":41.0,"key":"SMITH"},{"data":"White Noise","floor":47.0,"key":"SMITH"},{"floor":49.0,"key":"REST"},{"data":"Capacitor","floor":52.0,"key":"SMITH"}],"neow_cost":"TEN_PERCENT_HP_LOSS","seed_source_timestamp":438623824259691,"circlet_count":0,"master_deck":["Strike_B","Strike_B","Strike_B","Defend_B","Defend_B","Zap","Dualcast","Glacier+1","Ball Lightning","Turbo","Loop+1","Hologram","Static Discharge","FTL","Chill","Creative AI+1","Go for the Eyes+1","Thunder Strike","Beam Cell+1","Ball Lightning+1","Compile Driver+1","Redo+1","Force Field+1","Capacitor+1","Hologram+1","Machine Learning","Chaos+1","All For One+1","Leap+1","Force Field+1","White Noise+1","Self Repair","Beam Cell+1","Streamline+1","Gash+1","Beam Cell","Steam+1","Leap+1","Storm+1","Redo+1","Go for the Eyes","Stack+1","Conserve Battery+1","Loop","Barrage+1"],"special_seed":0,"relics":["Cracked Core","Bird Faced Urn","Darkstone Periapt","Happy Flower","Blue Candle","Ectoplasm","Dodecahedron","Matryoshka","Tiny Chest","Prayer Wheel","Art of War","Nunchaku","The Courier","Astrolabe","Old Coin","Cables","Pen Nib","Toxic Egg 2","Pear","Strawberry"],"potions_floor_usage":[55],"damage_taken":[{"damage":1.0,"enemies":"Cultist","floor":1.0,"turns":4.0},{"damage":0.0,"enemies":"Jaw Worm","floor":2.0,"turns":4.0},{"damage":4.0,"enemies":"2 Louse","floor":4.0,"turns":3.0},{"damage":9.0,"enemies":"3 Sentries","floor":6.0,"turns":10.0},{"damage":18.0,"enemies":"Lagavulin","floor":8.0,"turns":6.0},{"damage":0.0,"enemies":"Blue Slaver","floor":14.0,"turns":3.0},{"damage":16.0,"enemies":"Hexaghost","floor":16.0,"turns":9.0},{"damage":1.0,"enemies":"Spheric Guardian","floor":18.0,"turns":6.0},{"damage":24.0,"enemies":"Shell Parasite","floor":19.0,"turns":8.0},{"damage":48.0,"enemies":"Cultist and Chosen","floor":20.0,"turns":6.0},{"damage":49.0,"enemies":"Gremlin Leader","floor":23.0,"turns":7.0},{"damage":2.0,"enemies":"3 Cultists","floor":24.0,"turns":6.0},{"damage":14.0,"enemies":"Snake Plant","floor":25.0,"turns":3.0},{"damage":20.0,"enemies":"Book of Stabbing","floor":30.0,"turns":4.0},{"damage":0.0,"enemies":"Sentry and Sphere","floor":31.0,"turns":3.0},{"damage":24.0,"enemies":"Collector","floor":33.0,"turns":6.0},{"damage":45.0,"enemies":"3 Darklings","floor":35.0,"turns":5.0},{"damage":0.0,"enemies":"3 Shapes","floor":36.0,"turns":6.0},{"damage":18.0,"enemies":"Spire Growth","floor":38.0,"turns":6.0},{"damage":0.0,"enemies":"Mind Bloom Boss Battle","floor":39.0,"turns":5.0},{"damage":45.0,"enemies":"Reptomancer","floor":40.0,"turns":7.0},{"damage":47.0,"enemies":"3 Darklings","floor":44.0,"turns":8.0},{"damage":0.0,"enemies":"Transient","floor":46.0,"turns":5.0},{"damage":33.0,"enemies":"Spire Growth","floor":48.0,"turns":3.0},{"damage":74.0,"enemies":"Awakened One","floor":50.0,"turns":11.0},{"damage":77.0,"enemies":"Shield and Spear","floor":54.0,"turns":8.0},{"damage":51,"enemies":"The Heart","floor":55,"turns":3}],"seed_played":"-3751153294835286339","potions_obtained":[{"floor":1.0,"key":"FearPotion"},{"floor":4.0,"key":"FearPotion"},{"floor":6.0,"key":"FearPotion"},{"floor":18.0,"key":"SpeedPotion"},{"floor":20.0,"key":"Energy Potion"},{"floor":24.0,"key":"Poison Potion"},{"floor":35.0,"key":"EntropicBrew"},{"floor":36.0,"key":"FearPotion"},{"floor":44.0,"key":"SpeedPotion"},{"floor":48.0,"key":"Energy Potion"}],"is_trial":false,"path_per_floor":["M","M","?","M","$","E","R","E","T","R","T","$","?","M","R","B",null,"M","M","M","?","?","E","M","M","T","R","T","R","E","M","R","B",null,"M","M","$","M","?","E","R","T","T","M","T","M","R","M","M","R","B",null,"R","$","E","B"],"character_chosen":"DEFECT","items_purchased":["Loop","FTL","Loop"],"campfire_rested":5,"item_purchase_floors":[5,12,53],"current_hp_per_floor":[67,67,67,63,63,56,56,40,40,60,60,60,68,68,68,54,68,68,54,22,44,44,19,25,13,13,33,33,53,41,41,61,61,68,31,41,41,52,68,51,51,51,51,45,55,65,65,38,61,16,78,78,78,22,0],"gold":48,"neow_bonus":"ONE_RARE_RELIC","is_prod":false,"is_daily":false,"chose_seed":false,"campfire_upgraded":4,"win_rate":0,"timestamp":1544684341,"path_taken":["M","M","?","?","$","E","R","E","T","R","?","$","?","M","R","BOSS","M","M","M","?","?","E","M","M","T","R","?","R","E","M","R","BOSS","M","?","$","M","?","E","R","?","T","?","?","M","R","M","R","BOSS","R","$","E","BOSS"],"build_version":"2018-12-06","purchased_purges":0,"victory":false,"max_hp_per_floor":[68,68,68,68,68,68,68,68,68,68,68,68,68,68,68,68,68,68,68,68,68,68,68,68,68,68,68,68,68,68,68,68,68,68,68,68,68,68,68,68,68,68,68,68,78,78,78,78,78,78,78,78,78,85,85],"card_choices":[{"not_picked":["Darkness","Rebound"],"picked":"Glacier","floor":1.0},{"not_picked":["Sweeping Beam","Auto Shields"],"picked":"Ball Lightning","floor":2.0},{"not_picked":["Compile Driver","Steam"],"picked":"Turbo","floor":4.0},{"not_picked":["Compile Driver","Scrape"],"picked":"Hologram","floor":6.0},{"not_picked":["Compile Driver","Gash"],"picked":"Static Discharge","floor":8.0},{"not_picked":["Scrape","Reinforced Body"],"picked":"Chill","floor":14.0},{"not_picked":["Reboot","Amplify"],"picked":"Creative AI","floor":16.0},{"not_picked":["Barrage","Skim"],"picked":"Go for the Eyes+1","floor":18.0},{"not_picked":["Compile Driver","Cold Snap"],"picked":"Thunder Strike","floor":19.0},{"not_picked":["Go for the Eyes+1","Double Energy"],"picked":"Beam Cell+1","floor":20.0},{"not_picked":["Beam Cell+1","Seek"],"picked":"Ball Lightning+1","floor":23.0},{"not_picked":["Skim","Conserve Battery"],"picked":"Compile Driver+1","floor":24.0},{"not_picked":["Reprogram","Steam+1"],"picked":"Redo+1","floor":25.0},{"not_picked":["Gash+1","Creative AI"],"picked":"Force Field+1","floor":30.0},{"not_picked":["Chill","Conserve Battery"],"picked":"Capacitor","floor":31.0},{"not_picked":["Darkness+1","Ball Lightning+1"],"picked":"Hologram+1","floor":31.0},{"not_picked":["Thunder Strike","Creative AI"],"picked":"Machine Learning","floor":33.0},{"not_picked":["Go for the Eyes+1","Rebound"],"picked":"Force Field+1","floor":35.0},{"not_picked":["Storm+1","Defragment"],"picked":"White Noise","floor":35.0},{"not_picked":["Go for the Eyes","Hologram"],"picked":"Self Repair","floor":36.0},{"not_picked":["Cold Snap","Turbo+1"],"picked":"Beam Cell+1","floor":36.0},{"not_picked":["Leap","Consume"],"picked":"Streamline+1","floor":38.0},{"not_picked":["Recycle","Redo"],"picked":"Gash+1","floor":38.0},{"not_picked":["Barrage","Creative AI"],"picked":"Beam Cell","floor":39.0},{"not_picked":["Melter","Rip and Tear+1"],"picked":"Steam+1","floor":40.0},{"not_picked":["Rip and Tear+1","Compile Driver"],"picked":"Leap+1","floor":44.0},{"not_picked":["FTL+1","Leap+1"],"picked":"Storm+1","floor":44.0},{"not_picked":["Sweeping Beam","Storm"],"picked":"Redo+1","floor":46.0},{"not_picked":["Rip and Tear+1","Streamline"],"picked":"Go for the Eyes","floor":46.0},{"not_picked":["Compile Driver+1","Ball Lightning"],"picked":"Stack+1","floor":48.0},{"not_picked":["Coolheaded+1","Streamline+1"],"picked":"Conserve Battery+1","floor":48.0},{"not_picked":["Streamline","Genetic Algorithm+1"],"picked":"Barrage+1","floor":54.0}],"player_experience":189130,"relics_obtained":[{"floor":6.0,"key":"Darkstone Periapt"},{"floor":8.0,"key":"Happy Flower"},{"floor":11.0,"key":"Blue Candle"},{"floor":23.0,"key":"Matryoshka"},{"floor":26.0,"key":"Tiny Chest"},{"floor":26.0,"key":"Prayer Wheel"},{"floor":28.0,"key":"Art of War"},{"floor":28.0,"key":"Nunchaku"},{"floor":30.0,"key":"The Courier"},{"floor":39.0,"key":"Old Coin"},{"floor":40.0,"key":"Cables"},{"floor":42.0,"key":"Pen Nib"},{"floor":43.0,"key":"Toxic Egg 2"},{"floor":45.0,"key":"Pear"},{"floor":54.0,"key":"Strawberry"}],"event_choices":[{"damage_healed":0.0,"max_hp_gain":0.0,"max_hp_loss":0.0,"gold_gain":0.0,"event_name":"Upgrade Shrine","player_choice":"Upgraded","floor":3.0,"gold_loss":0.0,"damage_taken":0.0,"cards_upgraded":["Glacier"]},{"damage_healed":17.0,"max_hp_gain":0.0,"max_hp_loss":0.0,"gold_gain":0.0,"event_name":"The Cleric","player_choice":"Healed","floor":13.0,"gold_loss":35.0,"damage_taken":0.0},{"damage_healed":22.0,"max_hp_gain":0.0,"max_hp_loss":0.0,"gold_gain":0.0,"event_name":"The Library","player_choice":"Heal","floor":21.0,"gold_loss":0.0,"damage_taken":0.0},{"damage_healed":0.0,"max_hp_gain":0.0,"max_hp_loss":0.0,"gold_gain":0.0,"event_name":"Addict","player_choice":"Obtained Relic","floor":22.0,"gold_loss":85.0,"damage_taken":0.0,"relics_obtained":["Dodecahedron"]},{"damage_healed":0.0,"max_hp_gain":0.0,"max_hp_loss":0.0,"gold_gain":0.0,"event_name":"MindBloom","player_choice":"Fight","floor":39.0,"gold_loss":0.0,"damage_taken":0.0}],"is_beta":false,"boss_relics":[{"not_picked":["Snecko Eye","Coffee Dripper"],"picked":"Ectoplasm"},{"not_picked":["Runic Dome","Runic Pyramid"],"picked":"Astrolabe"}],"items_purged_floors":[],"is_endless":false,"potions_floor_spawned":[1,4,6,18,20,24,30,35,36,44,48],"killed_by":"The Heart","ascension_level":2}