{"gold_per_floor":[216,235,21,21,41,41,69,69,69,82,82,62,62,90,90,165,165,165,90,90,90,90,90,15,15,15,15,15,15,15,15,15,15,15,15,15,15,15,15,15,15,15,15,15,15,15,15,15,15,15],"floor_reached":50,"playtime":1948,"items_purged":["Strike_B"],"score":860,"play_id":"ebb3ea1c-7d3a-4d17-b42a-abce8da70c3f","local_time":"20181108171443","is_ascension_mode":true,"campfire_choices":[{"data":"Zap","floor":6.0,"key":"SMITH"},{"data":"Go for the Eyes","floor":8.0,"key":"SMITH"},{"data":"Steam","floor":11.0,"key":"SMITH"},{"data":"Dualcast","floor":15.0,"key":"SMITH"},{"floor":25.0,"key":"REST"},{"data":"Hologram","floor":27.0,"key":"SMITH"},{"floor":32.0,"key":"REST"},{"data":"Ball Lightning","floor":40,"key":"SMITH"},{"data":"Compile Driver","floor":42,"key":"SMITH"},{"floor":49,"key":"REST"}],"neow_cost":"NONE","seed_source_timestamp":873547837599264,"circlet_count":0,"master_deck":["AscendersBane","Strike_B","Defend_B","Defend_B","Defend_B","Defend_B","Zap+1","Dualcast+1","Steam+1","Go for the Eyes+1","Compile Driver+1","Echo Form","Gash","Ball Lightning+1","Ball Lightning","Electrodynamics","Coolheaded+1","Coolheaded+1","FTL+1","Hologram+1","FTL","Consume+1","Defragment","Sweeping Beam"],"special_seed":0,"relics":["Cracked Core","Lantern","Vajra","Meat on the Bone","Orichalcum","Ectoplasm","Sundial","Mercury Hourglass","Potion Belt","Busted Crown","Thread and Needle"],"potions_floor_usage":[46,50],"damage_taken":[{"damage":3.0,"enemies":"Jaw Worm","floor":1.0,"turns":4.0},{"damage":0.0,"enemies":"Cultist","floor":2.0,"turns":3.0},{"damage":0.0,"enemies":"Small Slimes","floor":5.0,"turns":2.0},{"damage":13.0,"enemies":"Lagavulin","floor":7.0,"turns":8.0},{"damage":8.0,"enemies":"Looter","floor":10.0,"turns":3.0},{"damage":12.0,"enemies":"Gremlin Nob","floor":14.0,"turns":3.0},{"damage":4.0,"enemies":"The Guardian","floor":16.0,"turns":9.0},{"damage":8.0,"enemies":"3 Byrds","floor":18.0,"turns":4.0},{"damage":13.0,"enemies":"Shell Parasite","floor":21.0,"turns":4.0},{"damage":0.0,"enemies":"Cultist and Chosen","floor":22.0,"turns":3.0},{"damage":40.0,"enemies":"Slavers","floor":23.0,"turns":4.0},{"damage":19,"enemies":"Automaton","floor":33,"turns":7},{"damage":8,"enemies":"3 Shapes","floor":35,"turns":4},{"damage":10,"enemies":"3 Darklings","floor":37,"turns":3},{"damage":1,"enemies":"Sphere and 2 Shapes","floor":38,"turns":3},{"damage":1,"enemies":"4 Shapes","floor":45,"turns":4},{"damage":0,"enemies":"Spire Growth","floor":46,"turns":4},{"damage":64,"enemies":"Time Eater","floor":50,"turns":6}],"seed_played":"-7095393787072618842","potions_obtained":[{"floor":2.0,"key":"Swift Potion"},{"floor":12.0,"key":"Fire Potion"},{"floor":14.0,"key":"SkillPotion"},{"floor":18.0,"key":"Dexterity Potion"},{"floor":33,"key":"Swift Potion"},{"floor":37,"key":"Block Potion"},{"floor":46,"key":"GamblersBrew"}],"is_trial":false,"path_per_floor":["M","M","$","?","M","R","E","R","T","M","R","?","$","E","R","B",null,"M","$","?","M","M","E","?","R","T","R","?","?","T","$","R","B",null,"M","?","M","M","?","R","?","R","T","?","M","M","$","?","R","B"],"character_chosen":"DEFECT","items_purchased":["Compile Driver","Lantern"],"campfire_rested":3,"item_purchase_floors":[3,3],"current_hp_per_floor":[61,61,61,61,61,61,48,48,48,40,40,40,40,40,40,36,62,54,54,54,41,41,13,13,34,34,34,34,34,34,34,55,36,62,54,54,44,43,43,43,43,43,43,43,42,42,42,42,62,0],"gold":15,"neow_bonus":"HUNDRED_GOLD","is_prod":false,"is_daily":false,"chose_seed":false,"campfire_upgraded":7,"win_rate":0,"timestamp":1541726083,"path_taken":["M","M","$","?","M","R","E","R","T","M","R","?","$","E","R","BOSS","M","?","?","?","M","E","?","R","T","R","?","?","?","$","R","BOSS","M","?","?","M","?","R","?","R","T","?","M","?","$","?","R","BOSS"],"build_version":"2018-11-01","purchased_purges":1,"victory":false,"max_hp_per_floor":[71,71,71,71,71,71,71,71,71,71,71,71,71,71,71,71,71,71,71,71,71,71,71,71,71,71,71,71,71,71,71,71,71,71,71,71,71,71,71,71,67,67,67,67,67,67,67,67,67,67],"card_choices":[{"not_picked":["Barrage","Leap"],"picked":"Steam","floor":1.0},{"not_picked":["Turbo","Gash"],"picked":"Go for the Eyes","floor":2.0},{"not_picked":["Loop","Reinforced Body"],"picked":"Echo Form","floor":5.0},{"not_picked":["Steam","Go for the Eyes"],"picked":"Gash","floor":7.0},{"not_picked":["Redo","Sweeping Beam"],"picked":"Ball Lightning","floor":10.0},{"not_picked":["Seek","Lockon"],"picked":"Ball Lightning","floor":14.0},{"not_picked":["Machine Learning","Seek"],"picked":"Electrodynamics","floor":16.0},{"not_picked":["Static Discharge","Hologram+1"],"picked":"Coolheaded+1","floor":18.0},{"not_picked":["Recycle","Redo"],"picked":"FTL+1","floor":21.0},{"not_picked":["Coolheaded","Auto Shields"],"picked":"Hologram","floor":22.0},{"not_picked":["Go for the Eyes","Auto Shields"],"picked":"FTL","floor":23.0},{"not_picked":[],"picked":"Consume+1","floor":35},{"not_picked":["Doom and Gloom"],"picked":"SKIP","floor":37},{"not_picked":["Streamline"],"picked":"SKIP","floor":38},{"not_picked":[],"picked":"Sweeping Beam","floor":45},{"not_picked":["Recycle"],"picked":"SKIP","floor":46}],"player_experience":1264627,"relics_obtained":[{"floor":7.0,"key":"Vajra"},{"floor":9.0,"key":"Meat on the Bone"},{"floor":14.0,"key":"Orichalcum"},{"floor":23.0,"key":"Sundial"},{"floor":26.0,"key":"Mercury Hourglass"},{"floor":30.0,"key":"Potion Belt"},{"floor":43,"key":"Thread and Needle"}],"event_choices":[{"damage_healed":0.0,"max_hp_gain":0.0,"max_hp_loss":0.0,"gold_gain":0.0,"event_name":"Liars Game","player_choice":"Ignored","floor":4.0,"gold_loss":0.0,"damage_taken":0.0},{"damage_healed":0.0,"max_hp_gain":0.0,"max_hp_loss":0.0,"gold_gain":0.0,"event_name":"The Woman in Blue","player_choice":"Bought 1 Potion","floor":12.0,"gold_loss":0.0,"damage_taken":0.0},{"damage_healed":0.0,"max_hp_gain":0.0,"max_hp_loss":0.0,"gold_gain":0.0,"event_name":"Duplicator","player_choice":"Copied","floor":20.0,"gold_loss":0.0,"damage_taken":0.0,"cards_obtained":["Coolheaded"]},{"cards_removed":["Strike_B"],"damage_healed":0.0,"max_hp_gain":0.0,"max_hp_loss":0.0,"gold_gain":0.0,"event_name":"Beggar","player_choice":"Gave Gold","floor":24.0,"gold_loss":75.0,"damage_taken":0.0},{"damage_healed":0.0,"max_hp_gain":0.0,"max_hp_loss":0.0,"gold_gain":0.0,"event_name":"Ghosts","player_choice":"Ignored","floor":28.0,"gold_loss":0.0,"damage_taken":0.0},{"damage_healed":0.0,"max_hp_gain":0.0,"max_hp_loss":0.0,"gold_gain":0.0,"event_name":"Vampires","player_choice":"Ignored","floor":29.0,"gold_loss":0.0,"damage_taken":0.0},{"damage_healed":0,"gold_gain":0,"player_choice":"Leave","damage_taken":0,"max_hp_gain":0,"max_hp_loss":0,"event_name":"FaceTrader","floor":36,"gold_loss":0},{"damage_healed":0,"gold_gain":0,"player_choice":"Memory 1","damage_taken":0,"max_hp_gain":0,"max_hp_loss":0,"event_name":"SensoryStone","floor":39,"gold_loss":0},{"damage_healed":0,"gold_gain":0,"player_choice":"Max HP","damage_taken":0,"max_hp_gain":0,"max_hp_loss":4,"event_name":"Winding Halls","floor":41,"gold_loss":0},{"damage_healed":0,"gold_gain":0,"cards_transformed":["Strike_B"],"player_choice":"Transformed","damage_taken":0,"max_hp_gain":0,"max_hp_loss":0,"event_name":"Transmorgrifier","floor":44,"gold_loss":0,"cards_obtained":["Defragment"]},{"damage_healed":0,"gold_gain":0,"player_choice":"Ignored","damage_taken":0,"max_hp_gain":0,"max_hp_loss":0,"event_name":"Mysterious Sphere","floor":48,"gold_loss":0}],"is_beta":false,"boss_relics":[{"not_picked":["FrozenCore","Pandora\u0027s Box"],"picked":"Ectoplasm"},{"not_picked":["Lizard Tail","Tiny House"],"picked":"Busted Crown"}],"items_purged_floors":[19],"is_endless":false,"potions_floor_spawned":[2,14,18,33,37,46],"killed_by":"Time Eater","ascension_level":16}