{"gold_per_floor":[114,129,129,129,149,193,193,229,229,249,249,16,57,57,57,188,188,213,237,260,2,2,2],"floor_reached":23,"playtime":3035,"items_purged":["Strike_R"],"score":334,"play_id":"51460f9d-5956-4f6e-8423-512d78e41df1","local_time":"20180926082629","is_ascension_mode":true,"campfire_choices":[{"floor":7.0,"key":"REST"},{"floor":11.0,"key":"REST"},{"data":"Armaments","floor":15.0,"key":"SMITH"}],"neow_cost":"NONE","seed_source_timestamp":1037216646057841,"circlet_count":0,"master_deck":["Strike_R","Strike_R","Strike_R","Defend_R","Defend_R+1","Defend_R","Defend_R+1","Bash","AscendersBane","Shrug It Off","Inflame","Armaments+1","Rampage","Shrug It Off","Discovery","Uppercut","Limit Break","Iron Wave"],"special_seed":0,"relics":["Burning Blood","Regal Pillow","Golden Idol","Champion Belt","Ornamental Fan","Bottled Lightning","Boot","Sozu","Meat on the Bone"],"potions_floor_usage":[],"damage_taken":[{"damage":4.0,"enemies":"2 Louse","floor":1.0,"turns":4.0},{"damage":15.0,"enemies":"Jaw Worm","floor":2.0,"turns":5.0},{"damage":6.0,"enemies":"Small Slimes","floor":5.0,"turns":5.0},{"damage":37.0,"enemies":"Lagavulin","floor":6.0,"turns":7.0},{"damage":33.0,"enemies":"Gremlin Nob","floor":8.0,"turns":5.0},{"damage":5.0,"enemies":"Blue Slaver","floor":10.0,"turns":5.0},{"damage":22.0,"enemies":"3 Sentries","floor":13.0,"turns":9.0},{"damage":31.0,"enemies":"The Guardian","floor":16.0,"turns":11.0},{"damage":3.0,"enemies":"Shell Parasite","floor":18.0,"turns":6.0},{"damage":13.0,"enemies":"2 Thieves","floor":19.0,"turns":5.0},{"damage":34,"enemies":"Shelled Parasite and Fungi","floor":20,"turns":6},{"damage":46,"enemies":"Slavers","floor":23,"turns":7}],"seed_played":"-2110673208759304210","potions_obtained":[{"floor":2.0,"key":"BloodPotion"},{"floor":5.0,"key":"Explosive Potion"},{"floor":6.0,"key":"Explosive Potion"},{"floor":8.0,"key":"LiquidBronze"},{"floor":16.0,"key":"Block Potion"}],"is_trial":false,"path_per_floor":["M","M","?","?","M","E","R","E","T","M","R","$","E","?","R","B",null,"M","M","M","$","?"],"character_chosen":"IRONCLAD","items_purchased":["Shrug It Off","Discovery","Meat on the Bone"],"campfire_rested":2,"item_purchase_floors":[12,12,21],"current_hp_per_floor":[74,65,49,49,56,25,62,35,35,36,73,73,60,65,65,40,72,75,68,40,40,40,0],"gold":2,"neow_bonus":"RANDOM_COMMON_RELIC","is_prod":false,"is_daily":false,"chose_seed":false,"campfire_upgraded":1,"win_rate":0,"timestamp":1537975589,"path_taken":["M","M","?","?","M","E","R","E","T","M","R","$","E","?","R","BOSS","M","M","M","$","?","E"],"build_version":"2018-09-20","purchased_purges":1,"victory":false,"max_hp_per_floor":[80,80,80,74,74,74,74,74,74,74,74,74,77,82,82,82,82,82,82,82,82,82,82],"card_choices":[{"not_picked":["Cleave","Rage"],"picked":"Shrug It Off","floor":1.0},{"not_picked":["Sword Boomerang","Body Slam"],"picked":"Inflame","floor":2.0},{"not_picked":["Perfected Strike","Cleave","Body Slam"],"picked":"SKIP","floor":5.0},{"not_picked":["Flex","Warcry","Berserk"],"picked":"SKIP","floor":6.0},{"not_picked":["Iron Wave","Rage"],"picked":"Armaments","floor":8.0},{"not_picked":["Evolve","Flex"],"picked":"Rampage","floor":10.0},{"not_picked":["Blood for Blood","Headbutt"],"picked":"Uppercut","floor":13.0},{"not_picked":["Barricade","Offering"],"picked":"Limit Break","floor":16.0},{"not_picked":["Headbutt","Carnage","Clothesline"],"picked":"SKIP","floor":18.0},{"not_picked":["Wild Strike+1","Power Through","Armaments"],"picked":"SKIP","floor":19.0},{"not_picked":["Feel No Pain","Perfected Strike"],"picked":"Iron Wave","floor":20}],"player_experience":1081560,"relics_obtained":[{"floor":6.0,"key":"Champion Belt"},{"floor":8.0,"key":"Ornamental Fan"},{"floor":9.0,"key":"Bottled Lightning"},{"floor":13.0,"key":"Boot"}],"event_choices":[{"event_name":"Shining Light","player_choice":"Entered Light","floor":3.0,"damage_taken":0.0},{"event_name":"Golden Idol","player_choice":"Lose Max HP","floor":4.0,"damage_taken":0.0},{"event_name":"Big Fish","player_choice":"Donut","floor":14.0,"damage_taken":0.0},{"event_name":"Bonfire Elementals","player_choice":"BASIC","floor":22,"damage_taken":0}],"is_beta":false,"boss_relics":[{"not_picked":["Astrolabe","Pandora\u0027s Box"],"picked":"Sozu"}],"items_purged_floors":[12],"is_endless":false,"potions_floor_spawned":[2,5,6,8,16],"killed_by":"Slavers","ascension_level":12}