{"gold_per_floor":[112,126,24,39,52,52,87,106,129,129,79,79,79,89,89,89],"floor_reached":16,"playtime":434,"items_purged":["Strike_R"],"score":204,"play_id":"29f26ba8-3f9a-4169-bbe1-65074d9f4503","local_time":"20190123000002","is_ascension_mode":true,"campfire_choices":[{"data":"Shockwave","floor":6,"key":"SMITH"},{"floor":12,"key":"REST"},{"floor":15,"key":"REST"}],"neow_cost":"NONE","seed_source_timestamp":1056263846435611,"circlet_count":0,"master_deck":["AscendersBane","Strike_R","Strike_R","Strike_R","Strike_R","Defend_R","Defend_R","Defend_R","Defend_R","Bash","Spot Weakness","Shockwave+1","Evolve","Twin Strike","Sword Boomerang","Reaper","Heavy Blade"],"relics":["Burning Blood","NeowsBlessing","Smiling Mask","Red Skull"],"potions_floor_usage":[7,8],"damage_taken":[{"damage":0,"enemies":"Cultist","floor":1,"turns":1},{"damage":0,"enemies":"2 Louse","floor":2,"turns":1},{"damage":0,"enemies":"Small Slimes","floor":4,"turns":1},{"damage":13,"enemies":"Exordium Wildlife","floor":5,"turns":4},{"damage":29,"enemies":"Gremlin Nob","floor":7,"turns":4},{"damage":41,"enemies":"Exordium Thugs","floor":8,"turns":4},{"damage":11,"enemies":"2 Fungi Beasts","floor":14,"turns":4},{"damage":61,"enemies":"Slime Boss","floor":16,"turns":8}],"seed_played":"1943089750392942831","potions_obtained":[{"floor":1,"key":"PowerPotion"},{"floor":2,"key":"Dexterity Potion"}],"is_trial":false,"path_per_floor":["M","M","$","M","M","R","E","M","T","?","$","R","?","M","R","B"],"character_chosen":"IRONCLAD","items_purchased":["Evolve","Twin Strike"],"campfire_rested":2,"item_purchase_floors":[3,3],"current_hp_per_floor":[74,75,75,75,68,68,45,10,10,10,10,32,32,36,58,0],"gold":89,"neow_bonus":"THREE_ENEMY_KILL","is_prod":false,"is_daily":false,"chose_seed":false,"campfire_upgraded":1,"win_rate":0,"timestamp":1548169202,"path_taken":["M","?","$","?","M","R","E","M","T","?","$","R","?","?","R","BOSS"],"build_version":"2019-01-17v2","purchased_purges":1,"victory":false,"max_hp_per_floor":[75,75,75,75,75,75,75,75,75,75,75,75,75,75,75,75],"card_choices":[{"not_picked":["Headbutt","Seeing Red"],"picked":"Spot Weakness","floor":1},{"not_picked":["Havoc","Inflame"],"picked":"Shockwave","floor":2},{"not_picked":["Headbutt","Clash","Pommel Strike"],"picked":"SKIP","floor":4},{"not_picked":["Flex","Clash"],"picked":"Sword Boomerang","floor":5},{"not_picked":["Second Wind","Reckless Charge","Clash"],"picked":"SKIP","floor":7},{"not_picked":["Reckless Charge","Hemokinesis"],"picked":"Reaper","floor":8},{"not_picked":["Twin Strike","Clothesline"],"picked":"Heavy Blade","floor":14}],"player_experience":647250,"relics_obtained":[{"floor":7,"key":"Smiling Mask"},{"floor":9,"key":"Red Skull"}],"event_choices":[{"damage_healed":0,"gold_gain":0,"player_choice":"Ignored","damage_taken":0,"max_hp_gain":0,"max_hp_loss":0,"event_name":"Shining Light","floor":10,"gold_loss":0},{"damage_healed":0,"gold_gain":0,"player_choice":"Ignored","damage_taken":0,"max_hp_gain":0,"max_hp_loss":0,"event_name":"Liars Game","floor":13,"gold_loss":0}],"is_beta":false,"boss_relics":[],"items_purged_floors":[11],"is_endless":false,"potions_floor_spawned":[1,2,5],"killed_by":"Slime Boss","ascension_level":20}