{"gold_per_floor":[109,109,109,109,123,163,163,206,232,255,0,0,0,18,18,111,111,125,125,175,20,35,35,74,74,147,171,8,8],"floor_reached":29,"playtime":1002,"items_purged":["Strike_B"],"score":521,"play_id":"6b670fc7-4339-4a08-a469-686f05f9f525","local_time":"20181130031657","is_ascension_mode":true,"campfire_choices":[{"data":"Zap","floor":7,"key":"SMITH"},{"data":"Magnetism","floor":13,"key":"SMITH"},{"floor":15,"key":"REST"},{"floor":23,"key":"REST"},{"floor":25,"key":"REST"}],"neow_cost":"NONE","seed_source_timestamp":110879013925886,"circlet_count":0,"master_deck":["AscendersBane","Strike_B","Strike_B","Strike_B","Defend_B","Defend_B","Defend_B","Defend_B","Zap+1","Dualcast","Sweeping Beam","Hologram","Cold Snap","Beam Cell+1","Magnetism+1","Cold Snap+1","Ball Lightning+1","Fission","FTL+1","Go for the Eyes+1","Ball Lightning+1","Echo Form"],"relics":["Cracked Core","NeowsBlessing","Omamori","Golden Idol","Vajra","Molten Egg 2","Strawberry","Bottled Tornado","Cursed Key","Enchiridion","Bottled Lightning","Singing Bowl"],"potions_floor_usage":[16,16,18,29],"damage_taken":[{"damage":0,"enemies":"Jaw Worm","floor":1,"turns":1},{"damage":0,"enemies":"Small Slimes","floor":5,"turns":1},{"damage":0,"enemies":"Lagavulin","floor":6,"turns":1},{"damage":36,"enemies":"3 Sentries","floor":8,"turns":7},{"damage":2,"enemies":"2 Louse","floor":10,"turns":2},{"damage":12,"enemies":"Exordium Wildlife","floor":14,"turns":4},{"damage":22,"enemies":"Hexaghost","floor":16,"turns":8},{"damage":18,"enemies":"Spheric Guardian","floor":18,"turns":4},{"damage":7,"enemies":"3 Byrds","floor":22,"turns":3},{"damage":35,"enemies":"Gremlin Leader","floor":24,"turns":8},{"damage":23,"enemies":"Centurion and Healer","floor":27,"turns":5},{"damage":20,"enemies":"Book of Stabbing","floor":29,"turns":3}],"seed_played":"-6971458951691168792","potions_obtained":[{"floor":5,"key":"LiquidBronze"},{"floor":14,"key":"PowerPotion"},{"floor":16,"key":"Regen Potion"},{"floor":24,"key":"FocusPotion"}],"is_trial":false,"path_per_floor":["M","?","?","?","M","E","R","E","T","M","$","T","R","M","R","B",null,"M","?","?","$","M","R","E","R","T","M","$","E"],"character_chosen":"DEFECT","items_purchased":["Magnetism","Cold Snap+1","FTL+1","Echo Form"],"campfire_rested":3,"item_purchase_floors":[11,11,21,28],"current_hp_per_floor":[64,64,64,57,57,57,57,21,28,26,26,26,26,14,37,15,62,56,35,35,35,28,51,16,39,39,18,18,0],"gold":8,"neow_bonus":"THREE_ENEMY_KILL","is_prod":false,"is_daily":false,"chose_seed":false,"campfire_upgraded":2,"win_rate":0,"timestamp":1543547817,"path_taken":["M","?","?","?","M","E","R","E","T","?","$","?","R","M","R","BOSS","M","?","?","$","M","R","E","R","T","M","$","E"],"build_version":"2018-11-15","purchased_purges":1,"victory":false,"max_hp_per_floor":[71,71,71,71,71,71,71,71,78,78,78,78,78,78,78,78,78,78,78,78,78,78,78,78,78,78,80,80,80],"card_choices":[{"not_picked":["Streamline","Rip and Tear"],"picked":"Sweeping Beam","floor":1},{"not_picked":["Rebound","Redo"],"picked":"Hologram","floor":5},{"not_picked":["Genetic Algorithm","Glacier"],"picked":"Cold Snap","floor":6},{"not_picked":["Reprogram","Consume","Scrape"],"picked":"SKIP","floor":8},{"not_picked":["Stack","Steam"],"picked":"Beam Cell+1","floor":10},{"not_picked":["Hologram","Multi-Cast"],"picked":"Ball Lightning+1","floor":14},{"not_picked":["Multi-Cast","Seek"],"picked":"Fission","floor":16},{"not_picked":["Rebound+1","Genetic Algorithm","Compile Driver+1"],"picked":"SKIP","floor":18},{"not_picked":["Redo","Chaos"],"picked":"Go for the Eyes+1","floor":22},{"not_picked":["Darkness","Force Field"],"picked":"Ball Lightning+1","floor":24},{"not_picked":["Sunder+1","Fusion","Coolheaded"],"picked":"Singing Bowl","floor":27}],"player_experience":956830,"relics_obtained":[{"floor":6,"key":"Vajra"},{"floor":8,"key":"Molten Egg 2"},{"floor":9,"key":"Strawberry"},{"floor":12,"key":"Bottled Tornado"},{"floor":19,"key":"Enchiridion"},{"floor":24,"key":"Bottled Lightning"},{"floor":26,"key":"Singing Bowl"}],"event_choices":[{"damage_healed":0,"gold_gain":0,"player_choice":"Box","damage_taken":0,"relics_obtained":["Omamori"],"max_hp_gain":0,"max_hp_loss":0,"event_name":"Big Fish","floor":2,"gold_loss":0,"cards_obtained":["Regret"]},{"damage_healed":0,"gold_gain":0,"player_choice":"Take Wound","damage_taken":0,"relics_obtained":["Golden Idol"],"max_hp_gain":0,"max_hp_loss":0,"event_name":"Golden Idol","floor":3,"gold_loss":0,"cards_obtained":["Injury"]},{"cards_removed":["Regret"],"damage_healed":0,"gold_gain":0,"player_choice":"Card Removal","damage_taken":7,"max_hp_gain":0,"max_hp_loss":0,"event_name":"Golden Wing","floor":4,"gold_loss":0},{"damage_healed":0,"gold_gain":0,"player_choice":"Obtained Book","damage_taken":21,"max_hp_gain":0,"max_hp_loss":0,"event_name":"Cursed Tome","floor":19,"gold_loss":0},{"damage_healed":0,"gold_gain":100,"player_choice":"Bet on Murderer","damage_taken":0,"max_hp_gain":0,"max_hp_loss":0,"event_name":"The Joust","floor":20,"gold_loss":50}],"is_beta":true,"boss_relics":[{"not_picked":["White Beast Statue","Tiny House"],"picked":"Cursed Key"}],"items_purged_floors":[21],"is_endless":false,"potions_floor_spawned":[5,14,16,24],"killed_by":"Book of Stabbing","ascension_level":18}