{"gold_per_floor":[110,110,64,77,10,10,29,72,72,111,186,186,33,71,71,202,202,217,295,21,21,60,98,117,153,153,68,109,132,132,145,145,265,265,281,281,302,326,17,17,32,75,130,168,390,390],"floor_reached":46,"playtime":1909,"items_purged":["Defend_R"],"score":846,"play_id":"d97f3b12-519a-41fb-9631-c187667e6459","local_time":"20180923191000","is_ascension_mode":true,"campfire_choices":[{"data":"Iron Wave","floor":6,"key":"SMITH"},{"data":"Infernal Blade","floor":12,"key":"SMITH"},{"floor":15,"key":"REST"},{"data":"Iron Wave","floor":32,"key":"SMITH"},{"floor":40,"key":"REST"}],"neow_cost":"NONE","seed_source_timestamp":39621068026392,"circlet_count":0,"master_deck":["Strike_R+1","Strike_R+1","Strike_R+1","Strike_R+1","Strike_R+1","Defend_R+1","Defend_R+1","Bash","Iron Wave","Flex+1","Iron Wave+1","Infernal Blade+1","Clash","Thunderclap","Limit Break+1","Perfected Strike","Perfected Strike","Seeing Red+1","Flex+1","Pommel Strike","Flame Barrier+1","Iron Wave+1","Perfected Strike","Spot Weakness+1","Clash","Flex+1","Heavy Blade","Shrug It Off+1","Iron Wave","Feed","Battle Trance+1","Warcry+1","Master of Strategy+1","Flash of Steel","Infernal Blade+1","Perfected Strike+1"],"relics":["Black Blood","Golden Idol","Darkstone Periapt","Red Skull","Juzu Bracelet","Regal Pillow","Toxic Egg 2","Orrery","Pantograph","Anchor","Red Mask","Oddly Smooth Stone","Ice Cream","PreservedInsect","War Paint","Blue Candle","Turnip","Smiling Mask","Tiny Chest","Pear"],"potions_floor_usage":[1,8,8,16,22,25,28,31,31,33,44,44],"damage_taken":[{"damage":1,"enemies":"Small Slimes","floor":1,"turns":6},{"damage":0,"enemies":"Jaw Worm","floor":4,"turns":3},{"damage":1,"enemies":"Cultist","floor":7,"turns":3},{"damage":11,"enemies":"Gremlin Nob","floor":8,"turns":3},{"damage":18,"enemies":"Lagavulin","floor":10,"turns":5},{"damage":25,"enemies":"3 Sentries","floor":14,"turns":6},{"damage":55,"enemies":"Hexaghost","floor":16,"turns":9},{"damage":0,"enemies":"Chosen","floor":18,"turns":3},{"damage":0,"enemies":"Masked Bandits","floor":22,"turns":2},{"damage":28,"enemies":"Slavers","floor":23,"turns":6},{"damage":12,"enemies":"Shell Parasite","floor":24,"turns":3},{"damage":27,"enemies":"Book of Stabbing","floor":25,"turns":4},{"damage":0,"enemies":"Gremlin Leader","floor":28,"turns":3},{"damage":10,"enemies":"Shelled Parasite and Fungi","floor":29,"turns":4},{"damage":7,"enemies":"Centurion and Healer","floor":31,"turns":4},{"damage":77,"enemies":"Champ","floor":33,"turns":10},{"damage":0,"enemies":"3 Shapes","floor":35,"turns":3},{"damage":35,"enemies":"Mind Bloom Boss Battle","floor":36,"turns":7},{"damage":24,"enemies":"3 Darklings","floor":37,"turns":6},{"damage":14,"enemies":"Transient","floor":38,"turns":5},{"damage":3,"enemies":"4 Shapes","floor":41,"turns":4},{"damage":16,"enemies":"Giant Head","floor":42,"turns":5},{"damage":49,"enemies":"2 Orb Walkers","floor":44,"turns":4},{"damage":93,"enemies":"Giant Head","floor":46,"turns":7}],"seed_played":"7381955794422585127","potions_obtained":[{"floor":0,"key":"Dexterity Potion"},{"floor":0,"key":"Strength Potion"},{"floor":0,"key":"FairyPotion"},{"floor":4,"key":"Explosive Potion"},{"floor":10,"key":"Strength Potion"},{"floor":16,"key":"Explosive Potion"},{"floor":24,"key":"BloodPotion"},{"floor":25,"key":"Poison Potion"},{"floor":28,"key":"GamblersBrew"},{"floor":29,"key":"Ancient Potion"},{"floor":31,"key":"Swift Potion"},{"floor":36,"key":"GamblersBrew"},{"floor":42,"key":"Swift Potion"},{"floor":44,"key":"FairyPotion"}],"is_trial":false,"path_per_floor":["M","?","$","M","$","R","M","E","T","E","?","R","$","E","R","B",null,"M","T","$","?","?","E","M","E","T","?","E","M","?","M","R","B",null,"M","?","M","M","$","R","M","E","T","E","?"],"character_chosen":"IRONCLAD","items_purchased":["Flex","Infernal Blade","Regal Pillow","Anchor","Iron Wave","Master of Strategy+1","Flash of Steel"],"campfire_rested":2,"item_purchase_floors":[3,5,13,20,20,39,39],"current_hp_per_floor":[80,60,60,66,66,66,71,66,66,54,43,43,43,49,80,31,68,74,74,74,74,80,58,52,39,39,39,45,41,41,40,40,14,64,77,58,44,40,40,79,86,80,80,51,51,0],"gold":390,"neow_bonus":"THREE_SMALL_POTIONS","is_prod":false,"is_daily":false,"chose_seed":false,"campfire_upgraded":3,"win_rate":0,"timestamp":1537722600,"path_taken":["M","?","$","?","?","R","M","E","T","E","?","R","?","E","R","BOSS","M","?","$","?","?","E","M","E","T","?","E","M","?","M","R","BOSS","M","?","M","M","$","R","M","E","T","E","?","E"],"build_version":"2018-09-20","purchased_purges":1,"victory":false,"max_hp_per_floor":[80,80,80,80,80,80,80,80,80,80,80,80,80,80,80,80,80,80,80,80,80,80,80,80,80,80,80,80,80,80,80,80,80,80,83,83,83,83,83,83,86,86,86,96,96,96],"card_choices":[{"not_picked":["Clash","Warcry"],"picked":"Iron Wave","floor":1},{"not_picked":["Battle Trance","Clothesline"],"picked":"Iron Wave","floor":4},{"not_picked":["Twin Strike","True Grit"],"picked":"Clash","floor":7},{"not_picked":["Burning Pact","Pommel Strike","Body Slam"],"picked":"SKIP","floor":8},{"not_picked":["Combust","Havoc","Second Wind"],"picked":"SKIP","floor":10},{"not_picked":["Reaper","Entrench"],"picked":"Thunderclap","floor":14},{"not_picked":["Immolate","Juggernaut"],"picked":"Limit Break+1","floor":16},{"not_picked":["Uppercut","Iron Wave"],"picked":"Perfected Strike","floor":17},{"not_picked":["Warcry+1","Body Slam"],"picked":"Perfected Strike","floor":17},{"not_picked":["Carnage","Sword Boomerang"],"picked":"Seeing Red+1","floor":17},{"not_picked":["Pommel Strike","Havoc+1"],"picked":"Flex+1","floor":17},{"not_picked":["Thunderclap","Second Wind+1"],"picked":"Pommel Strike","floor":17},{"not_picked":["Havoc+1","True Grit+1"],"picked":"Flame Barrier+1","floor":18},{"not_picked":["Twin Strike","Thunderclap"],"picked":"Perfected Strike","floor":22},{"not_picked":["Power Through+1","Combust"],"picked":"Spot Weakness+1","floor":23},{"not_picked":["Twin Strike","Fiend Fire"],"picked":"Clash","floor":24},{"not_picked":["Dual Wield+1","Sever Soul"],"picked":"Flex+1","floor":25},{"not_picked":["Shockwave+1","Exhume+1"],"picked":"Heavy Blade","floor":28},{"not_picked":["Spot Weakness+1","Thunderclap"],"picked":"Shrug It Off+1","floor":29},{"not_picked":["Sword Boomerang","Inflame","Headbutt+1"],"picked":"SKIP","floor":31},{"not_picked":["Barricade","Brutality"],"picked":"Feed","floor":33},{"not_picked":["True Grit+1","Body Slam+1"],"picked":"Battle Trance+1","floor":35},{"not_picked":["Armaments+1","Thunderclap+1"],"picked":"Warcry+1","floor":36},{"not_picked":["Clothesline","Cleave","Iron Wave"],"picked":"SKIP","floor":37},{"not_picked":["Double Tap+1","Wild Strike+1","Cleave"],"picked":"SKIP","floor":38},{"not_picked":["Twin Strike","Flex+1"],"picked":"Infernal Blade+1","floor":41},{"not_picked":["Intimidate+1","Havoc+1","Cleave"],"picked":"SKIP","floor":42},{"not_picked":["Clothesline","Demon Form"],"picked":"Perfected Strike+1","floor":44}],"player_experience":141814,"relics_obtained":[{"floor":8,"key":"Darkstone Periapt"},{"floor":9,"key":"Red Skull"},{"floor":10,"key":"Juzu Bracelet"},{"floor":14,"key":"Toxic Egg 2"},{"floor":19,"key":"Pantograph"},{"floor":22,"key":"Red Mask"},{"floor":23,"key":"Oddly Smooth Stone"},{"floor":25,"key":"Ice Cream"},{"floor":26,"key":"PreservedInsect"},{"floor":28,"key":"Blue Candle"},{"floor":36,"key":"Turnip"},{"floor":42,"key":"Smiling Mask"},{"floor":43,"key":"Tiny Chest"},{"floor":44,"key":"Pear"}],"event_choices":[{"event_name":"Golden Idol","player_choice":"Take Damage","floor":2,"damage_taken":0},{"event_name":"World of Goop","player_choice":"Gather Gold","floor":11,"damage_taken":0},{"event_name":"Back to Basics","player_choice":"Simplicity","floor":21,"damage_taken":0},{"event_name":"Masked Bandits","player_choice":"Fought Bandits","floor":22,"damage_taken":0},{"event_name":"Addict","player_choice":"Obtained Relic","floor":27,"damage_taken":0},{"event_name":"Transmorgrifier","player_choice":"Transform","floor":30,"damage_taken":0},{"event_name":"MindBloom","player_choice":"Fight","floor":36,"damage_taken":0},{"event_name":"Tomb of Lord Red Mask","player_choice":"Wore Mask","floor":45,"damage_taken":0}],"is_beta":true,"boss_relics":[{"not_picked":["Coffee Dripper","Ectoplasm"],"picked":"Orrery"},{"not_picked":["Empty Cage","Cursed Key"],"picked":"Black Blood"}],"items_purged_floors":[20],"is_endless":false,"potions_floor_spawned":[4,10,16,24,25,28,29,31,36,42,44],"killed_by":"Giant Head","ascension_level":5}