{"gold_per_floor":[118,136,136,155,8,34,34,34,59,84,84,84,84,113,113,212,212,226,241,241,86,100,100,127,141,189,189,204,218,218,218,218,316,316,327,340,340,356,373,373,473,473,500,500,150,177,189,200,200,200],"floor_reached":50,"playtime":2943,"items_purged":[],"score":587,"play_id":"fafe4b39-e710-4106-a626-ed1b206df1b4","local_time":"20181208013022","is_ascension_mode":true,"campfire_choices":[{"floor":8,"key":"REST"},{"data":"Leg Sweep","floor":12,"key":"SMITH"},{"data":"Deadly Poison","floor":15,"key":"SMITH"},{"data":"Corpse Explosion","floor":23,"key":"SMITH"},{"floor":27,"key":"REST"},{"floor":32,"key":"REST"},{"floor":40,"key":"REST"},{"data":"Catalyst","floor":42,"key":"SMITH"},{"floor":44,"key":"REST"},{"floor":49,"key":"REST"}],"neow_cost":"NONE","seed_source_timestamp":7353127345886,"circlet_count":0,"master_deck":["Defend_G+1","Defend_G+1","Defend_G+1","Defend_G+1","Strike_G+1","Strike_G+1","Strike_G+1","Strike_G+1","Survivor","Neutralize+1","Outmaneuver","Deadly Poison+1","Leg Sweep+1","Deadly Poison+1","Dagger Throw","Terror","Corpse Explosion+1","Blade Dance+1","Caltrops","Prepared","Blur+1","Poisoned Stab","Backflip","Choke+1","Noxious Fumes","Deflect","Crippling Poison","Night Terror","Bane+1","All Out Attack+1","Bane","Calculated Gamble+1","Catalyst+1","Distraction","Secret Technique","Envenom","Blade Dance+1"],"relics":["Ring of the Snake","NeowsBlessing","Snake Skull","Potion Belt","Blood Vial","Strawberry","Philosopher\u0027s Stone","Orichalcum","Anchor","Smiling Mask","Lizard Tail","Ginger","Pen Nib","Bronze Scales","Dream Catcher"],"potions_floor_usage":[6,10,24,24,33,41,50,50,50,50,50],"damage_taken":[{"damage":0,"enemies":"Cultist","floor":1,"turns":1},{"damage":0,"enemies":"2 Louse","floor":2,"turns":1},{"damage":0,"enemies":"Jaw Worm","floor":4,"turns":1},{"damage":29,"enemies":"Gremlin Nob","floor":6,"turns":6},{"damage":2,"enemies":"Lagavulin","floor":10,"turns":6},{"damage":4,"enemies":"Gremlin Nob","floor":14,"turns":4},{"damage":29,"enemies":"The Guardian","floor":16,"turns":9},{"damage":5,"enemies":"3 Byrds","floor":18,"turns":2},{"damage":22,"enemies":"Spheric Guardian","floor":19,"turns":4},{"damage":1,"enemies":"Snecko","floor":22,"turns":4},{"damage":36,"enemies":"Gremlin Leader","floor":24,"turns":5},{"damage":17,"enemies":"Sentry and Sphere","floor":25,"turns":5},{"damage":1,"enemies":"Cultist and Chosen","floor":28,"turns":6},{"damage":12,"enemies":"Snake Plant","floor":29,"turns":4},{"damage":37,"enemies":"Champ","floor":33,"turns":10},{"damage":0,"enemies":"3 Shapes","floor":35,"turns":6},{"damage":6,"enemies":"Orb Walker","floor":36,"turns":3},{"damage":26,"enemies":"Writhing Mass","floor":38,"turns":5},{"damage":25,"enemies":"Sphere and 2 Shapes","floor":39,"turns":4},{"damage":4,"enemies":"Mind Bloom Boss Battle","floor":41,"turns":9},{"damage":10,"enemies":"Giant Head","floor":46,"turns":6},{"damage":34,"enemies":"Spire Growth","floor":47,"turns":4},{"damage":14,"enemies":"Writhing Mass","floor":48,"turns":4},{"damage":95,"enemies":"Awakened One","floor":50,"turns":8}],"seed_played":"3486848955791998853","potions_obtained":[{"floor":1,"key":"Fire Potion"},{"floor":2,"key":"Block Potion"},{"floor":4,"key":"AttackPotion"},{"floor":16,"key":"PowerPotion"},{"floor":18,"key":"FearPotion"},{"floor":19,"key":"GhostInAJar"},{"floor":25,"key":"Regen Potion"},{"floor":33,"key":"LiquidBronze"},{"floor":38,"key":"Swift Potion"},{"floor":39,"key":"SkillPotion"},{"floor":47,"key":"Energy Potion"},{"floor":48,"key":"Poison Potion"}],"is_trial":false,"path_per_floor":["M","M","?","M","$","E","?","R","T","E","?","R","$","E","R","B",null,"M","M","?","$","M","R","E","M","T","R","M","M","?","?","R","B",null,"M","M","?","M","M","R","?","R","T","R","$","E","M","M","R","B"],"character_chosen":"THE_SILENT","items_purchased":["Snake Skull","Orichalcum","Bronze Scales","Distraction","Secret Technique"],"campfire_rested":6,"item_purchase_floors":[5,21,45,45,45],"current_hp_per_floor":[70,70,70,70,70,41,27,48,48,46,51,51,51,56,56,29,82,77,57,57,57,58,58,24,9,9,33,34,24,24,24,48,28,82,82,76,76,52,29,52,50,50,50,73,73,65,33,21,44,0],"gold":200,"neow_bonus":"THREE_ENEMY_KILL","is_prod":false,"is_daily":false,"chose_seed":false,"campfire_upgraded":4,"win_rate":0,"timestamp":1544250622,"path_taken":["M","?","?","M","$","E","?","R","T","E","?","R","$","E","R","BOSS","M","M","?","$","M","R","E","M","T","R","M","M","?","?","R","BOSS","M","M","?","M","M","R","?","R","T","R","$","E","M","?","R","BOSS"],"build_version":"2018-12-06","purchased_purges":0,"victory":false,"max_hp_per_floor":[70,70,70,70,70,70,70,70,70,70,75,75,75,82,82,82,82,82,82,82,82,82,82,82,82,82,82,82,82,82,82,82,82,82,82,82,78,78,78,78,78,78,78,78,78,78,78,78,78,78],"card_choices":[{"not_picked":["Underhanded Strike","Well Laid Plans"],"picked":"Outmaneuver","floor":1},{"not_picked":["Choke","Sucker Punch"],"picked":"Deadly Poison","floor":2},{"not_picked":["Flying Knee","Dodge and Roll"],"picked":"Leg Sweep","floor":4},{"not_picked":["Cloak And Dagger","Outmaneuver"],"picked":"Deadly Poison","floor":6},{"not_picked":["Storm of Steel","Flechettes"],"picked":"Dagger Throw","floor":10},{"not_picked":["Calculated Gamble","Cloak And Dagger"],"picked":"Terror","floor":14},{"not_picked":["Bullet Time","Phantasmal Killer"],"picked":"Corpse Explosion","floor":16},{"not_picked":["Skewer","Dagger Throw"],"picked":"Blade Dance+1","floor":18},{"not_picked":["Flying Knee","Skewer"],"picked":"Caltrops","floor":19},{"not_picked":["Blade Dance+1","Setup"],"picked":"Prepared","floor":22},{"not_picked":["Outmaneuver","Accuracy"],"picked":"Blur+1","floor":24},{"not_picked":["Dodge and Roll+1","Quick Slash"],"picked":"Poisoned Stab","floor":25},{"not_picked":["Dagger Throw","Accuracy"],"picked":"Backflip","floor":28},{"not_picked":["Eviscerate","Acrobatics"],"picked":"Choke+1","floor":29},{"not_picked":["Grand Finale","Die Die Die"],"picked":"Night Terror","floor":33},{"not_picked":["Blade Dance","Escape Plan"],"picked":"Bane+1","floor":35},{"not_picked":["Poisoned Stab","Skewer"],"picked":"All Out Attack+1","floor":36},{"not_picked":["Outmaneuver","Heel Hook"],"picked":"Bane","floor":38},{"not_picked":["Terror","Outmaneuver+1"],"picked":"Calculated Gamble+1","floor":39},{"not_picked":["Skewer","Slice+1"],"picked":"Catalyst","floor":41},{"not_picked":["Deflect","Deadly Poison"],"picked":"Envenom","floor":46},{"not_picked":["Dagger Spray","Setup"],"picked":"Blade Dance+1","floor":47},{"not_picked":["Outmaneuver","Accuracy","Escape Plan"],"picked":"SKIP","floor":48}],"player_experience":162351,"relics_obtained":[{"floor":6,"key":"Potion Belt"},{"floor":10,"key":"Blood Vial"},{"floor":14,"key":"Strawberry"},{"floor":24,"key":"Anchor"},{"floor":26,"key":"Smiling Mask"},{"floor":41,"key":"Ginger"},{"floor":43,"key":"Pen Nib"},{"floor":46,"key":"Dream Catcher"}],"event_choices":[{"damage_healed":0,"gold_gain":0,"player_choice":"Grow","damage_taken":0,"max_hp_gain":0,"max_hp_loss":0,"event_name":"Living Wall","floor":3,"gold_loss":0,"cards_upgraded":["Neutralize"]},{"damage_healed":0,"gold_gain":0,"player_choice":"Entered Light","damage_taken":14,"max_hp_gain":0,"max_hp_loss":0,"event_name":"Shining Light","floor":7,"gold_loss":0,"cards_upgraded":["Deadly Poison","Defend_G"]},{"damage_healed":0,"gold_gain":0,"player_choice":"Donut","damage_taken":0,"max_hp_gain":5,"max_hp_loss":0,"event_name":"Big Fish","floor":11,"gold_loss":0},{"damage_healed":0,"gold_gain":0,"player_choice":"Simplicity","damage_taken":0,"max_hp_gain":0,"max_hp_loss":0,"event_name":"Back to Basics","floor":20,"gold_loss":0,"cards_upgraded":["Defend_G","Defend_G","Defend_G","Defend_G","Strike_G","Strike_G","Strike_G","Strike_G","Strike_G"]},{"damage_healed":0,"gold_gain":0,"player_choice":"Read","damage_taken":0,"max_hp_gain":0,"max_hp_loss":0,"event_name":"The Library","floor":30,"gold_loss":0,"cards_obtained":["Noxious Fumes"]},{"damage_healed":0,"gold_gain":0,"cards_transformed":["Strike_G","Defend_G"],"player_choice":"Became Test Subject","damage_taken":0,"max_hp_gain":0,"max_hp_loss":0,"event_name":"Drug Dealer","floor":31,"gold_loss":0,"cards_obtained":["Deflect","Crippling Poison"]},{"damage_healed":0,"gold_gain":0,"player_choice":"Max HP","damage_taken":0,"max_hp_gain":0,"max_hp_loss":4,"event_name":"Winding Halls","floor":37,"gold_loss":0},{"damage_healed":0,"gold_gain":0,"player_choice":"Fight","damage_taken":0,"max_hp_gain":0,"max_hp_loss":0,"event_name":"MindBloom","floor":41,"gold_loss":0}],"is_beta":false,"boss_relics":[{"not_picked":["Cursed Key","Tiny House"],"picked":"Philosopher\u0027s Stone"},{"not_picked":["Runic Pyramid","Pandora\u0027s Box"],"picked":"Lizard Tail"}],"items_purged_floors":[],"is_endless":false,"potions_floor_spawned":[1,2,4,16,18,19,25,33,38,39,47,48],"killed_by":"Awakened One","ascension_level":1}