{"gold_per_floor":[114,23,23,33,33,33,60,60,60,60,79,79,92,105,105,205,205,221,238,163,36,0,0,0,0,53,69,69,69,87,97,97,192,192,212,212,212,212,231,231,265,282,282,282],"floor_reached":44,"playtime":3640,"items_purged":["Strike_B"],"score":670,"play_id":"4d3aab04-cb51-4a2a-a3a2-24cdb1958c06","local_time":"20180729232237","is_ascension_mode":true,"campfire_choices":[{"data":"Zap","floor":6,"key":"SMITH"},{"data":"Dualcast","floor":8,"key":"SMITH"},{"data":"FTL","floor":10,"key":"SMITH"},{"data":"Conserve Battery","floor":12,"key":"SMITH"},{"data":"Trip","floor":15,"key":"SMITH"},{"data":"Conserve Battery","floor":23,"key":"SMITH"},{"data":"Beam Cell","floor":25,"key":"SMITH"},{"data":"Redo","floor":29,"key":"SMITH"},{"data":"Beam Cell","floor":32,"key":"SMITH"},{"floor":40,"key":"REST"}],"neow_cost":"TEN_PERCENT_HP_LOSS","seed_source_timestamp":502280241079,"circlet_count":0,"master_deck":["Strike_B","Defend_B","Defend_B","Defend_B","Defend_B","Zap+1","Beam Cell+1","Trip+1","FTL+1","Conserve Battery+1","Steam","Conserve Battery+1","Chill+1","Beam Cell+1","Redo+1","Redo+1","Gash+1","Secret Technique","Finesse"],"relics":["Cracked Core","Unceasing Top","Kunai","Pantograph","Busted Crown","Regal Pillow","Orichalcum","Philosopher\u0027s Stone","Smiling Mask","Gremlin Horn"],"potions_floor_usage":[7,13,31,31],"damage_taken":[{"damage":4,"enemies":"Jaw Worm","floor":1,"turns":4},{"damage":6,"enemies":"Small Slimes","floor":4,"turns":3},{"damage":20,"enemies":"Lagavulin","floor":7,"turns":6},{"damage":4,"enemies":"2 Louse","floor":11,"turns":2},{"damage":4,"enemies":"Red Slaver","floor":13,"turns":2},{"damage":0,"enemies":"Gremlin Gang","floor":14,"turns":3},{"damage":45,"enemies":"Hexaghost","floor":16,"turns":11},{"damage":0,"enemies":"3 Byrds","floor":18,"turns":4},{"damage":0,"enemies":"Shell Parasite","floor":19,"turns":3},{"damage":0,"enemies":"Centurion and Healer","floor":27,"turns":6},{"damage":0,"enemies":"Slaver and Parasite","floor":30,"turns":4},{"damage":27,"enemies":"Snecko","floor":31,"turns":8},{"damage":0,"enemies":"Champ","floor":33,"turns":9},{"damage":0,"enemies":"3 Darklings","floor":35,"turns":4},{"damage":17,"enemies":"Orb Walker","floor":39,"turns":3},{"damage":0,"enemies":"Giant Head","floor":41,"turns":6},{"damage":0,"enemies":"3 Darklings","floor":42,"turns":4},{"damage":100,"enemies":"Nemesis","floor":44,"turns":8}],"seed_played":"-2915190693350646097","potions_obtained":[{"floor":4,"key":"Ancient Potion"},{"floor":7,"key":"SpeedPotion"},{"floor":16,"key":"Block Potion"},{"floor":19,"key":"Fire Potion"},{"floor":30,"key":"Fruit Juice"},{"floor":38,"key":"EssenceOfSteel"},{"floor":38,"key":"Regen Potion"},{"floor":38,"key":"EssenceOfSteel"},{"floor":41,"key":"FocusPotion"}],"is_trial":false,"path_per_floor":["M","$","?","M","?","R","E","R","T","R","M","R","M","M","R","B",null,"M","M","?","$","?","R","?","R","T","M","?","R","M","M","R","B",null,"M","?","?","?","M","R","E","M","T"],"character_chosen":"DEFECT","items_purchased":["Trip","Beam Cell"],"campfire_rested":1,"item_purchase_floors":[2,21],"current_hp_per_floor":[64,64,64,58,63,63,43,43,43,43,39,39,35,35,35,15,59,59,59,59,59,59,59,59,59,59,59,59,59,59,37,37,62,74,74,74,64,64,47,78,78,78,78,0],"gold":282,"neow_bonus":"ONE_RARE_RELIC","is_prod":false,"is_daily":false,"chose_seed":false,"campfire_upgraded":9,"win_rate":0,"timestamp":1532870557,"path_taken":["M","$","?","M","?","R","E","R","T","R","M","R","?","?","R","BOSS","M","M","?","$","?","R","?","R","T","M","?","R","M","M","R","BOSS","M","?","?","?","M","R","E","?","T","E"],"build_version":"2018-07-26","purchased_purges":1,"victory":false,"max_hp_per_floor":[68,68,68,68,73,73,73,73,73,73,73,73,73,73,73,73,73,73,73,73,73,73,73,73,73,73,73,73,73,73,78,78,78,78,78,78,78,78,78,78,78,78,78,78],"card_choices":[{"not_picked":["Compile Driver","Genetic Algorithm"],"picked":"Beam Cell","floor":1},{"not_picked":["Darkness","Aggregate","Lockon"],"picked":"SKIP","floor":4},{"not_picked":["Rip and Tear","Coolheaded"],"picked":"FTL","floor":7},{"not_picked":["Hologram","Compile Driver"],"picked":"Conserve Battery","floor":11},{"not_picked":["Cold Snap","Turbo"],"picked":"Steam","floor":13},{"not_picked":["Steam","Auto Shields"],"picked":"Conserve Battery","floor":14},{"not_picked":["Compile Driver"],"picked":"SKIP","floor":18},{"not_picked":[],"picked":"Chill+1","floor":19},{"not_picked":[],"picked":"Redo","floor":27},{"not_picked":["Turbo+1"],"picked":"SKIP","floor":30},{"not_picked":[],"picked":"Redo+1","floor":31},{"not_picked":[],"picked":"Gash+1","floor":35},{"not_picked":[],"picked":"Secret Technique","floor":37},{"not_picked":[],"picked":"Finesse","floor":37},{"not_picked":["Leap"],"picked":"SKIP","floor":39},{"not_picked":["Genetic Algorithm+1"],"picked":"SKIP","floor":41},{"not_picked":["Barrage"],"picked":"SKIP","floor":42}],"player_experience":549225,"relics_obtained":[{"floor":7,"key":"Kunai"},{"floor":9,"key":"Pantograph"},{"floor":26,"key":"Orichalcum"},{"floor":41,"key":"Smiling Mask"},{"floor":43,"key":"Gremlin Horn"}],"event_choices":[{"event_name":"Liars Game","player_choice":"disagreed","floor":3,"damage_taken":0},{"event_name":"Big Fish","player_choice":"Donut","floor":5,"damage_taken":0},{"event_name":"Beggar","player_choice":"Gave Gold","floor":20,"damage_taken":0},{"event_name":"Masked Bandits","player_choice":"Paid Bandits 36 gold","floor":22,"damage_taken":0},{"event_name":"WeMeetAgain","player_choice":"Potion","floor":24,"damage_taken":0},{"event_name":"Back to Basics","player_choice":"Elegance","floor":28,"damage_taken":0},{"event_name":"Falling","player_choice":"Removed Skill","floor":36,"damage_taken":0},{"event_name":"SensoryStone","player_choice":"Memory 3","floor":37,"damage_taken":0},{"event_name":"The Lab","player_choice":"Got Potions","floor":38,"damage_taken":0}],"is_beta":false,"boss_relics":[{"not_picked":["Inserter","Snecko Eye"],"picked":"Busted Crown"},{"not_picked":["Lizard Tail","Black Star"],"picked":"Philosopher\u0027s Stone"}],"items_purged_floors":[21],"is_endless":false,"potions_floor_spawned":[4,7,16,19,30,41,42],"killed_by":"Nemesis","ascension_level":5}