{"gold_per_floor":[113,113,123,134,151,151,178,178,178,213,213,227,227,227,227,324,324,340,340,145,165,165,165,165,165,191,203],"floor_reached":27,"playtime":993,"items_purged":["Strike_B"],"score":296,"play_id":"590d8009-fbff-45d4-8fe4-db0faac0554b","local_time":"20181230172636","is_ascension_mode":true,"campfire_choices":[{"data":"Zap","floor":6,"key":"SMITH"},{"floor":8,"key":"REST"},{"floor":15,"key":"REST"},{"floor":23,"key":"REST"},{"data":"Electrodynamics","floor":25,"key":"SMITH"}],"neow_cost":"NONE","seed_source_timestamp":817036020657021,"circlet_count":0,"master_deck":["Defend_B","Defend_B","Defend_B","Defend_B","Zap+1","Dualcast+1","Stack","Reboot","Zap+1","Rebound","Stack","Sweeping Beam","Doom and Gloom","All For One","Compile Driver","Electrodynamics+1","Fusion+1","Static Discharge+1","Storm+1","Compile Driver","Coolheaded","Genetic Algorithm"],"relics":["Cracked Core","Symbiotic Virus","Kunai","Oddly Smooth Stone","Turnip","The Courier","Astrolabe","Bottled Tornado","Art of War","Mercury Hourglass","MawBank"],"potions_floor_usage":[7],"damage_taken":[{"damage":8,"enemies":"Jaw Worm","floor":1,"turns":4},{"damage":0,"enemies":"Cultist","floor":3,"turns":3},{"damage":7,"enemies":"2 Louse","floor":4,"turns":3},{"damage":8,"enemies":"2 Fungi Beasts","floor":5,"turns":3},{"damage":30,"enemies":"Gremlin Nob","floor":7,"turns":4},{"damage":15,"enemies":"3 Sentries","floor":10,"turns":4},{"damage":9,"enemies":"Looter","floor":12,"turns":3},{"damage":15,"enemies":"The Guardian","floor":16,"turns":9},{"damage":23,"enemies":"2 Thieves","floor":18,"turns":3},{"damage":22,"enemies":"Shell Parasite","floor":21,"turns":4},{"damage":29,"enemies":"Slavers","floor":27,"turns":1}],"seed_played":"-1045261279701695258","potions_obtained":[{"floor":4,"key":"Regen Potion"},{"floor":5,"key":"Ancient Potion"},{"floor":7,"key":"Dexterity Potion"},{"floor":10,"key":"SpeedPotion"}],"is_trial":false,"path_per_floor":["M","?","M","M","M","R","E","R","T","E","?","M","?","T","R","B",null,"M","T","$","M","?","R","T","R","T","E"],"character_chosen":"DEFECT","items_purchased":["Coolheaded","Art of War"],"campfire_rested":3,"item_purchase_floors":[20,20],"current_hp_per_floor":[60,60,60,53,45,45,27,49,49,34,34,25,25,25,47,32,64,41,41,41,19,5,29,29,29,29,0],"gold":203,"neow_bonus":"UPGRADE_CARD","is_prod":false,"is_daily":false,"chose_seed":false,"campfire_upgraded":2,"win_rate":0,"timestamp":1546212396,"path_taken":["M","?","?","M","M","R","E","R","T","E","?","M","?","?","R","BOSS","M","?","$","M","?","R","?","R","T","E"],"build_version":"2018-12-20","purchased_purges":1,"victory":false,"max_hp_per_floor":[75,75,75,75,75,75,75,75,75,75,75,75,75,75,75,75,75,75,75,75,75,80,80,80,80,80,80],"card_choices":[{"not_picked":["Tempest","Streamline"],"picked":"Stack","floor":1},{"not_picked":["Static Discharge","Chaos"],"picked":"Rebound","floor":3},{"not_picked":["Beam Cell","Static Discharge"],"picked":"Stack","floor":4},{"not_picked":["Steam Power","Go for the Eyes"],"picked":"Sweeping Beam","floor":5},{"not_picked":["Steam","Barrage"],"picked":"Doom and Gloom","floor":7},{"not_picked":["Reinforced Body","Conserve Battery"],"picked":"All For One","floor":10},{"not_picked":["Sunder","White Noise"],"picked":"Compile Driver","floor":12},{"not_picked":["Thunder Strike","Seek"],"picked":"Electrodynamics","floor":16},{"not_picked":["Redo","Scrape"],"picked":"Compile Driver","floor":18},{"not_picked":["Streamline","Undo"],"picked":"Genetic Algorithm","floor":21}],"player_experience":351693,"relics_obtained":[{"floor":7,"key":"Symbiotic Virus"},{"floor":9,"key":"Kunai"},{"floor":10,"key":"Oddly Smooth Stone"},{"floor":14,"key":"The Courier"},{"floor":19,"key":"Bottled Tornado"},{"floor":24,"key":"Mercury Hourglass"},{"floor":26,"key":"MawBank"}],"event_choices":[{"damage_healed":0,"gold_gain":0,"player_choice":"2 cards matched","damage_taken":0,"max_hp_gain":0,"max_hp_loss":0,"event_name":"Match and Keep!","floor":2,"gold_loss":0,"cards_obtained":["Reboot","Zap"]},{"damage_healed":0,"gold_gain":0,"player_choice":"Searched \u00271\u0027 times","damage_taken":0,"relics_obtained":["Turnip"],"max_hp_gain":0,"max_hp_loss":0,"event_name":"Dead Adventurer","floor":11,"gold_loss":0},{"damage_healed":0,"gold_gain":0,"player_choice":"Grow","damage_taken":0,"max_hp_gain":0,"max_hp_loss":0,"event_name":"Living Wall","floor":13,"gold_loss":0,"cards_upgraded":["Dualcast"]},{"damage_healed":0,"gold_gain":0,"player_choice":"Shed Blood","damage_taken":19,"max_hp_gain":5,"max_hp_loss":0,"event_name":"Forgotten Altar","floor":22,"gold_loss":0}],"is_beta":false,"boss_relics":[{"not_picked":["Velvet Choker","Pandora\u0027s Box"],"picked":"Astrolabe"}],"items_purged_floors":[20],"is_endless":false,"potions_floor_spawned":[4,5,7,10],"killed_by":"Slavers","ascension_level":7}