{"gold_per_floor":[209,225,240,240,27,27,46,57,57,332,28,28,43,60,60,158,208,223,223,234,251,22,53,53],"floor_reached":24,"playtime":880,"items_purged":["Strike_R","Regret"],"score":338,"play_id":"1c5f7365-1707-4519-8b8d-3800f19499aa","local_time":"20190130001408","is_ascension_mode":true,"campfire_choices":[{"data":"Body Slam","floor":6,"key":"SMITH"},{"data":"Entrench","floor":12,"key":"SMITH"},{"data":"Armaments","floor":15,"key":"SMITH"}],"neow_cost":"NONE","seed_source_timestamp":34316532808430,"circlet_count":0,"master_deck":["Strike_R+1","Strike_R","Strike_R","Strike_R","Defend_R","Defend_R","Defend_R","Bash+1","Headbutt+1","Twin Strike","Armaments+1","Body Slam+1","PanicButton","Headbutt","Entrench+1","Inflame","Seeing Red","Limit Break","Uppercut","Inflame","Shockwave","Twin Strike+1","Uppercut","Pummel"],"relics":["Burning Blood","Thread and Needle","Brimstone","Tiny House","Whetstone","StoneCalendar"],"potions_floor_usage":[16,16,16,23,24,24],"damage_taken":[{"damage":12,"enemies":"Jaw Worm","floor":1,"turns":2},{"damage":6,"enemies":"Cultist","floor":2,"turns":3},{"damage":0,"enemies":"2 Louse","floor":3,"turns":2},{"damage":3,"enemies":"Blue Slaver","floor":7,"turns":2},{"damage":8,"enemies":"3 Louse","floor":8,"turns":4},{"damage":9,"enemies":"Exordium Thugs","floor":13,"turns":3},{"damage":0,"enemies":"Blue Slaver","floor":14,"turns":3},{"damage":0,"enemies":"Slime Boss","floor":16,"turns":3},{"damage":37,"enemies":"2 Thieves","floor":18,"turns":4},{"damage":7,"enemies":"Shell Parasite","floor":20,"turns":3},{"damage":9,"enemies":"Snake Plant","floor":21,"turns":3},{"damage":49,"enemies":"Slavers","floor":23,"turns":4},{"damage":19,"enemies":"Snecko","floor":24,"turns":3}],"seed_played":"4964108814076809601","potions_obtained":[{"floor":1,"key":"GamblersBrew"},{"floor":8,"key":"Poison Potion"},{"floor":14,"key":"Swift Potion"},{"floor":16,"key":"SteroidPotion"},{"floor":17,"key":"Dexterity Potion"},{"floor":20,"key":"FearPotion"},{"floor":23,"key":"Swift Potion"}],"is_trial":false,"path_per_floor":["M","M","M","?","$","R","M","M","T","?","$","R","M","M","R","B",null,"M","?","M","M","$","E","M"],"character_chosen":"IRONCLAD","items_purchased":["Body Slam","PanicButton","Brimstone","Whetstone","Uppercut"],"campfire_rested":0,"item_purchase_floors":[5,5,11,22,22],"current_hp_per_floor":[66,66,72,72,72,72,75,73,73,73,73,73,70,76,76,80,85,54,54,53,50,50,7,0],"gold":53,"neow_bonus":"HUNDRED_GOLD","is_prod":false,"is_daily":false,"chose_seed":false,"campfire_upgraded":3,"win_rate":0,"timestamp":1548803648,"path_taken":["M","M","M","?","?","R","M","M","T","?","$","R","M","M","R","BOSS","M","?","M","M","$","E","?"],"build_version":"2019-01-23","purchased_purges":2,"victory":false,"max_hp_per_floor":[80,80,80,80,80,80,80,80,80,80,80,80,80,80,80,80,85,85,85,85,85,85,85,85],"card_choices":[{"not_picked":["Sentinel","Wild Strike"],"picked":"Headbutt","floor":1},{"not_picked":["Wild Strike","Entrench"],"picked":"Twin Strike","floor":2},{"not_picked":["True Grit","Flame Barrier"],"picked":"Armaments","floor":3},{"not_picked":["Havoc","True Grit"],"picked":"Headbutt","floor":7},{"not_picked":["Pommel Strike","Thunderclap"],"picked":"Entrench","floor":8},{"not_picked":["Heavy Blade","Perfected Strike"],"picked":"Inflame","floor":13},{"not_picked":["True Grit","Twin Strike"],"picked":"Seeing Red","floor":14},{"not_picked":["Fiend Fire","Reaper"],"picked":"Limit Break","floor":16},{"not_picked":["Headbutt","Burning Pact"],"picked":"Uppercut","floor":17},{"not_picked":["Thunderclap+1","Flex"],"picked":"Inflame","floor":18},{"not_picked":["Second Wind","Flex+1"],"picked":"Shockwave","floor":20},{"not_picked":["Pommel Strike","Fire Breathing"],"picked":"Twin Strike+1","floor":21},{"not_picked":["Headbutt","Anger"],"picked":"Pummel","floor":23}],"player_experience":215365,"relics_obtained":[{"floor":9,"key":"Thread and Needle"},{"floor":23,"key":"StoneCalendar"}],"event_choices":[{"cards_removed":["Defend_R"],"damage_healed":0,"gold_gain":0,"player_choice":"Offered Basic","damage_taken":0,"max_hp_gain":0,"max_hp_loss":0,"event_name":"Bonfire Elementals","floor":4,"gold_loss":0},{"damage_healed":0,"gold_gain":275,"player_choice":"Desecrate","damage_taken":0,"max_hp_gain":0,"max_hp_loss":0,"event_name":"Golden Shrine","floor":10,"gold_loss":0,"cards_obtained":["Regret"]},{"damage_healed":0,"gold_gain":0,"player_choice":"Ignored","damage_taken":0,"max_hp_gain":0,"max_hp_loss":0,"event_name":"N\u0027loth","floor":19,"gold_loss":0}],"is_beta":true,"boss_relics":[{"not_picked":["Lizard Tail","Eternal Feather"],"picked":"Tiny House"}],"items_purged_floors":[5,11],"is_endless":false,"potions_floor_spawned":[1,8,14,16,20,23],"killed_by":"Snecko","ascension_level":6}