{"gold_per_floor":[15,15,29,44,56,56,83,83,83,116,116,116,150,150,150,227,227,242,272,290,240,250,250,119,119,142,142,153,185,204,23,23,100,100,113,125,142,364,378,404,5,5,57,57,70,84,84,95,95,95],"floor_reached":50,"playtime":3100,"items_purged":["Strike_R","Parasite"],"score":1099,"play_id":"9ad39a54-978e-41f5-a998-36d983670c09","local_time":"20190207154558","is_ascension_mode":true,"campfire_choices":[{"data":"Armaments","floor":6,"key":"SMITH"},{"floor":8,"key":"REST"},{"floor":15,"key":"REST"},{"data":"Metallicize","floor":23,"key":"SMITH"},{"data":"Offering","floor":27,"key":"SMITH"},{"data":"Metallicize","floor":32,"key":"SMITH"},{"data":"Metallicize","floor":44,"key":"SMITH"},{"data":"Barricade","floor":49,"key":"SMITH"}],"neow_cost":"NO_GOLD","seed_source_timestamp":92676351753400,"circlet_count":0,"master_deck":["AscendersBane","Strike_R+1","Defend_R","Defend_R","Defend_R","Defend_R","Bash","Pommel Strike","Uppercut+1","Sword Boomerang","Anger","Armaments+1","Pummel","Offering+1","Metallicize+1","Double Tap+1","Shrug It Off+1","Iron Wave","Metallicize+1","Shrug It Off+1","Armaments+1","Warcry+1","Feel No Pain","Metallicize+1","Barricade+1","Havoc+1","Rage+1","Spot Weakness+1","Clothesline+1","Dual Wield+1","Body Slam","Impatience+1","Burning Pact+1","Evolve","Writhe"],"relics":["Burning Blood","Whetstone","Matryoshka","Incense Burner","Kunai","Toxic Egg 2","Coffee Dripper","Red Mask","Regal Pillow","Art of War","Gremlin Horn","Philosopher\u0027s Stone","MawBank","Ornamental Fan","Boot","Dream Catcher"],"potions_floor_usage":[7,16,33,33,39,45,50],"damage_taken":[{"damage":10,"enemies":"Small Slimes","floor":1,"turns":5},{"damage":7,"enemies":"Jaw Worm","floor":3,"turns":3},{"damage":5,"enemies":"2 Louse","floor":4,"turns":3},{"damage":35,"enemies":"Large Slime","floor":5,"turns":6},{"damage":34,"enemies":"3 Sentries","floor":7,"turns":8},{"damage":22,"enemies":"Lagavulin","floor":10,"turns":4},{"damage":23,"enemies":"3 Sentries","floor":13,"turns":7},{"damage":34,"enemies":"Slime Boss","floor":16,"turns":10},{"damage":7,"enemies":"3 Byrds","floor":18,"turns":4},{"damage":24,"enemies":"Masked Bandits","floor":19,"turns":4},{"damage":16,"enemies":"Spheric Guardian","floor":20,"turns":4},{"damage":19,"enemies":"Shelled Parasite and Fungi","floor":22,"turns":4},{"damage":8,"enemies":"Sentry and Sphere","floor":28,"turns":7},{"damage":7,"enemies":"Book of Stabbing","floor":29,"turns":6},{"damage":6,"enemies":"Snake Plant","floor":30,"turns":6},{"damage":67,"enemies":"Automaton","floor":33,"turns":16},{"damage":0,"enemies":"3 Shapes","floor":35,"turns":8},{"damage":6,"enemies":"3 Darklings","floor":36,"turns":8},{"damage":40,"enemies":"Maw","floor":37,"turns":12},{"damage":13,"enemies":"Jaw Worm Horde","floor":39,"turns":6},{"damage":6,"enemies":"Nemesis","floor":40,"turns":15},{"damage":6,"enemies":"Writhing Mass","floor":45,"turns":7},{"damage":5,"enemies":"4 Shapes","floor":46,"turns":10},{"damage":58,"enemies":"3 Darklings","floor":48,"turns":6},{"damage":12,"enemies":"Awakened One","floor":50,"turns":2}],"seed_played":"524289684815196623","potions_obtained":[{"floor":1,"key":"SpeedPotion"},{"floor":3,"key":"Explosive Potion"},{"floor":13,"key":"AttackPotion"},{"floor":16,"key":"SpeedPotion"},{"floor":22,"key":"BloodPotion"},{"floor":29,"key":"Regen Potion"},{"floor":36,"key":"FairyPotion"},{"floor":37,"key":"Block Potion"},{"floor":39,"key":"Fire Potion"},{"floor":40,"key":"AttackPotion"},{"floor":45,"key":"Poison Potion"}],"is_trial":false,"path_per_floor":["M","?","M","M","M","R","E","R","T","E","?","?","E","?","R","B",null,"M","?","M","?","M","R","$","?","T","R","M","E","M","$","R","B",null,"M","M","M","?","M","E","$","?","T","R","M","M","?","M","R","B"],"character_chosen":"IRONCLAD","items_purchased":["Shrug It Off+1","Metallicize","Body Slam","Ornamental Fan","Impatience+1"],"campfire_rested":2,"item_purchase_floors":[24,31,41,41,41],"current_hp_per_floor":[64,64,63,64,35,35,7,29,29,13,13,31,14,14,36,8,58,57,39,29,29,16,16,16,75,75,75,73,72,72,72,72,33,62,68,68,34,34,27,27,27,27,27,27,27,28,42,7,7,0],"gold":95,"neow_bonus":"TRANSFORM_TWO_CARDS","is_prod":false,"is_daily":false,"chose_seed":false,"campfire_upgraded":6,"win_rate":0,"timestamp":1549572358,"path_taken":["M","?","M","M","M","R","E","R","T","E","?","?","E","?","R","BOSS","M","?","M","?","?","R","$","?","T","R","?","E","M","$","R","BOSS","M","M","?","?","M","E","$","?","T","R","M","M","?","M","R","BOSS"],"build_version":"2019-01-23","purchased_purges":2,"victory":false,"max_hp_per_floor":[75,75,75,75,75,75,75,75,75,75,75,75,75,75,75,75,75,75,75,75,75,75,75,75,75,75,75,75,75,75,72,72,72,72,72,72,72,72,72,72,72,72,72,72,72,72,72,72,72,72],"card_choices":[{"not_picked":["Havoc","Pummel"],"picked":"Uppercut","floor":1},{"not_picked":["Havoc","Searing Blow"],"picked":"Sword Boomerang","floor":3},{"not_picked":["Cleave","Warcry"],"picked":"Anger","floor":4},{"not_picked":["Corruption","Perfected Strike"],"picked":"Armaments","floor":5},{"not_picked":["Brutality","Wild Strike"],"picked":"Pummel","floor":7},{"not_picked":["Entrench","Cleave"],"picked":"Offering","floor":10},{"not_picked":["Seeing Red","Perfected Strike"],"picked":"Metallicize","floor":13},{"not_picked":["Bludgeon","Exhume+1"],"picked":"Double Tap+1","floor":16},{"not_picked":["Pommel Strike","Iron Wave"],"picked":"Shrug It Off+1","floor":18},{"not_picked":["Havoc+1","Sword Boomerang+1"],"picked":"Iron Wave","floor":20},{"not_picked":["Second Wind+1","Perfected Strike+1"],"picked":"Metallicize","floor":22},{"not_picked":["Headbutt","Wild Strike"],"picked":"Armaments+1","floor":28},{"not_picked":["Sword Boomerang","Clash"],"picked":"Warcry+1","floor":29},{"not_picked":["Perfected Strike","Sever Soul"],"picked":"Feel No Pain","floor":30},{"not_picked":["Berserk","Bludgeon"],"picked":"Barricade","floor":33},{"not_picked":["Cleave","Carnage"],"picked":"Havoc+1","floor":35},{"not_picked":["Heavy Blade","Cleave"],"picked":"Rage+1","floor":36},{"not_picked":["Flame Barrier+1","Shrug It Off+1"],"picked":"Spot Weakness+1","floor":37},{"not_picked":["Sword Boomerang","Dropkick+1"],"picked":"Clothesline+1","floor":39},{"not_picked":["Clothesline","Limit Break+1"],"picked":"Dual Wield+1","floor":40},{"not_picked":["Anger","Cleave"],"picked":"Burning Pact+1","floor":45},{"not_picked":["Body Slam","Reckless Charge+1"],"picked":"Evolve","floor":46},{"not_picked":["Perfected Strike","Bloodletting+1","Anger+1"],"picked":"SKIP","floor":48}],"player_experience":1188473,"relics_obtained":[{"floor":7,"key":"Whetstone"},{"floor":9,"key":"Matryoshka"},{"floor":10,"key":"Incense Burner"},{"floor":13,"key":"Toxic Egg 2"},{"floor":19,"key":"Red Mask"},{"floor":26,"key":"Regal Pillow"},{"floor":26,"key":"Art of War"},{"floor":29,"key":"Gremlin Horn"},{"floor":40,"key":"MawBank"},{"floor":43,"key":"Boot"},{"floor":43,"key":"Dream Catcher"}],"event_choices":[{"damage_healed":0,"gold_gain":0,"player_choice":"Grow","damage_taken":0,"max_hp_gain":0,"max_hp_loss":0,"event_name":"Living Wall","floor":2,"gold_loss":0,"cards_upgraded":["Uppercut"]},{"damage_healed":0,"gold_gain":0,"player_choice":"Searched \u00271\u0027 times","damage_taken":0,"relics_obtained":["Kunai"],"max_hp_gain":0,"max_hp_loss":0,"event_name":"Dead Adventurer","floor":11,"gold_loss":0},{"damage_healed":18,"gold_gain":0,"player_choice":"Healed and dodged fight","damage_taken":0,"max_hp_gain":0,"max_hp_loss":0,"event_name":"Mushrooms","floor":12,"gold_loss":0,"cards_obtained":["Parasite"]},{"damage_healed":0,"gold_gain":0,"player_choice":"Ignored","damage_taken":0,"max_hp_gain":0,"max_hp_loss":0,"event_name":"Golden Idol","floor":14,"gold_loss":0},{"damage_healed":0,"gold_gain":0,"player_choice":"Fought Bandits","damage_taken":0,"max_hp_gain":0,"max_hp_loss":0,"event_name":"Masked Bandits","floor":19,"gold_loss":0},{"damage_healed":0,"gold_gain":0,"player_choice":"Bet on Murderer","damage_taken":0,"max_hp_gain":0,"max_hp_loss":0,"event_name":"The Joust","floor":21,"gold_loss":50},{"cards_removed":["Fire Breathing"],"damage_healed":59,"gold_gain":0,"player_choice":"Offered Uncommon","damage_taken":0,"max_hp_gain":0,"max_hp_loss":0,"event_name":"Bonfire Elementals","floor":25,"gold_loss":0},{"damage_healed":0,"gold_gain":222,"player_choice":"Wore Mask","damage_taken":0,"max_hp_gain":0,"max_hp_loss":0,"event_name":"Tomb of Lord Red Mask","floor":38,"gold_loss":0},{"cards_removed":["Strike_R"],"damage_healed":0,"gold_gain":0,"player_choice":"Removed Attack","damage_taken":0,"max_hp_gain":0,"max_hp_loss":0,"event_name":"Falling","floor":42,"gold_loss":0},{"damage_healed":14,"gold_gain":0,"player_choice":"Writhe","damage_taken":0,"max_hp_gain":0,"max_hp_loss":0,"event_name":"Winding Halls","floor":47,"gold_loss":0,"cards_obtained":["Writhe"]}],"is_beta":false,"boss_relics":[{"not_picked":["Lizard Tail","Tiny House"],"picked":"Coffee Dripper"},{"not_picked":["Orrery","White Beast Statue"],"picked":"Philosopher\u0027s Stone"}],"items_purged_floors":[24,31],"is_endless":false,"potions_floor_spawned":[1,3,13,16,22,28,29,36,37,39,40,45],"killed_by":"Awakened One","ascension_level":20}