{"gold_per_floor":[361,152,96,96,21,21,35,97,97,62,62,88,99,127,127,201,201,141,160,49,49,63,63,80,80,155,155,155],"floor_reached":28,"playtime":2437,"items_purged":["Regret","Strike_B"],"score":400,"play_id":"4ceb8ce5-d660-4583-82a4-c98c78efacbd","local_time":"20181120130215","is_ascension_mode":true,"campfire_choices":[{"data":"Mayhem","floor":6,"key":"SMITH"},{"data":"Zap","floor":11,"key":"SMITH"},{"floor":15,"key":"REST"},{"floor":23,"key":"REST"},{"floor":25,"key":"REST"},{"floor":27,"key":"REST"}],"neow_cost":"PERCENT_DAMAGE","seed_source_timestamp":29830665586973,"circlet_count":0,"master_deck":["AscendersBane","Strike_B","Strike_B","Strike_B","Defend_B","Defend_B","Defend_B","Defend_B+1","Zap+1","Dualcast","Cold Snap","Mayhem+1","Coolheaded+1","Capacitor","Go for the Eyes","Creative AI","Creative AI","Go for the Eyes+1","Fusion+1","Loop","Conserve Battery"],"relics":["FrozenCore","Shuriken","Kunai","The Courier","War Paint","Orichalcum","Pantograph"],"potions_floor_usage":[8,8,14,14,16,24],"damage_taken":[{"damage":1,"enemies":"Cultist","floor":1,"turns":3},{"damage":5,"enemies":"Small Slimes","floor":7,"turns":3},{"damage":18,"enemies":"Lagavulin Event","floor":8,"turns":9},{"damage":8,"enemies":"Lagavulin","floor":12,"turns":8},{"damage":2,"enemies":"Jaw Worm","floor":13,"turns":4},{"damage":23,"enemies":"Gremlin Nob","floor":14,"turns":4},{"damage":21,"enemies":"Slime Boss","floor":16,"turns":11},{"damage":20,"enemies":"2 Thieves","floor":18,"turns":4},{"damage":3,"enemies":"Shell Parasite","floor":19,"turns":8},{"damage":26,"enemies":"Centurion and Healer","floor":22,"turns":6},{"damage":13,"enemies":"Snake Plant","floor":24,"turns":8},{"damage":60,"enemies":"3 Cultists","floor":28,"turns":6}],"seed_played":"4529199985822142884","potions_obtained":[{"floor":1,"key":"Ancient Potion"},{"floor":7,"key":"LiquidBronze"},{"floor":12,"key":"Energy Potion"},{"floor":13,"key":"Fire Potion"},{"floor":14,"key":"SpeedPotion"},{"floor":22,"key":"PowerPotion"}],"is_trial":false,"path_per_floor":["M","$","$","?","$","R","M","?","T","?","R","E","M","E","R","B",null,"M","M","$","?","M","R","M","R","T","R","M"],"character_chosen":"DEFECT","items_purchased":["Mayhem","Coolheaded","Loop"],"campfire_rested":4,"item_purchase_floors":[2,3,20],"current_hp_per_floor":[45,45,45,45,45,45,40,22,22,39,39,31,29,6,27,6,55,35,32,32,32,6,27,14,35,35,56,0],"gold":155,"neow_bonus":"TWO_FIFTY_GOLD","is_prod":false,"is_daily":false,"chose_seed":false,"campfire_upgraded":2,"win_rate":0,"timestamp":1542679335,"path_taken":["M","?","$","?","?","R","?","?","T","?","R","E","M","E","R","BOSS","M","M","$","?","M","R","M","R","T","R","M"],"build_version":"2018-11-15","purchased_purges":2,"victory":false,"max_hp_per_floor":[71,71,71,71,71,71,71,71,71,71,71,71,71,71,71,71,71,71,71,71,71,71,71,71,71,71,71,71],"card_choices":[{"not_picked":["Steam Power","Go for the Eyes"],"picked":"Cold Snap","floor":1},{"not_picked":["Hologram","Redo"],"picked":"Capacitor","floor":7},{"not_picked":["Steam","Gash"],"picked":"Go for the Eyes","floor":8},{"not_picked":["Ball Lightning","Stack"],"picked":"Creative AI","floor":12},{"not_picked":["Rip and Tear","Gash","Recycle"],"picked":"SKIP","floor":13},{"not_picked":["Rip and Tear","Gash","Recycle"],"picked":"SKIP","floor":13},{"not_picked":["Tempest","Turbo","Compile Driver"],"picked":"SKIP","floor":14},{"not_picked":["Biased Cognition","Rainbow"],"picked":"Creative AI","floor":16},{"not_picked":["Barrage","Genetic Algorithm"],"picked":"Go for the Eyes+1","floor":18},{"not_picked":["Sweeping Beam","Streamline"],"picked":"Fusion+1","floor":19},{"not_picked":["White Noise","Consume"],"picked":"Conserve Battery","floor":22},{"not_picked":["Sweeping Beam","Barrage","Ball Lightning"],"picked":"SKIP","floor":24}],"player_experience":893049,"relics_obtained":[{"floor":8,"key":"Kunai"},{"floor":9,"key":"The Courier"},{"floor":12,"key":"War Paint"},{"floor":14,"key":"Orichalcum"},{"floor":26,"key":"Pantograph"}],"event_choices":[{"damage_healed":0,"gold_gain":0,"player_choice":"Box","damage_taken":0,"relics_obtained":["Shuriken"],"max_hp_gain":0,"max_hp_loss":0,"event_name":"Big Fish","floor":4,"gold_loss":0,"cards_obtained":["Regret"]},{"damage_healed":0,"gold_gain":0,"player_choice":"Searched \u00271\u0027 times","damage_taken":0,"max_hp_gain":0,"max_hp_loss":0,"event_name":"Dead Adventurer","floor":8,"gold_loss":0},{"damage_healed":17,"gold_gain":0,"player_choice":"Healed","damage_taken":0,"max_hp_gain":0,"max_hp_loss":0,"event_name":"The Cleric","floor":10,"gold_loss":35},{"damage_healed":0,"gold_gain":0,"player_choice":"Ignored","damage_taken":0,"max_hp_gain":0,"max_hp_loss":0,"event_name":"WeMeetAgain","floor":21,"gold_loss":0}],"is_beta":true,"boss_relics":[{"not_picked":["Philosopher\u0027s Stone","Pandora\u0027s Box"],"picked":"FrozenCore"}],"items_purged_floors":[5,20],"is_endless":false,"potions_floor_spawned":[1,7,12,13,14,22],"killed_by":"3 Cultists","ascension_level":16}