{"gold_per_floor":[111,111,123,123,139,139,169,186,186,219,249,266,266,266],"floor_reached":14,"playtime":374,"items_purged":[],"score":105,"play_id":"a0ee41a5-4f19-4390-8513-aee5b7f4cc01","local_time":"20190129170615","is_ascension_mode":true,"campfire_choices":[{"data":"Zap","floor":6,"key":"SMITH"}],"neow_cost":"NONE","seed_source_timestamp":225840617447459,"circlet_count":0,"master_deck":["Strike_B+1","Strike_B","Strike_B","Strike_B","Defend_B","Defend_B","Defend_B","Defend_B","Zap","Dualcast","Regret","Go for the Eyes","Zap+1","Dark Shackles","Tempest","Ball Lightning","Static Discharge","Electrodynamics+1"],"relics":["Cracked Core","NeowsBlessing","Happy Flower","Mummified Hand","DataDisk","Strawberry","Odd Mushroom"],"potions_floor_usage":[7,10,10],"damage_taken":[{"damage":0,"enemies":"Cultist","floor":1,"turns":1},{"damage":0,"enemies":"Small Slimes","floor":3,"turns":1},{"damage":0,"enemies":"Jaw Worm","floor":5,"turns":1},{"damage":33,"enemies":"3 Sentries","floor":7,"turns":6},{"damage":1,"enemies":"Exordium Thugs","floor":8,"turns":3},{"damage":13,"enemies":"Lagavulin","floor":10,"turns":4},{"damage":10,"enemies":"The Mushroom Lair","floor":11,"turns":3},{"damage":8,"enemies":"Gremlin Gang","floor":12,"turns":3},{"damage":13,"enemies":"Exordium Wildlife","floor":14,"turns":1}],"seed_played":"-5248360244292783885","potions_obtained":[{"floor":1,"key":"Poison Potion"},{"floor":5,"key":"SkillPotion"},{"floor":7,"key":"Regen Potion"}],"is_trial":false,"path_per_floor":["M","?","M","?","M","R","E","M","T","E","?","M","?","M"],"character_chosen":"DEFECT","items_purchased":[],"campfire_rested":0,"item_purchase_floors":[],"current_hp_per_floor":[75,75,75,75,75,75,42,41,41,47,37,29,13,0],"gold":266,"neow_bonus":"THREE_ENEMY_KILL","is_prod":false,"is_daily":false,"chose_seed":false,"campfire_upgraded":1,"win_rate":0,"timestamp":1548741975,"path_taken":["M","?","M","?","?","R","E","M","T","E","?","M","?","M"],"build_version":"2019-01-23","purchased_purges":0,"victory":false,"max_hp_per_floor":[75,75,75,75,75,75,75,75,75,82,82,82,82,82],"card_choices":[{"not_picked":["Steam Power","Turbo","Leap"],"picked":"SKIP","floor":1},{"not_picked":["Steam Power","Turbo"],"picked":"Go for the Eyes","floor":3},{"not_picked":["Meteor Strike","Force Field"],"picked":"Tempest","floor":5},{"not_picked":["Gash","Force Field"],"picked":"Ball Lightning","floor":7},{"not_picked":["Stack","Darkness","Steam"],"picked":"SKIP","floor":8},{"not_picked":["Auto Shields","Glacier"],"picked":"Static Discharge","floor":10},{"not_picked":["Glacier","Turbo"],"picked":"Electrodynamics","floor":12}],"player_experience":1155230,"relics_obtained":[{"floor":7,"key":"Mummified Hand"},{"floor":9,"key":"DataDisk"},{"floor":10,"key":"Strawberry"},{"floor":11,"key":"Odd Mushroom"}],"event_choices":[{"damage_healed":0,"gold_gain":0,"player_choice":"Box","damage_taken":0,"relics_obtained":["Happy Flower"],"max_hp_gain":0,"max_hp_loss":0,"event_name":"Big Fish","floor":2,"gold_loss":0,"cards_obtained":["Regret"]},{"damage_healed":0,"gold_gain":0,"player_choice":"2 cards matched","damage_taken":0,"max_hp_gain":0,"max_hp_loss":0,"event_name":"Match and Keep!","floor":4,"gold_loss":0,"cards_obtained":["Zap","Dark Shackles"]},{"damage_healed":0,"gold_gain":0,"player_choice":"Fought Mushrooms","damage_taken":0,"max_hp_gain":0,"max_hp_loss":0,"event_name":"Mushrooms","floor":11,"gold_loss":0},{"damage_healed":0,"gold_gain":0,"player_choice":"Entered Light","damage_taken":16,"max_hp_gain":0,"max_hp_loss":0,"event_name":"Shining Light","floor":13,"gold_loss":0,"cards_upgraded":["Electrodynamics","Strike_B"]}],"is_beta":true,"boss_relics":[],"items_purged_floors":[],"is_endless":false,"potions_floor_spawned":[1,5,7],"killed_by":"Exordium Wildlife","ascension_level":1}