{"gold_per_floor":[117,128,144,144,21,21,33,48,48,67,67,67,67,67,67,67],"floor_reached":16,"playtime":451,"items_purged":[],"score":170,"play_id":"ded6aac8-59ec-49d1-8ab7-77c14b770527","local_time":"20180923003053","is_ascension_mode":true,"campfire_choices":[{"data":"Zap","floor":6,"key":"SMITH"},{"data":"Beam Cell","floor":13,"key":"SMITH"},{"data":"Go for the Eyes","floor":15,"key":"SMITH"}],"neow_cost":"NONE","seed_source_timestamp":80686307292211,"circlet_count":0,"master_deck":["Strike_B","Strike_B","Strike_B","Defend_B","Defend_B","Defend_B","Defend_B","Zap+1","Dualcast","AscendersBane","Go for the Eyes+1","Conserve Battery","Coolheaded","Beam Cell+1","Flash of Steel","Hologram","Electrodynamics","Genetic Algorithm"],"relics":["Cracked Core","Lantern","Singing Bowl","Gambling Chip"],"potions_floor_usage":[16],"damage_taken":[{"damage":0,"enemies":"Cultist","floor":1,"turns":3},{"damage":6,"enemies":"Small Slimes","floor":2,"turns":4},{"damage":3,"enemies":"2 Louse","floor":3,"turns":2},{"damage":8,"enemies":"Large Slime","floor":7,"turns":5},{"damage":6,"enemies":"3 Louse","floor":8,"turns":4},{"damage":10,"enemies":"Exordium Thugs","floor":10,"turns":5},{"damage":13,"enemies":"Hexaghost","floor":16,"turns":10}],"seed_played":"4280328308273700306","potions_obtained":[{"floor":1,"key":"Explosive Potion"},{"floor":3,"key":"SpeedPotion"},{"floor":8,"key":"Fire Potion"}],"is_trial":false,"path_per_floor":["M","M","M","?","$","R","M","M","T","M","$","?","R","?","R"],"character_chosen":"DEFECT","items_purchased":["Flash of Steel"],"campfire_rested":0,"item_purchase_floors":[5],"current_hp_per_floor":[64,58,55,55,55,55,47,41,41,31,31,20,20,13,13,0],"gold":67,"neow_bonus":"THREE_CARDS","is_prod":false,"is_daily":false,"chose_seed":false,"campfire_upgraded":3,"win_rate":0,"timestamp":1537687853,"path_taken":["M","M","M","?","?","R","?","M","T","M","$","?","R","?","R","BOSS"],"build_version":"2018-09-20","purchased_purges":0,"victory":false,"max_hp_per_floor":[71,71,71,71,71,71,71,71,71,71,71,71,71,71,71,71],"card_choices":[{"not_picked":["Leap","Turbo"],"picked":"Go for the Eyes","floor":0},{"not_picked":["Scrape","White Noise"],"picked":"Conserve Battery","floor":1},{"not_picked":["Turbo","Aggregate"],"picked":"Coolheaded","floor":2},{"not_picked":["Scrape","Compile Driver"],"picked":"Beam Cell","floor":3},{"not_picked":["Turbo","Darkness"],"picked":"Hologram","floor":7},{"not_picked":["Self Repair","Chaos"],"picked":"Electrodynamics","floor":8},{"not_picked":["Beam Cell","Auto Shields"],"picked":"Genetic Algorithm","floor":10}],"player_experience":820133,"relics_obtained":[{"floor":9,"key":"Singing Bowl"}],"event_choices":[{"event_name":"WeMeetAgain","player_choice":"Potion","floor":4,"damage_taken":0},{"event_name":"Scrap Ooze","player_choice":"success","floor":12,"damage_taken":11},{"event_name":"Golden Wing","player_choice":"Card Removal","floor":14,"damage_taken":0}],"is_beta":true,"boss_relics":[],"items_purged_floors":[],"is_endless":false,"potions_floor_spawned":[1,3,8],"killed_by":"Hexaghost","ascension_level":17}