{"gold_per_floor":[14,33,43,43,43,73,73,107,155,170,170,183,183,197,197,275,275,288,288,388,388,398,398,424,424,447,478,488,203,203,203,203,276,276,293,693,746,277,277],"floor_reached":39,"playtime":10754,"items_purged":["Strike_B","Strike_B+1"],"score":975,"play_id":"01a6c3f5-22c2-4f32-8b98-060a04365bc2","local_time":"20181221135832","is_ascension_mode":true,"campfire_choices":[{"data":"Ball Lightning","floor":7.0,"key":"SMITH"},{"data":"Ball Lightning","floor":11.0,"key":"SMITH"},{"floor":13.0,"key":"REST"},{"data":"Glacier","floor":15.0,"key":"SMITH"},{"floor":23,"key":"REST"},{"floor":25,"key":"REST"},{"floor":32,"key":"REST"}],"neow_cost":"NO_GOLD","seed_source_timestamp":11043738217006,"circlet_count":0,"master_deck":["AscendersBane","Strike_B+1","Strike_B+1","Defend_B+1","Defend_B+1","Defend_B+1","Defend_B+1","Zap+1","Dualcast","Electrodynamics","Ball Lightning+1","Cold Snap","Hologram","Ball Lightning+1","Glacier+1","Static Discharge","Thunder Strike","Storm","Sunder","Hologram+1","Capacitor","Reinforced Body","Fission","Go for the Eyes+1","Conserve Battery","Self Repair"],"special_seed":0,"relics":["Cracked Core","Mummified Hand","Potion Belt","DataDisk","Nuclear Battery","Ice Cream","Pear","Gambling Chip","Happy Flower","Boot","Busted Crown","Old Coin","Peace Pipe","Cauldron"],"potions_floor_usage":[20,20,22,24,28,33,33,33,37,39,39],"damage_taken":[{"damage":12.0,"enemies":"Jaw Worm","floor":1.0,"turns":4.0},{"damage":0.0,"enemies":"Small Slimes","floor":2.0,"turns":3.0},{"damage":1.0,"enemies":"Cultist","floor":3.0,"turns":3.0},{"damage":30.0,"enemies":"Gremlin Nob","floor":6.0,"turns":4.0},{"damage":22.0,"enemies":"Lagavulin","floor":8.0,"turns":4.0},{"damage":0.0,"enemies":"Exordium Wildlife","floor":10.0,"turns":2.0},{"damage":2.0,"enemies":"3 Louse","floor":12.0,"turns":2.0},{"damage":6.0,"enemies":"Looter","floor":14.0,"turns":2.0},{"damage":0.0,"enemies":"Slime Boss","floor":16.0,"turns":5.0},{"damage":0.0,"enemies":"3 Byrds","floor":18.0,"turns":2.0},{"damage":5,"enemies":"Colosseum Slavers","floor":20,"turns":2},{"damage":28,"enemies":"Colosseum Nobs","floor":20,"turns":4},{"damage":17,"enemies":"2 Thieves","floor":22,"turns":2},{"damage":25,"enemies":"Book of Stabbing","floor":24,"turns":3},{"damage":0,"enemies":"Gremlin Leader","floor":27,"turns":5},{"damage":10,"enemies":"Snecko","floor":28,"turns":4},{"damage":4,"enemies":"Collector","floor":33,"turns":9},{"damage":55,"enemies":"3 Shapes","floor":35,"turns":3},{"damage":0,"enemies":"Mind Bloom Boss Battle","floor":36,"turns":4},{"damage":17,"enemies":"2 Orb Walkers","floor":37,"turns":5},{"damage":9,"enemies":"3 Darklings","floor":39,"turns":1}],"seed_played":"-7407907270127728995","potions_obtained":[{"floor":3.0,"key":"PowerPotion"},{"floor":6.0,"key":"GamblersBrew"},{"floor":12.0,"key":"Regen Potion"},{"floor":14.0,"key":"Fire Potion"},{"floor":16.0,"key":"Energy Potion"},{"floor":20,"key":"Energy Potion"},{"floor":21,"key":"Fire Potion"},{"floor":21,"key":"Ancient Potion"},{"floor":24,"key":"PowerPotion"},{"floor":35,"key":"Swift Potion"},{"floor":38,"key":"GamblersBrew"},{"floor":38,"key":"PowerPotion"},{"floor":38,"key":"SpeedPotion"}],"is_trial":false,"path_per_floor":["M","M","M","?","?","E","R","E","T","M","R","M","R","M","R","B",null,"M","?","?","?","M","R","E","R","T","E","M","$","?","?","R","B",null,"M","?","?","$","M"],"character_chosen":"DEFECT","items_purchased":["Regen Potion","Reinforced Body","SkillPotion","Self Repair","SmokeBomb","Cauldron"],"campfire_rested":4,"item_purchase_floors":[29,29,29,38,38,38],"current_hp_per_floor":[52,52,51,51,71,41,41,19,19,19,19,17,38,32,32,46,65,65,45,22,22,5,30,5,30,30,30,20,20,20,20,45,56,79,24,24,7,7,0],"gold":277,"neow_bonus":"THREE_RARE_CARDS","is_prod":false,"is_daily":false,"chose_seed":false,"campfire_upgraded":3,"win_rate":0,"timestamp":1545429512,"path_taken":["M","M","M","?","?","E","R","E","T","?","R","M","R","M","R","BOSS","M","?","?","?","?","R","E","R","T","E","M","$","?","?","R","BOSS","M","?","?","?","?"],"build_version":"2018-12-20","purchased_purges":2,"victory":false,"max_hp_per_floor":[71,71,71,71,71,71,71,71,71,71,71,71,71,71,71,71,71,71,76,86,86,86,86,86,86,86,86,86,86,86,86,86,86,86,86,86,86,86,86],"card_choices":[{"not_picked":["Thunder Strike","Reboot"],"picked":"Electrodynamics","floor":0.0},{"not_picked":["Auto Shields","Undo"],"picked":"Ball Lightning","floor":1.0},{"not_picked":["Steam","Steam Power","Beam Cell"],"picked":"SKIP","floor":2.0},{"not_picked":["Blizzard","Steam"],"picked":"Cold Snap","floor":3.0},{"not_picked":["Gash","Reinforced Body"],"picked":"Hologram","floor":6.0},{"not_picked":["Gash","Stack","Darkness"],"picked":"SKIP","floor":8.0},{"not_picked":["Reinforced Body","Streamline"],"picked":"Ball Lightning","floor":10.0},{"not_picked":["Streamline","Darkness"],"picked":"Glacier","floor":12.0},{"not_picked":["Electrodynamics","Barrage"],"picked":"Static Discharge","floor":14.0},{"not_picked":["Reboot","Seek"],"picked":"Thunder Strike","floor":16.0},{"not_picked":["Fusion","Rip and Tear"],"picked":"Storm","floor":18.0},{"not_picked":["Compile Driver","Ball Lightning"],"picked":"Sunder","floor":20},{"not_picked":["Redo","Barrage","Chaos"],"picked":"SKIP","floor":22},{"not_picked":["Redo","Ball Lightning+1"],"picked":"Hologram+1","floor":24},{"not_picked":["White Noise","Ball Lightning","Go for the Eyes"],"picked":"SKIP","floor":27},{"not_picked":["Coolheaded","Go for the Eyes"],"picked":"Capacitor","floor":28},{"not_picked":["Multi-Cast","Meteor Strike"],"picked":"Fission","floor":33},{"not_picked":[],"picked":"Go for the Eyes+1","floor":35},{"not_picked":[],"picked":"Conserve Battery","floor":37}],"player_experience":1600964,"relics_obtained":[{"floor":6.0,"key":"Mummified Hand"},{"floor":8.0,"key":"Potion Belt"},{"floor":9.0,"key":"DataDisk"},{"floor":20,"key":"Ice Cream"},{"floor":20,"key":"Pear"},{"floor":24,"key":"Gambling Chip"},{"floor":26,"key":"Happy Flower"},{"floor":27,"key":"Boot"},{"floor":36,"key":"Old Coin"},{"floor":37,"key":"Peace Pipe"}],"event_choices":[{"damage_healed":0.0,"max_hp_gain":0.0,"max_hp_loss":0.0,"gold_gain":0.0,"event_name":"Living Wall","player_choice":"Grow","floor":4.0,"gold_loss":0.0,"damage_taken":0.0,"cards_upgraded":["Zap"]},{"damage_healed":20.0,"max_hp_gain":0.0,"max_hp_loss":0.0,"gold_gain":0.0,"event_name":"Wheel of Change","player_choice":"Full Heal","floor":5.0,"gold_loss":0.0,"damage_taken":0.0},{"damage_healed":0.0,"max_hp_gain":5.0,"max_hp_loss":0.0,"gold_gain":0.0,"event_name":"Forgotten Altar","player_choice":"Shed Blood","floor":19.0,"gold_loss":0.0,"damage_taken":25.0},{"damage_healed":0,"gold_gain":0,"player_choice":"Fight","damage_taken":0,"max_hp_gain":0,"max_hp_loss":0,"event_name":"Colosseum","floor":20,"gold_loss":0},{"damage_healed":0,"gold_gain":0,"player_choice":"Fought Nobs","damage_taken":0,"max_hp_gain":0,"max_hp_loss":0,"event_name":"Colosseum","floor":20,"gold_loss":0},{"damage_healed":0,"gold_gain":0,"player_choice":"Got Potions","damage_taken":0,"max_hp_gain":0,"max_hp_loss":0,"event_name":"Lab","floor":21,"gold_loss":0},{"damage_healed":0,"gold_gain":0,"player_choice":"Ignored","damage_taken":0,"max_hp_gain":0,"max_hp_loss":0,"event_name":"Cursed Tome","floor":30,"gold_loss":0},{"damage_healed":0,"gold_gain":0,"player_choice":"Simplicity","damage_taken":0,"max_hp_gain":0,"max_hp_loss":0,"event_name":"Back to Basics","floor":31,"gold_loss":0,"cards_upgraded":["Strike_B","Strike_B","Strike_B","Defend_B","Defend_B","Defend_B","Defend_B"]},{"damage_healed":0,"gold_gain":0,"player_choice":"Fight","damage_taken":0,"max_hp_gain":0,"max_hp_loss":0,"event_name":"MindBloom","floor":36,"gold_loss":0},{"damage_healed":0,"gold_gain":0,"player_choice":"Fight","damage_taken":0,"max_hp_gain":0,"max_hp_loss":0,"event_name":"Mysterious Sphere","floor":37,"gold_loss":0}],"is_beta":false,"boss_relics":[{"not_picked":["Ectoplasm","Lizard Tail"],"picked":"Nuclear Battery"},{"not_picked":["Calling Bell","Snecko Eye"],"picked":"Busted Crown"}],"items_purged_floors":[29,38],"is_endless":false,"potions_floor_spawned":[3,6,12,14,16,20,20,24,35],"killed_by":"3 Darklings","ascension_level":18}