{"gold_per_floor":[111,125,90,18,78,108,132,144,183,212,256,295,382,405,417,524,536,565,593,680,711,210,210,239,239,313,313,331,331,359,371,371,474,474,493,224,237,251,251,286,286,386,386,386,413,413,425,425],"floor_reached":48,"playtime":3202,"items_purged":[],"score":895,"play_id":"52860e09-0fe7-4af1-b405-4d0c6b654266","local_time":"20190116005251","is_ascension_mode":true,"campfire_choices":[{"data":"Doom and Gloom","floor":8,"key":"SMITH"},{"floor":15,"key":"REST"},{"floor":23,"key":"REST"},{"floor":25,"key":"REST"},{"floor":27,"key":"REST"},{"floor":29,"key":"REST"},{"floor":32,"key":"REST"},{"floor":41,"key":"REST"},{"floor":44,"key":"REST"},{"floor":46,"key":"RECALL"}],"neow_cost":"NONE","seed_source_timestamp":92422623108756,"circlet_count":0,"master_deck":["AscendersBane","Strike_B","Strike_B","Strike_B","Strike_B","Defend_B","Defend_B","Defend_B","Defend_B","Zap","Dualcast","Doom and Gloom+1","Ball Lightning","Echo Form","Steam+1","BootSequence+1","Gash","Ball Lightning","Seek","Glacier","Multi-Cast","Beam Cell","Leap+1","Beam Cell+1","Master of Strategy","Defragment+1","Conserve Battery+1","Skim+1","Gash","Seek","Beam Cell+1","Leap","Ball Lightning+1","Decay","Doom and Gloom+1","Parasite"],"relics":["Cracked Core","NeowsBlessing","MawBank","War Paint","Torii","Odd Mushroom","Philosopher\u0027s Stone","Mercury Hourglass","Dead Branch","Bottled Flame","Cursed Key","Toy Ornithopter","Meat on the Bone","Happy Flower","Orichalcum"],"potions_floor_usage":[11,18,24,30,33,38,38,40,48,48],"damage_taken":[{"damage":0,"enemies":"Cultist","floor":1,"turns":1},{"damage":0,"enemies":"Small Slimes","floor":2,"turns":1},{"damage":0,"enemies":"3 Sentries","floor":6,"turns":1},{"damage":13,"enemies":"2 Louse","floor":7,"turns":2},{"damage":5,"enemies":"Exordium Wildlife","floor":10,"turns":3},{"damage":12,"enemies":"Lagavulin","floor":11,"turns":5},{"damage":0,"enemies":"The Mushroom Lair","floor":12,"turns":2},{"damage":1,"enemies":"Red Slaver","floor":14,"turns":3},{"damage":8,"enemies":"The Guardian","floor":16,"turns":12},{"damage":0,"enemies":"Spheric Guardian","floor":18,"turns":2},{"damage":18,"enemies":"3 Byrds","floor":19,"turns":5},{"damage":16,"enemies":"Snake Plant","floor":21,"turns":4},{"damage":30,"enemies":"Gremlin Leader","floor":24,"turns":4},{"damage":18,"enemies":"Centurion and Healer","floor":28,"turns":4},{"damage":30,"enemies":"Slavers","floor":30,"turns":3},{"damage":15,"enemies":"3 Cultists","floor":31,"turns":4},{"damage":48,"enemies":"Collector","floor":33,"turns":11},{"damage":23,"enemies":"3 Darklings","floor":35,"turns":7},{"damage":4,"enemies":"3 Shapes","floor":37,"turns":3},{"damage":28,"enemies":"Transient","floor":38,"turns":5},{"damage":3,"enemies":"Giant Head","floor":40,"turns":11},{"damage":35,"enemies":"Reptomancer","floor":45,"turns":5},{"damage":39,"enemies":"Jaw Worm Horde","floor":47,"turns":3},{"damage":36,"enemies":"Maw","floor":48,"turns":5}],"seed_played":"1360333575302475850","potions_obtained":[{"floor":2,"key":"SneckoOil"},{"floor":6,"key":"FearPotion"},{"floor":14,"key":"Fire Potion"},{"floor":16,"key":"Swift Potion"},{"floor":19,"key":"Ancient Potion"},{"floor":28,"key":"Ancient Potion"},{"floor":31,"key":"EssenceOfSteel"},{"floor":33,"key":"Poison Potion"},{"floor":38,"key":"PowerPotion"},{"floor":47,"key":"Poison Potion"}],"is_trial":false,"path_per_floor":["M","M","?","$","?","E","M","R","T","M","E","?","?","M","R","B",null,"M","M","?","M","$","R","E","R","T","R","M","R","E","M","R","B",null,"M","$","M","M","T","E","R","?","T","R","E","R","M","M"],"character_chosen":"DEFECT","items_purchased":["Echo Form","Mercury Hourglass","Master of Strategy","Regen Potion","Toy Ornithopter","Regen Potion"],"campfire_rested":8,"item_purchase_floors":[4,22,22,22,36,36],"current_hp_per_floor":[68,68,75,75,75,75,62,62,62,57,45,45,34,33,55,47,68,68,50,43,27,27,49,31,53,53,75,57,75,45,30,52,4,57,34,34,30,24,24,26,48,48,48,70,47,47,20,0],"gold":425,"neow_bonus":"THREE_ENEMY_KILL","is_prod":false,"is_daily":false,"chose_seed":false,"campfire_upgraded":1,"win_rate":0,"timestamp":1547617971,"path_taken":["M","M","?","$","?","E","M","R","T","M","E","?","?","M","R","BOSS","M","M","?","M","$","R","E","R","T","R","M","R","E","M","R","BOSS","M","$","M","M","?","E","R","?","T","R","E","R","M","M"],"build_version":"2019-01-10","purchased_purges":0,"victory":false,"max_hp_per_floor":[75,75,75,75,75,75,75,75,75,75,75,75,75,75,75,75,75,75,75,75,75,75,75,75,75,75,75,75,75,75,75,75,75,75,75,75,75,75,75,75,75,75,75,75,75,75,75,75],"card_choices":[{"not_picked":["Streamline","Compile Driver"],"picked":"Doom and Gloom","floor":1},{"not_picked":["Turbo","Redo"],"picked":"Ball Lightning","floor":2},{"not_picked":["Stack","Conserve Battery"],"picked":"Steam","floor":6},{"not_picked":["Blizzard","Steam"],"picked":"BootSequence","floor":7},{"not_picked":["Beam Cell","Heatsinks"],"picked":"Gash","floor":10},{"not_picked":["Streamline","Doom and Gloom"],"picked":"Ball Lightning","floor":11},{"not_picked":["Storm","Coolheaded"],"picked":"Seek","floor":12},{"not_picked":["Steam","Stack"],"picked":"Glacier","floor":14},{"not_picked":["Biased Cognition","Fission"],"picked":"Multi-Cast","floor":16},{"not_picked":["Hello World","Turbo"],"picked":"Beam Cell","floor":18},{"not_picked":["Compile Driver","Conserve Battery+1"],"picked":"Leap+1","floor":19},{"not_picked":["Steam","Leap"],"picked":"Beam Cell+1","floor":21},{"not_picked":["Ball Lightning","Cold Snap"],"picked":"Defragment+1","floor":24},{"not_picked":["Hello World","Barrage+1"],"picked":"Conserve Battery+1","floor":28},{"not_picked":["Hologram","Loop+1"],"picked":"Skim+1","floor":30},{"not_picked":["Leap","Coolheaded"],"picked":"Gash","floor":31},{"not_picked":["Meteor Strike","Fission"],"picked":"Seek","floor":33},{"not_picked":["Cold Snap","Darkness+1"],"picked":"Beam Cell+1","floor":35},{"not_picked":["FTL+1","Genetic Algorithm+1"],"picked":"Leap","floor":37},{"not_picked":["Coolheaded","Recycle"],"picked":"Ball Lightning+1","floor":38},{"not_picked":["Barrage+1","Skim+1"],"picked":"Doom and Gloom+1","floor":40},{"not_picked":["Double Energy+1","Streamline+1","Barrage"],"picked":"SKIP","floor":45},{"not_picked":["Defragment","Undo+1","FTL"],"picked":"SKIP","floor":47}],"player_experience":493915,"relics_obtained":[{"floor":6,"key":"MawBank"},{"floor":9,"key":"War Paint"},{"floor":11,"key":"Torii"},{"floor":12,"key":"Odd Mushroom"},{"floor":24,"key":"Dead Branch"},{"floor":26,"key":"Bottled Flame"},{"floor":40,"key":"Meat on the Bone"},{"floor":43,"key":"Happy Flower"},{"floor":45,"key":"Orichalcum"}],"event_choices":[{"damage_healed":18,"gold_gain":0,"player_choice":"Healed","damage_taken":0,"max_hp_gain":0,"max_hp_loss":0,"event_name":"The Cleric","floor":3,"gold_loss":35},{"damage_healed":0,"gold_gain":60,"player_choice":"Gained Gold","damage_taken":0,"max_hp_gain":0,"max_hp_loss":0,"event_name":"Golden Wing","floor":5,"gold_loss":0},{"damage_healed":0,"gold_gain":0,"player_choice":"Fought Mushrooms","damage_taken":0,"max_hp_gain":0,"max_hp_loss":0,"event_name":"Mushrooms","floor":12,"gold_loss":0},{"damage_healed":0,"gold_gain":75,"player_choice":"Gather Gold","damage_taken":11,"max_hp_gain":0,"max_hp_loss":0,"event_name":"World of Goop","floor":13,"gold_loss":0},{"damage_healed":0,"gold_gain":75,"player_choice":"Touch","damage_taken":7,"max_hp_gain":0,"max_hp_loss":0,"event_name":"FaceTrader","floor":20,"gold_loss":0},{"damage_healed":0,"gold_gain":100,"player_choice":"Pray","damage_taken":0,"max_hp_gain":0,"max_hp_loss":0,"event_name":"Golden Shrine","floor":42,"gold_loss":0}],"is_beta":false,"boss_relics":[{"not_picked":["Astrolabe","Runic Dome"],"picked":"Philosopher\u0027s Stone"},{"not_picked":["Runic Pyramid","Velvet Choker"],"picked":"Cursed Key"}],"items_purged_floors":[],"is_endless":false,"potions_floor_spawned":[2,6,14,16,19,21,28,31,33,38,47],"killed_by":"Maw","ascension_level":10}