{"path_per_floor":["M","?","?","M","T","R","M","$","T","E","R","M","R","M","R"],"character_chosen":"THE_SILENT","items_purchased":[],"gold_per_floor":[111,111,111,130,130,130,142,142,167,198,198,211,211,229,229,229],"floor_reached":16,"campfire_rested":1,"playtime":592,"item_purchase_floors":[],"current_hp_per_floor":[61,61,61,54,54,54,54,54,61,27,50,49,49,45,45,0],"items_purged":[],"gold":229,"score":135,"play_id":"03590908-51bf-4c1d-9937-0003a0d7da25","local_time":"20180609194634","is_prod":false,"is_daily":false,"chose_seed":false,"is_ascension_mode":true,"campfire_upgraded":3,"win_rate":0,"timestamp":1528591594,"campfire_choices":[{"data":"Escape Plan","floor":6,"key":"SMITH"},{"floor":11,"key":"REST"},{"data":"Infinite Blades","floor":13,"key":"SMITH"},{"data":"Poisoned Stab","floor":15,"key":"SMITH"}],"path_taken":["M","?","?","M","?","R","M","?","T","E","R","M","R","?","R","BOSS"],"build_version":"2018-06-07v3","seed_source_timestamp":47723496331634,"purchased_purges":0,"victory":false,"master_deck":["Defend_G","Defend_G","Defend_G","Defend_G","Defend_G","Strike_G","Strike_G","Strike_G","Strike_G","Strike_G","Survivor","Neutralize+1","Escape Plan+1","Flying Knee","Bane","Poisoned Stab+1","Infinite Blades+1","Outmaneuver"],"max_hp_per_floor":[70,70,70,70,70,70,70,70,77,77,77,77,77,77,77,77],"relics":["Ring of the Snake","Toolbox","Strawberry","Anchor"],"card_choices":[{"not_picked":["Quick Slash","Prepared"],"picked":"Escape Plan","floor":1},{"not_picked":["Concentrate","Cloak And Dagger"],"picked":"Flying Knee","floor":4},{"not_picked":["Underhanded Strike","Deflect"],"picked":"Bane","floor":7},{"not_picked":["Night Terror","Malaise"],"picked":"Poisoned Stab","floor":10},{"not_picked":["Quick Slash","Acrobatics"],"picked":"Infinite Blades","floor":12},{"not_picked":["Flechettes","Skewer"],"picked":"Outmaneuver","floor":14}],"player_experience":249324,"potions_floor_usage":[16,16,16],"damage_taken":[{"damage":2,"enemies":"2 Louse","floor":1,"turns":3},{"damage":7,"enemies":"Small Slimes","floor":4,"turns":4},{"damage":0,"enemies":"Jaw Worm","floor":7,"turns":4},{"damage":34,"enemies":"Gremlin Nob","floor":10,"turns":6},{"damage":1,"enemies":"Looter","floor":12,"turns":2},{"damage":4,"enemies":"Lots of Slimes","floor":14,"turns":4},{"damage":47,"enemies":"The Guardian","floor":16,"turns":13}],"relics_obtained":[{"floor":5,"key":"Toolbox"},{"floor":9,"key":"Strawberry"},{"floor":10,"key":"Anchor"}],"event_choices":[{"event_name":"Living Wall","player_choice":"Grow","floor":2,"damage_taken":0},{"event_name":"The Cleric","player_choice":"Leave","floor":3,"damage_taken":0}],"boss_relics":[],"items_purged_floors":[],"potions_floor_spawned":[1,12,14],"seed_played":"3392432897669927710","killed_by":"The Guardian","ascension_level":7,"potions_obtained":[{"floor":1,"key":"SpeedPotion"},{"floor":12,"key":"Swift Potion"},{"floor":14,"key":"Fire Potion"}],"is_trial":false}