{"gold_per_floor":[119,119,51,51,71,33,33,62,143,173,173,173,208,221,221,324,324,335,335,318,21,21,47,60,60,86,105,105,105,125,50,50,152,152,166,166],"floor_reached":36,"playtime":1916,"items_purged":["Shame"],"score":448,"play_id":"13ae4d0a-2f80-4b51-b5d8-82df0b919f52","local_time":"20181129224251","is_ascension_mode":false,"campfire_choices":[{"data":"Echo Form","floor":7,"key":"SMITH"},{"floor":11,"key":"REST"},{"floor":15,"key":"REST"},{"floor":25,"key":"REST"},{"floor":29,"key":"REST"},{"data":"Creative AI","floor":32,"key":"SMITH"}],"neow_cost":"NONE","seed_source_timestamp":42970961985354,"circlet_count":0,"master_deck":["Strike_B","Strike_B+1","Strike_B+1","Strike_B","Defend_B","Defend_B","Defend_B","Defend_B","Zap+1","Dualcast","Echo Form+1","Gash+1","Chaos+1","Gash","Self Repair","Hello World","Chill","Creative AI+1","RitualDagger","Capacitor","Defragment+1","Amplify"],"relics":["FrozenCore","Blood Vial","Du-Vu Doll","Darkstone Periapt","Bag of Preparation","War Paint","FossilizedHelix","Strawberry","Potion Belt","Whetstone","Inserter"],"potions_floor_usage":[13,23,30,36,36],"damage_taken":[{"damage":6,"enemies":"Cultist","floor":1,"turns":4},{"damage":11,"enemies":"Jaw Worm","floor":5,"turns":4},{"damage":40,"enemies":"Lagavulin","floor":8,"turns":6},{"damage":37,"enemies":"Gremlin Nob","floor":10,"turns":5},{"damage":13,"enemies":"Lagavulin","floor":13,"turns":6},{"damage":12,"enemies":"2 Louse","floor":14,"turns":4},{"damage":10,"enemies":"Slime Boss","floor":16,"turns":8},{"damage":15,"enemies":"Shell Parasite","floor":18,"turns":7},{"damage":24,"enemies":"2 Thieves","floor":20,"turns":5},{"damage":39,"enemies":"Book of Stabbing","floor":23,"turns":6},{"damage":37,"enemies":"Snake Plant","floor":24,"turns":8},{"damage":29,"enemies":"Centurion and Healer","floor":27,"turns":7},{"damage":6,"enemies":"Chosen and Byrds","floor":30,"turns":6},{"damage":0,"enemies":"Champ","floor":33,"turns":13},{"damage":9,"enemies":"3 Shapes","floor":35,"turns":7},{"damage":96,"enemies":"2 Orb Walkers","floor":36,"turns":5}],"seed_played":"-1757411891439755988","potions_obtained":[{"floor":5,"key":"Dexterity Potion"},{"floor":10,"key":"Weak Potion"},{"floor":14,"key":"FearPotion"},{"floor":16,"key":"GamblersBrew"},{"floor":23,"key":"Strength Potion"},{"floor":28,"key":"SkillPotion"},{"floor":28,"key":"SneckoOil"},{"floor":33,"key":"FocusPotion"}],"is_trial":false,"path_per_floor":["M","?","$","T","M","$","R","E","T","E","R","?","E","M","R","B",null,"M","?","M","$","?","E","M","R","T","M","?","R","M","$","R","B",null,"M","?"],"character_chosen":"DEFECT","items_purchased":["Chaos","Self Repair","FossilizedHelix"],"campfire_rested":4,"item_purchase_floors":[3,6,21],"current_hp_per_floor":[69,69,69,69,60,60,60,36,36,8,30,30,26,16,38,37,75,67,61,46,46,59,36,8,34,34,21,21,47,50,50,50,59,88,86,0],"gold":166,"neow_bonus":"ONE_RANDOM_RARE_CARD","is_prod":false,"is_daily":false,"chose_seed":false,"campfire_upgraded":2,"win_rate":0,"timestamp":1543495371,"path_taken":["M","?","?","?","?","$","R","E","T","E","R","?","E","M","R","BOSS","M","?","M","$","?","E","M","R","T","M","?","R","?","$","R","BOSS","M","?"],"build_version":"2018-11-15","purchased_purges":1,"victory":false,"max_hp_per_floor":[75,75,75,75,75,75,75,75,75,75,75,75,75,75,75,75,75,75,75,75,75,88,88,88,88,88,88,88,88,88,88,88,88,88,88,88],"card_choices":[{"not_picked":["Steam","Go for the Eyes"],"picked":"Gash","floor":1},{"not_picked":["Coolheaded","Barrage"],"picked":"Gash","floor":5},{"not_picked":["Auto Shields","Fusion"],"picked":"Hello World","floor":8},{"not_picked":["Rebound","Stack","Compile Driver"],"picked":"SKIP","floor":10},{"not_picked":["Fusion","Multi-Cast"],"picked":"Chill","floor":13},{"not_picked":["Conserve Battery","Steam","Cold Snap"],"picked":"SKIP","floor":14},{"not_picked":["All For One","Echo Form"],"picked":"Creative AI","floor":16},{"not_picked":["Leap","Stack+1","Sweeping Beam"],"picked":"SKIP","floor":18},{"not_picked":["Streamline","Compile Driver","Sunder"],"picked":"SKIP","floor":20},{"not_picked":["Coolheaded","Recycle","Conserve Battery"],"picked":"SKIP","floor":23},{"not_picked":["Ball Lightning","Aggregate","Doom and Gloom+1"],"picked":"SKIP","floor":24},{"not_picked":["Skim","Melter+1"],"picked":"Capacitor","floor":27},{"not_picked":["Steam","Turbo"],"picked":"Defragment+1","floor":30},{"not_picked":["Core Surge","Electrodynamics"],"picked":"Amplify","floor":33},{"not_picked":["Go for the Eyes","Recycle","Doom and Gloom+1"],"picked":"SKIP","floor":35}],"player_experience":399282,"relics_obtained":[{"floor":4,"key":"Blood Vial"},{"floor":8,"key":"Du-Vu Doll"},{"floor":9,"key":"Darkstone Periapt"},{"floor":10,"key":"Bag of Preparation"},{"floor":13,"key":"War Paint"},{"floor":23,"key":"Potion Belt"},{"floor":26,"key":"Whetstone"}],"event_choices":[{"damage_healed":0,"gold_gain":0,"player_choice":"Upgraded","damage_taken":0,"max_hp_gain":0,"max_hp_loss":0,"event_name":"Upgrade Shrine","floor":2,"gold_loss":0,"cards_upgraded":["Gash"]},{"damage_healed":0,"gold_gain":0,"player_choice":"Ignored","damage_taken":0,"max_hp_gain":0,"max_hp_loss":0,"event_name":"Golden Wing","floor":12,"gold_loss":0},{"damage_healed":0,"gold_gain":0,"player_choice":"Joined the Cult","damage_taken":6,"max_hp_gain":0,"max_hp_loss":0,"event_name":"Nest","floor":19,"gold_loss":0,"cards_obtained":["RitualDagger"]},{"damage_healed":0,"gold_gain":0,"player_choice":"Stole Relic","damage_taken":0,"relics_obtained":["Strawberry"],"max_hp_gain":0,"max_hp_loss":0,"event_name":"Addict","floor":22,"gold_loss":0,"cards_obtained":["Shame"]},{"damage_healed":0,"gold_gain":0,"player_choice":"Got Potions","damage_taken":0,"max_hp_gain":0,"max_hp_loss":0,"event_name":"Lab","floor":28,"gold_loss":0},{"damage_healed":0,"gold_gain":0,"player_choice":"Fight","damage_taken":0,"max_hp_gain":0,"max_hp_loss":0,"event_name":"Mysterious Sphere","floor":36,"gold_loss":0}],"is_beta":false,"boss_relics":[{"not_picked":["Nuclear Battery","Sozu"],"picked":"FrozenCore"},{"not_picked":["Runic Pyramid","Philosopher\u0027s Stone"],"picked":"Inserter"}],"items_purged_floors":[31],"is_endless":false,"potions_floor_spawned":[5,10,14,16,23,33,35],"killed_by":"2 Orb Walkers","ascension_level":0}