{"gold_per_floor":[117,132,142,70,70,70,101,101,101,120,150,150,166,166,166,244,244,258,308,321,339,299,299],"floor_reached":23,"playtime":880,"items_purged":[],"score":352,"play_id":"d7c35f50-21d6-406e-847a-48862617e1a0","local_time":"20180924011758","is_ascension_mode":true,"campfire_choices":[{"data":"Uppercut","floor":6,"key":"SMITH"},{"data":"Iron Wave","floor":8,"key":"SMITH"},{"data":"Pommel Strike","floor":15,"key":"SMITH"}],"neow_cost":"","seed_source_timestamp":0,"circlet_count":0,"master_deck":["Strike_R","Strike_R","Strike_R","Strike_R","Strike_R","Defend_R","Defend_R","Defend_R","Defend_R+1","Bash","AscendersBane","Iron Wave+1","Metallicize","Pommel Strike+1","Uppercut+1","Shrug It Off+1","Armaments+1","Impervious","Fiend Fire","Pommel Strike"],"special_seed":0,"relics":["Burning Blood","Champion Belt","Lantern","Sundial","War Paint","Mark of Pain"],"potions_floor_usage":[7,16,16,21,23],"damage_taken":[{"damage":7,"enemies":"2 Louse","floor":1,"turns":3},{"damage":4,"enemies":"Jaw Worm","floor":2,"turns":4},{"damage":4,"enemies":"Cultist","floor":3,"turns":5},{"damage":22,"enemies":"Lagavulin","floor":7,"turns":7},{"damage":0,"enemies":"Blue Slaver","floor":10,"turns":4},{"damage":14,"enemies":"3 Sentries","floor":11,"turns":11},{"damage":0,"enemies":"2 Fungi Beasts","floor":13,"turns":3},{"damage":23,"enemies":"Hexaghost","floor":16,"turns":15},{"damage":5,"enemies":"Chosen","floor":18,"turns":6},{"damage":28,"enemies":"Spheric Guardian","floor":20,"turns":4},{"damage":5,"enemies":"Snake Plant","floor":21,"turns":4},{"damage":44,"enemies":"Book of Stabbing","floor":23,"turns":8}],"seed_played":"6502327992920885507","potions_obtained":[{"floor":3,"key":"PowerPotion"},{"floor":10,"key":"Block Potion"},{"floor":11,"key":"Fire Potion"},{"floor":13,"key":"Dexterity Potion"},{"floor":18,"key":"Weak Potion"},{"floor":20,"key":"SkillPotion"},{"floor":22,"key":"EssenceOfSteel"}],"is_trial":false,"path_per_floor":["M","M","M","$","?","R","E","R","T","M","E","?","M","?","R","B",null,"M","?","M","M","?"],"character_chosen":"IRONCLAD","items_purchased":["Uppercut"],"campfire_rested":0,"item_purchase_floors":[4],"current_hp_per_floor":[67,69,71,71,60,60,44,44,44,50,42,42,48,48,48,31,64,65,65,43,44,44,0],"gold":299,"neow_bonus":"","is_prod":false,"is_daily":false,"chose_seed":false,"campfire_upgraded":3,"win_rate":0,"timestamp":1537777078,"path_taken":["M","M","M","$","?","R","E","R","T","M","E","?","M","?","R","BOSS","M","?","M","M","?","E"],"build_version":"2018-09-20","purchased_purges":0,"victory":false,"max_hp_per_floor":[75,75,75,75,75,75,75,75,75,75,75,75,75,75,75,75,75,75,75,75,75,75,75],"card_choices":[{"not_picked":["Thunderclap","Seeing Red"],"picked":"Iron Wave","floor":1},{"not_picked":["Thunderclap","Wild Strike"],"picked":"Metallicize","floor":2},{"not_picked":["Bloodletting","Hemokinesis"],"picked":"Pommel Strike","floor":3},{"not_picked":["Shockwave","Reaper"],"picked":"Shrug It Off","floor":7},{"not_picked":["Combust","Warcry"],"picked":"Armaments","floor":10},{"not_picked":["Sever Soul","Intimidate"],"picked":"Impervious","floor":11},{"not_picked":["Anger","Second Wind","Clash"],"picked":"SKIP","floor":13},{"not_picked":["Exhume","Offering"],"picked":"Fiend Fire","floor":16},{"not_picked":["Intimidate","Infernal Blade","Entrench"],"picked":"SKIP","floor":18},{"not_picked":["Heavy Blade","Second Wind+1"],"picked":"Pommel Strike","floor":20},{"not_picked":["Cleave+1","Intimidate","Thunderclap"],"picked":"SKIP","floor":21}],"player_experience":828416,"relics_obtained":[{"floor":7,"key":"Lantern"},{"floor":9,"key":"Sundial"},{"floor":11,"key":"War Paint"}],"event_choices":[{"event_name":"Scrap Ooze","player_choice":"success","floor":5,"damage_taken":11},{"event_name":"Liars Game","player_choice":"disagreed","floor":12,"damage_taken":0},{"event_name":"Living Wall","player_choice":"Grow","floor":14,"damage_taken":0},{"event_name":"Nest","player_choice":"Stole From Cult","floor":19,"damage_taken":0},{"event_name":"The Woman in Blue","player_choice":"Bought 3 Potions","floor":22,"damage_taken":0}],"is_beta":true,"boss_relics":[{"not_picked":["Black Star","Coffee Dripper"],"picked":"Mark of Pain"}],"items_purged_floors":[],"is_endless":false,"potions_floor_spawned":[3,10,11,13,18,20],"killed_by":"Book of Stabbing","ascension_level":15}