{"gold_per_floor":[117,117,392,402,477,511,537,537],"floor_reached":8,"playtime":209,"items_purged":[],"score":107,"play_id":"53ff4f96-43e7-4ec2-b029-a7d7b8de5671","local_time":"20181221014509","is_ascension_mode":true,"campfire_choices":[],"neow_cost":"NONE","seed_source_timestamp":194150776322710,"circlet_count":0,"master_deck":["Strike_R","Strike_R","Strike_R","Strike_R","Strike_R","Defend_R","Defend_R","Defend_R+1","Defend_R","Bash+1","Fire Breathing","Regret","Iron Wave","Searing Blow","Cleave"],"relics":["Burning Blood","NeowsBlessing","WingedGreaves","Boot"],"potions_floor_usage":[],"damage_taken":[{"damage":0,"enemies":"Small Slimes","floor":1,"turns":1},{"damage":0,"enemies":"2 Louse","floor":4,"turns":1},{"damage":0,"enemies":"Lagavulin","floor":6,"turns":1},{"damage":54,"enemies":"3 Sentries","floor":7,"turns":10}],"seed_played":"7925099751731179293","potions_obtained":[{"floor":6,"key":"Strength Potion"}],"is_trial":false,"path_per_floor":["M","?","?","M","?","E","E","?"],"character_chosen":"IRONCLAD","items_purchased":[],"campfire_rested":0,"item_purchase_floors":[],"current_hp_per_floor":[80,64,64,70,59,65,17,0],"gold":537,"neow_bonus":"THREE_ENEMY_KILL","is_prod":false,"is_daily":false,"chose_seed":false,"campfire_upgraded":0,"win_rate":0,"timestamp":1545374709,"path_taken":["M","?","?","?","?","E","E","?"],"build_version":"2018-12-20","purchased_purges":0,"victory":false,"max_hp_per_floor":[80,80,80,80,80,80,80,80],"card_choices":[{"not_picked":["Perfected Strike","Battle Trance"],"picked":"Fire Breathing","floor":1},{"not_picked":["Blood for Blood","Evolve"],"picked":"Iron Wave","floor":4},{"not_picked":["Heavy Blade","Clash"],"picked":"Searing Blow","floor":6},{"not_picked":["Anger","Body Slam"],"picked":"Cleave","floor":7}],"player_experience":217058,"relics_obtained":[{"floor":6,"key":"WingedGreaves"},{"floor":7,"key":"Boot"}],"event_choices":[{"damage_healed":0,"gold_gain":0,"player_choice":"Entered Light","damage_taken":16,"max_hp_gain":0,"max_hp_loss":0,"event_name":"Shining Light","floor":2,"gold_loss":0,"cards_upgraded":["Bash","Defend_R"]},{"damage_healed":0,"gold_gain":275,"player_choice":"Desecrate","damage_taken":0,"max_hp_gain":0,"max_hp_loss":0,"event_name":"Golden Shrine","floor":3,"gold_loss":0,"cards_obtained":["Regret"]},{"damage_healed":0,"gold_gain":75,"player_choice":"Gather Gold","damage_taken":11,"max_hp_gain":0,"max_hp_loss":0,"event_name":"World of Goop","floor":5,"gold_loss":0}],"is_beta":false,"boss_relics":[],"items_purged_floors":[],"is_endless":false,"potions_floor_spawned":[6],"ascension_level":4}