{"gold_per_floor":[110,23,23,23,36,62,62,87,111,111,139,153,165,165,165,267,267,267,267,267,267,27,27,27,27,27,27,27,27,27,27,27,27,27,27,0,0,0,0,0,0,0,0,0,0],"floor_reached":45,"playtime":2550,"items_purged":[],"score":571,"play_id":"505c5429-0b9a-4f92-8d89-ef310567e35f","local_time":"20190129214542","is_ascension_mode":true,"campfire_choices":[{"data":"Enlightenment","floor":7,"key":"SMITH"},{"data":"Armaments","floor":10,"key":"SMITH"},{"data":"Brutality","floor":15,"key":"PURGE"},{"data":"Barricade","floor":23,"key":"SMITH"},{"data":"Heavy Blade","floor":29,"key":"SMITH"},{"floor":32,"key":"REST"},{"data":"Bludgeon","floor":40,"key":"SMITH"}],"neow_cost":"NONE","seed_source_timestamp":1650894491756779,"circlet_count":0,"master_deck":["Strike_R","Strike_R","Strike_R","Strike_R","Defend_R","Defend_R+1","Defend_R","Defend_R","Bash","Armaments+1","Enlightenment+1","Evolve","Impervious+1","Shockwave+1","Ghostly Armor","Barricade+1","Spot Weakness+1","Shrug It Off","Heavy Blade+1","Enlightenment+1","Sword Boomerang+1","Bludgeon+1","Blood for Blood","Madness","Madness","Entrench"],"relics":["Burning Blood","NeowsBlessing","Art of War","Peace Pipe","Blood Vial","Bronze Scales","War Paint","Ectoplasm","Frozen Egg 2","Strawberry","Paper Frog","Runic Cube","Red Mask"],"potions_floor_usage":[13,21,28],"damage_taken":[{"damage":0,"enemies":"Cultist","floor":1,"turns":1},{"damage":0,"enemies":"Small Slimes","floor":5,"turns":1},{"damage":0,"enemies":"Lagavulin","floor":6,"turns":1},{"damage":27,"enemies":"3 Sentries","floor":8,"turns":14},{"damage":20,"enemies":"Lagavulin","floor":11,"turns":8},{"damage":0,"enemies":"2 Louse","floor":12,"turns":3},{"damage":16,"enemies":"2 Fungi Beasts","floor":13,"turns":4},{"damage":37,"enemies":"Hexaghost","floor":16,"turns":13},{"damage":11,"enemies":"Shell Parasite","floor":18,"turns":8},{"damage":15,"enemies":"Chosen","floor":20,"turns":7},{"damage":6,"enemies":"Shelled Parasite and Fungi","floor":21,"turns":6},{"damage":24,"enemies":"Slavers","floor":24,"turns":10},{"damage":17,"enemies":"Snake Plant","floor":28,"turns":4},{"damage":19,"enemies":"Centurion and Healer","floor":31,"turns":5},{"damage":26,"enemies":"Champ","floor":33,"turns":11},{"damage":4,"enemies":"3 Darklings","floor":35,"turns":6},{"damage":16,"enemies":"Orb Walker","floor":39,"turns":3},{"damage":22,"enemies":"3 Darklings","floor":42,"turns":4},{"damage":22,"enemies":"Jaw Worm Horde","floor":44,"turns":4},{"damage":48,"enemies":"Maw","floor":45,"turns":5}],"seed_played":"4426459379623966458","potions_obtained":[{"floor":8,"key":"Explosive Potion"},{"floor":16,"key":"SkillPotion"},{"floor":20,"key":"GamblersBrew"},{"floor":21,"key":"BloodPotion"},{"floor":28,"key":"SteroidPotion"},{"floor":33,"key":"Strength Potion"},{"floor":39,"key":"Explosive Potion"}],"is_trial":false,"path_per_floor":["M","$","T","?","M","E","R","E","T","R","E","M","M","?","R","B",null,"M","$","M","M","$","R","E","?","T","?","M","R","?","M","R","B",null,"M","?","?","$","M","R","$","M","T","M","M"],"character_chosen":"IRONCLAD","items_purchased":["Enlightenment","Frozen Egg 2"],"campfire_rested":1,"item_purchase_floors":[2,22],"current_hp_per_floor":[80,80,80,80,80,80,80,59,59,59,47,55,47,52,52,23,85,80,80,73,75,75,75,66,66,66,66,57,57,57,46,73,55,92,92,92,80,80,72,72,72,58,58,44,0],"gold":0,"neow_bonus":"THREE_ENEMY_KILL","is_prod":false,"is_daily":false,"chose_seed":false,"campfire_upgraded":5,"win_rate":0,"timestamp":1548765942,"path_taken":["M","$","?","?","M","E","R","E","T","R","E","M","?","?","R","BOSS","M","$","M","M","$","R","E","?","T","?","?","R","?","M","R","BOSS","M","?","?","?","M","R","$","M","T","M","M"],"build_version":"2019-01-23","purchased_purges":0,"victory":false,"max_hp_per_floor":[80,80,80,80,80,80,80,80,80,80,80,80,80,85,85,85,85,85,85,85,85,85,85,92,92,92,92,92,92,92,92,92,92,92,92,92,92,92,92,92,92,92,92,92,92],"card_choices":[{"not_picked":["Perfected Strike","Clash"],"picked":"Armaments","floor":1},{"not_picked":["Clothesline","Body Slam"],"picked":"Evolve","floor":5},{"not_picked":["Armaments","Wild Strike","Power Through"],"picked":"SKIP","floor":6},{"not_picked":["Havoc","Dual Wield"],"picked":"Impervious","floor":8},{"not_picked":["Havoc","Shrug It Off"],"picked":"Shockwave","floor":11},{"not_picked":["Burning Pact","Iron Wave","Combust"],"picked":"SKIP","floor":12},{"not_picked":["Headbutt","Second Wind"],"picked":"Ghostly Armor","floor":13},{"not_picked":["Demon Form","Berserk"],"picked":"Barricade","floor":16},{"not_picked":["Rupture+1","Evolve","Twin Strike"],"picked":"SKIP","floor":18},{"not_picked":["Anger+1","Corruption"],"picked":"Spot Weakness+1","floor":20},{"not_picked":["True Grit","Reckless Charge"],"picked":"Shrug It Off","floor":21},{"not_picked":["Body Slam","Infernal Blade"],"picked":"Heavy Blade","floor":24},{"not_picked":["Thunderclap","Body Slam","Shockwave"],"picked":"SKIP","floor":28},{"not_picked":["Perfected Strike+1","Warcry"],"picked":"Sword Boomerang+1","floor":31},{"not_picked":["Feed","Barricade+1"],"picked":"Bludgeon","floor":33},{"not_picked":["Searing Blow","Twin Strike+1"],"picked":"Blood for Blood","floor":35},{"not_picked":["Clothesline","Havoc","Iron Wave+1"],"picked":"SKIP","floor":39},{"not_picked":["Cleave","Wild Strike","Second Wind+1"],"picked":"SKIP","floor":42},{"not_picked":["Armaments","Sword Boomerang"],"picked":"Entrench","floor":44}],"player_experience":732815,"relics_obtained":[{"floor":3,"key":"Art of War"},{"floor":6,"key":"Peace Pipe"},{"floor":8,"key":"Blood Vial"},{"floor":9,"key":"Bronze Scales"},{"floor":11,"key":"War Paint"},{"floor":24,"key":"Strawberry"},{"floor":26,"key":"Paper Frog"}],"event_choices":[{"damage_healed":0,"gold_gain":0,"cards_transformed":["Strike_R"],"player_choice":"Transformed","damage_taken":0,"max_hp_gain":0,"max_hp_loss":0,"event_name":"Transmorgrifier","floor":4,"gold_loss":0,"cards_obtained":["Brutality"]},{"damage_healed":0,"gold_gain":0,"player_choice":"Donut","damage_taken":0,"max_hp_gain":5,"max_hp_loss":0,"event_name":"Big Fish","floor":14,"gold_loss":0},{"damage_healed":0,"gold_gain":0,"player_choice":"Forge","damage_taken":0,"max_hp_gain":0,"max_hp_loss":0,"event_name":"Accursed Blacksmith","floor":27,"gold_loss":0,"cards_upgraded":["Shockwave"]},{"damage_healed":0,"gold_gain":0,"player_choice":"Copied","damage_taken":0,"max_hp_gain":0,"max_hp_loss":0,"event_name":"Duplicator","floor":30,"gold_loss":0,"cards_obtained":["Enlightenment"]},{"damage_healed":0,"gold_gain":0,"player_choice":"Paid","damage_taken":0,"relics_obtained":["Red Mask"],"max_hp_gain":0,"max_hp_loss":0,"event_name":"Tomb of Lord Red Mask","floor":36,"gold_loss":27},{"damage_healed":0,"gold_gain":0,"player_choice":"Embrace Madness","damage_taken":12,"max_hp_gain":0,"max_hp_loss":0,"event_name":"Winding Halls","floor":37,"gold_loss":0,"cards_obtained":["Madness","Madness"]}],"is_beta":false,"boss_relics":[{"not_picked":["Lizard Tail","Eternal Feather"],"picked":"Ectoplasm"},{"not_picked":["Astrolabe","Busted Crown"],"picked":"Runic Cube"}],"items_purged_floors":[],"is_endless":false,"potions_floor_spawned":[8,16,20,21,28,33,39,42],"killed_by":"Maw","ascension_level":4}