{"gold_per_floor":[116,291,309,99,109,141,159,192,192,218,236,11,11,30,30,131,131,149,149,1,48,67,67,96,96,123,456,471,488,29,56,56,158,158,173,196,159,174,229,262,262,262,262,262,172,172,182,216,216,216],"floor_reached":51,"playtime":2111,"items_purged":["Doubt","Strike_B","Hello World+1","Deep Breath"],"score":873,"play_id":"9cf9c36f-f657-47e1-91b4-22ac02a0b256","local_time":"20190202175932","is_ascension_mode":true,"campfire_choices":[{"data":"Defragment","floor":15,"key":"SMITH"},{"data":"Seek","floor":23,"key":"SMITH"},{"floor":25,"key":"REST"},{"floor":32,"key":"REST"},{"floor":44,"key":"REST"},{"data":"Loop","floor":46,"key":"SMITH"},{"floor":49,"key":"REST"}],"neow_cost":"NONE","seed_source_timestamp":403030061652336,"circlet_count":0,"master_deck":["Defend_B","Defend_B","Defend_B","Defend_B","Zap","Dualcast","Seek+1","Sunder","Electrodynamics","Conserve Battery","Glacier","Electrodynamics","Defragment+1","Thunder Strike","Genetic Algorithm+1","Capacitor+1","Tempest+1","Reboot","Gash","Capacitor+1","Consume","Echo Form+1","Loop+1","Fusion+1","Conserve Battery+1","Madness"],"relics":["Cracked Core","DataDisk","Bottled Flame","Kunai","Singing Bowl","Tiny Chest","Astrolabe","Mummified Hand","Omamori","Old Coin","Ice Cream","Dream Catcher","Cursed Key","Regal Pillow","Thread and Needle","Shovel","Juzu Bracelet","Ornamental Fan"],"potions_floor_usage":[6,16,27,27,50,50],"damage_taken":[{"damage":0,"enemies":"Cultist","floor":1,"turns":4},{"damage":1,"enemies":"Jaw Worm","floor":3,"turns":3},{"damage":0,"enemies":"2 Louse","floor":5,"turns":2},{"damage":6,"enemies":"Gremlin Nob","floor":6,"turns":3},{"damage":5,"enemies":"2 Fungi Beasts","floor":7,"turns":2},{"damage":7,"enemies":"Lagavulin","floor":8,"turns":6},{"damage":16,"enemies":"Gremlin Nob","floor":10,"turns":3},{"damage":0,"enemies":"Blue Slaver","floor":11,"turns":4},{"damage":0,"enemies":"Red Slaver","floor":14,"turns":4},{"damage":29,"enemies":"Hexaghost","floor":16,"turns":12},{"damage":32,"enemies":"2 Thieves","floor":18,"turns":3},{"damage":4,"enemies":"Spheric Guardian","floor":22,"turns":4},{"damage":34,"enemies":"Gremlin Leader","floor":24,"turns":9},{"damage":10,"enemies":"Book of Stabbing","floor":27,"turns":5},{"damage":4,"enemies":"3 Cultists","floor":28,"turns":5},{"damage":8,"enemies":"Shelled Parasite and Fungi","floor":29,"turns":4},{"damage":27,"enemies":"Collector","floor":33,"turns":7},{"damage":11,"enemies":"3 Shapes","floor":35,"turns":4},{"damage":3,"enemies":"Orb Walker","floor":38,"turns":3},{"damage":41,"enemies":"2 Orb Walkers","floor":39,"turns":3},{"damage":0,"enemies":"Giant Head","floor":40,"turns":6},{"damage":0,"enemies":"Jaw Worm Horde","floor":47,"turns":3},{"damage":57,"enemies":"Reptomancer","floor":48,"turns":6},{"damage":26,"enemies":"Time Eater","floor":50,"turns":9}],"seed_played":"6102397568223515741","potions_obtained":[{"floor":3,"key":"PowerPotion"},{"floor":5,"key":"Poison Potion"},{"floor":6,"key":"Strength Potion"},{"floor":8,"key":"FearPotion"},{"floor":14,"key":"Dexterity Potion"},{"floor":24,"key":"SpeedPotion"},{"floor":28,"key":"Ancient Potion"},{"floor":29,"key":"SpeedPotion"}],"is_trial":false,"path_per_floor":["M","?","M","$","M","E","M","E","T","E","M","$","?","M","R","B",null,"M","?","$","T","M","R","E","R","T","E","M","M","$","T","R","B",null,"M","T","$","M","?","E","$","?","T","R","?","R","M","E","R","B",null],"character_chosen":"DEFECT","items_purchased":["Electrodynamics","Tiny Chest","Gash","Ice Cream","Loop"],"campfire_rested":4,"item_purchase_floors":[4,12,20,30,37],"current_hp_per_floor":[75,75,74,74,74,68,63,56,56,42,42,42,42,44,44,15,79,47,47,47,47,45,45,13,37,37,27,25,19,19,19,45,18,87,78,78,78,75,34,36,36,25,25,69,69,69,71,16,62,36],"gold":216,"neow_bonus":"ONE_RANDOM_RARE_CARD","is_prod":false,"is_daily":false,"chose_seed":false,"campfire_upgraded":3,"win_rate":0,"timestamp":1549090772,"path_taken":["M","?","M","$","M","E","M","E","T","E","M","$","?","M","R","BOSS","M","?","$","?","M","R","E","R","T","E","?","M","?","?","R","BOSS","M","?","?","M","?","E","$","?","T","R","?","R","M","E","R","BOSS"],"build_version":"2019-01-23","purchased_purges":4,"victory":true,"max_hp_per_floor":[75,75,75,75,75,75,75,75,75,77,77,77,77,79,79,79,79,79,79,79,79,81,81,83,83,83,83,85,87,87,87,87,87,87,89,89,89,89,89,91,91,91,91,93,93,93,95,97,99,99],"card_choices":[{"not_picked":["Redo","Scrape"],"picked":"Sunder","floor":1},{"not_picked":["Sweeping Beam","Barrage","Rip and Tear"],"picked":"SKIP","floor":3},{"not_picked":["Stack","Melter"],"picked":"Conserve Battery","floor":5},{"not_picked":["Double Energy","Amplify"],"picked":"Glacier","floor":6},{"not_picked":["Stack","Ball Lightning","Beam Cell"],"picked":"SKIP","floor":7},{"not_picked":["Steam","Redo"],"picked":"Electrodynamics","floor":8},{"not_picked":["Ball Lightning","Go for the Eyes","Meteor Strike"],"picked":"Singing Bowl","floor":10},{"not_picked":["Storm","Sunder"],"picked":"Defragment","floor":11},{"not_picked":["Rebound","Compile Driver","Reinforced Body"],"picked":"Singing Bowl","floor":14},{"not_picked":["Creative AI","Rainbow"],"picked":"Thunder Strike","floor":16},{"not_picked":["Double Energy+1","Chaos"],"picked":"Tempest+1","floor":18},{"not_picked":["Redo","Turbo","Cold Snap"],"picked":"Singing Bowl","floor":22},{"not_picked":["Hologram","Steam","Rebound+1"],"picked":"Singing Bowl","floor":24},{"not_picked":["Reprogram","Streamline"],"picked":"Capacitor+1","floor":27},{"not_picked":["Redo+1","Hologram","Meteor Strike"],"picked":"Singing Bowl","floor":28},{"not_picked":["Stack+1","Undo","Aggregate"],"picked":"Singing Bowl","floor":29},{"not_picked":["Barrage","Lockon"],"picked":"Consume","floor":32},{"not_picked":["Thunder Strike","Fission"],"picked":"Echo Form","floor":33},{"not_picked":["Turbo","Double Energy+1","Chaos"],"picked":"Singing Bowl","floor":35},{"not_picked":["Ball Lightning","Tempest"],"picked":"Fusion+1","floor":38},{"not_picked":["Aggregate+1","Coolheaded"],"picked":"Conserve Battery+1","floor":39},{"not_picked":["Coolheaded+1","Rebound+1","Beam Cell+1"],"picked":"Singing Bowl","floor":40},{"not_picked":["Melter","Streamline","Steam+1"],"picked":"Singing Bowl","floor":44},{"not_picked":["Darkness","Auto Shields+1","Rebound+1"],"picked":"Singing Bowl","floor":47},{"not_picked":["Double Energy+1","Fusion","Genetic Algorithm+1"],"picked":"Singing Bowl","floor":48},{"not_picked":["Steam","Sweeping Beam","Streamline"],"picked":"Singing Bowl","floor":49}],"player_experience":1211906,"relics_obtained":[{"floor":6,"key":"DataDisk"},{"floor":8,"key":"Bottled Flame"},{"floor":9,"key":"Kunai"},{"floor":10,"key":"Singing Bowl"},{"floor":24,"key":"Mummified Hand"},{"floor":26,"key":"Omamori"},{"floor":27,"key":"Old Coin"},{"floor":31,"key":"Dream Catcher"},{"floor":36,"key":"Regal Pillow"},{"floor":39,"key":"Thread and Needle"},{"floor":40,"key":"Shovel"},{"floor":43,"key":"Juzu Bracelet"},{"floor":48,"key":"Ornamental Fan"}],"event_choices":[{"damage_healed":0,"gold_gain":175,"player_choice":"AGREE","damage_taken":0,"max_hp_gain":0,"max_hp_loss":0,"event_name":"Liars Game","floor":2,"gold_loss":0,"cards_obtained":["Doubt"]},{"damage_healed":0,"gold_gain":0,"player_choice":"Leave","damage_taken":0,"max_hp_gain":0,"max_hp_loss":0,"event_name":"The Cleric","floor":13,"gold_loss":0},{"damage_healed":0,"gold_gain":0,"player_choice":"2 cards matched","damage_taken":0,"max_hp_gain":0,"max_hp_loss":0,"event_name":"Match and Keep!","floor":19,"gold_loss":0,"cards_obtained":["Reboot","Deep Breath"]},{"damage_healed":0,"gold_gain":0,"player_choice":"Fight","damage_taken":0,"max_hp_gain":0,"max_hp_loss":0,"event_name":"Mysterious Sphere","floor":39,"gold_loss":0},{"damage_healed":0,"gold_gain":0,"player_choice":"Embrace Madness","damage_taken":11,"max_hp_gain":0,"max_hp_loss":0,"event_name":"Winding Halls","floor":42,"gold_loss":0,"cards_obtained":["Madness","Madness"]},{"cards_removed":["Madness"],"damage_healed":0,"gold_gain":0,"player_choice":"Upgrade and Remove","damage_taken":0,"max_hp_gain":0,"max_hp_loss":0,"event_name":"Designer","floor":45,"gold_loss":90,"cards_upgraded":["Echo Form"]}],"is_beta":true,"boss_relics":[{"not_picked":["Tiny House","Eternal Feather"],"picked":"Astrolabe"},{"not_picked":["Runic Dome","Runic Pyramid"],"picked":"Cursed Key"}],"items_purged_floors":[4,12,20,30],"is_endless":false,"potions_floor_spawned":[3,5,6,8,11,14,24,28,29,33,35,39],"ascension_level":1}