{"gold_per_floor":[117,292,292,302,313,339,339,365,365,384,384,404,461,461,461,560,560,579,593,593,508,118,118,138,237,287,313,140,140,65,65],"floor_reached":31,"playtime":2101,"items_purged":["Strike_B","Doubt"],"score":241,"play_id":"81671562-a329-4c1e-bb25-f3a6ddd0bf22","local_time":"20180703142944","is_ascension_mode":false,"campfire_choices":[{"data":"Fusion","floor":7,"key":"SMITH"},{"data":"Doom and Gloom","floor":11,"key":"SMITH"},{"floor":15,"key":"REST"},{"data":"Coolheaded","floor":23,"key":"SMITH"},{"data":"Static Discharge","floor":29,"key":"SMITH"}],"neow_cost":"NONE","seed_source_timestamp":544169534555947,"circlet_count":0,"master_deck":["Strike_B+1","Defend_B","Defend_B","Defend_B","Defend_B","Zap","Dualcast","Redo","Coolheaded","Coolheaded","Coolheaded+1","Fusion+1","Doom and Gloom+1","Doom and Gloom+1","Echo Form","Capacitor","Chaos+1","Blind","Doom and Gloom+1","Static Discharge+1"],"relics":["Cracked Core","NeowsBlessing","Happy Flower","Bottled Lightning","Art of War","Tiny Chest","Molten Egg 2","Inserter","Sundial","Membership Card","Bag of Marbles","Anchor","Whetstone"],"potions_floor_usage":[8,8,16,31],"damage_taken":[{"damage":0,"enemies":"Small Slimes","floor":1,"turns":1},{"damage":0,"enemies":"2 Louse","floor":4,"turns":1},{"damage":0,"enemies":"Jaw Worm","floor":5,"turns":1},{"damage":30,"enemies":"3 Sentries","floor":6,"turns":12},{"damage":18,"enemies":"Lagavulin","floor":8,"turns":11},{"damage":9,"enemies":"3 Louse","floor":10,"turns":3},{"damage":9,"enemies":"Blue Slaver","floor":12,"turns":3},{"damage":28,"enemies":"Slime Boss","floor":16,"turns":8},{"damage":25,"enemies":"2 Thieves","floor":18,"turns":3},{"damage":7,"enemies":"Chosen","floor":19,"turns":6},{"damage":19,"enemies":"Centurion and Healer","floor":24,"turns":8},{"damage":20,"enemies":"Cultist and Chosen","floor":31,"turns":4}],"seed_played":"2619013065876409815","potions_obtained":[{"floor":5,"key":"SkillPotion"},{"floor":6,"key":"AttackPotion"},{"floor":10,"key":"PowerPotion"},{"floor":24,"key":"Poison Potion"}],"is_trial":false,"path_per_floor":["M","?","?","M","M","E","R","E","T","M","R","M","T","T","R","B",null,"M","M","?","?","$","R","M","?","T","T","$","R","?"],"character_chosen":"DEFECT","items_purchased":["Membership Card","Bag of Marbles","Doom and Gloom+1","Static Discharge"],"campfire_rested":1,"item_purchase_floors":[22,22,28,28],"current_hp_per_floor":[75,75,75,75,75,45,45,27,27,18,18,9,9,9,31,3,75,50,43,29,29,29,29,10,10,10,10,10,10,10,0],"gold":65,"neow_bonus":"THREE_ENEMY_KILL","is_prod":false,"is_daily":false,"chose_seed":false,"campfire_upgraded":4,"win_rate":0,"timestamp":1530592184,"path_taken":["M","?","?","?","M","E","R","E","T","M","R","M","?","?","R","BOSS","M","M","?","?","$","R","?","?","T","?","?","R","?","?"],"build_version":"2018-06-28","purchased_purges":2,"victory":false,"max_hp_per_floor":[75,75,75,75,75,75,75,75,75,75,75,75,75,75,75,75,75,75,75,75,75,75,75,75,75,75,75,75,75,75,75],"card_choices":[{"not_picked":["Leap","Rebound"],"picked":"Redo","floor":1},{"not_picked":["Rip and Tear","Hologram"],"picked":"Coolheaded","floor":4},{"not_picked":["Barrage","Ball Lightning"],"picked":"Coolheaded","floor":5},{"not_picked":["Loop","Reprogram"],"picked":"Fusion","floor":6},{"not_picked":["Fusion","Aggregate","Leap"],"picked":"SKIP","floor":8},{"not_picked":["Heatsinks","Go for the Eyes"],"picked":"Doom and Gloom","floor":10},{"not_picked":["Gash","Streamline"],"picked":"Doom and Gloom","floor":12},{"not_picked":["Seek","Electrodynamics"],"picked":"Echo Form","floor":16},{"not_picked":["Barrage+1","Stack"],"picked":"Capacitor","floor":18},{"not_picked":["Sweeping Beam+1","Redo+1"],"picked":"Chaos+1","floor":19},{"not_picked":["Hello World","Auto Shields","Go for the Eyes+1"],"picked":"SKIP","floor":24}],"player_experience":448740,"relics_obtained":[{"floor":6,"key":"Happy Flower"},{"floor":8,"key":"Bottled Lightning"},{"floor":9,"key":"Art of War"},{"floor":13,"key":"Tiny Chest"},{"floor":14,"key":"Molten Egg 2"},{"floor":26,"key":"Anchor"},{"floor":27,"key":"Whetstone"}],"event_choices":[{"event_name":"Liars Game","player_choice":"agreed","floor":2,"damage_taken":0},{"event_name":"Living Wall","player_choice":"Change","floor":3,"damage_taken":0},{"event_name":"Knowing Skull","player_choice":"CARD ","floor":20,"damage_taken":0},{"event_name":"Addict","player_choice":"Obtained Relic","floor":21,"damage_taken":0},{"event_name":"Nest","player_choice":"Stole From Cult","floor":25,"damage_taken":0},{"event_name":"Beggar","player_choice":"Gave Gold","floor":30,"damage_taken":0}],"boss_relics":[{"not_picked":["Coffee Dripper","Tiny House"],"picked":"Inserter"}],"items_purged_floors":[22,28],"is_endless":false,"potions_floor_spawned":[5,6,10,24],"killed_by":"Cultist and Chosen","ascension_level":0}