{"path_per_floor":["M","M","?","M","$","R","E","R","T","E","M","?","R","M","R","B",null,"M","?","?","$","M","R","M","E","T","M","M","M","?","M","R","B",null,"M","?","?","M","M","E","R","M","T","M","M","M","M","M","R","B"],"character_chosen":"THE_SILENT","items_purchased":["Paper Crane"],"gold_per_floor":[118,135,135,149,74,74,99,99,99,128,138,138,138,158,158,258,258,268,268,268,20,30,30,48,80,104,124,139,151,351,365,365,462,462,475,475,475,490,500,527,527,544,544,564,584,600,612,632,632,632],"floor_reached":51,"campfire_rested":5,"playtime":5192,"current_hp_per_floor":[69,65,65,65,65,65,50,50,50,36,27,27,51,46,46,46,80,53,53,53,53,48,72,69,59,66,64,56,35,35,22,48,21,87,87,76,76,70,66,28,54,24,24,31,32,46,40,46,72,8],"items_purged":["Strike_G"],"gold":632,"score":792,"play_id":"38789019-9a1b-4f35-a1c8-641e887955a2","local_time":"20180325110518","is_prod":false,"is_daily":false,"is_ascension_mode":false,"campfire_upgraded":2,"timestamp":1521993918,"path_taken":["M","M","?","M","?","R","E","R","T","E","M","?","R","M","R","BOSS","M","?","?","$","M","R","M","E","T","M","?","M","?","M","R","BOSS","M","?","?","M","M","E","R","?","T","?","M","M","M","M","R","BOSS"],"build_version":"2018-03-22v2","purchased_purges":1,"victory":true,"master_deck":["Defend_G","Defend_G","Defend_G","Defend_G","Defend_G","Strike_G","Survivor","Neutralize","Crippling Poison+1","Dagger Throw","Bouncing Flask","Well Laid Plans","PiercingWail","Bane","After Image+1","Corpse Explosion","Noxious Fumes+1","Heel Hook","Deadly Poison+1","Poisoned Stab","Bouncing Flask","Endless Agony+1","Footwork","Adrenaline","Outmaneuver","Madness","Madness","Dagger Throw","Bane+1","PiercingWail","Dagger Throw+1","Clumsy","Catalyst","Footwork","Tactician","Prepared+1","Backflip+1"],"max_hp_per_floor":[70,70,70,70,70,70,70,70,70,80,80,80,80,80,80,80,80,80,80,80,80,80,80,80,80,87,87,87,87,87,87,87,87,87,87,87,87,87,87,87,87,87,87,87,87,87,87,87,87,87],"relics":["Ring of the Snake","Peace Pipe","Unceasing Top","Pear","Sozu","Paper Crane","Bag of Marbles","Strawberry","Cursed Key","Bird Faced Urn","Dead Branch"],"card_choices":[{"not_picked":["Sucker Punch","Dagger Spray"],"picked":"Crippling Poison","floor":1},{"not_picked":["Quick Slash","Acrobatics"],"picked":"Dagger Throw","floor":2},{"not_picked":["Malaise","Escape Plan"],"picked":"Bouncing Flask","floor":4},{"not_picked":["Dagger Spray","Riddle With Holes"],"picked":"Well Laid Plans","floor":7},{"not_picked":["Predator","Blade Dance"],"picked":"PiercingWail","floor":10},{"not_picked":["Choke","PiercingWail"],"picked":"Bane","floor":11},{"not_picked":["Terror","Calculated Gamble"],"picked":"After Image","floor":14},{"not_picked":["Doppelganger","Wraith Form"],"picked":"Corpse Explosion","floor":16},{"not_picked":["Deadly Poison","Acrobatics"],"picked":"Noxious Fumes","floor":18},{"not_picked":["Prepared","Finisher"],"picked":"Heel Hook","floor":22},{"not_picked":["Dagger Throw","Backflip"],"picked":"Deadly Poison","floor":25},{"not_picked":["Infinite Blades","Finisher"],"picked":"Poisoned Stab","floor":27},{"not_picked":["Skewer","Underhanded Strike"],"picked":"Bouncing Flask","floor":28},{"not_picked":["Slice","Poisoned Stab"],"picked":"Endless Agony","floor":29},{"not_picked":["A Thousand Cuts","Riddle With Holes"],"picked":"Footwork","floor":31},{"not_picked":["Glass Knife","Die Die Die"],"picked":"Adrenaline","floor":33},{"not_picked":["Prepared","Dagger Spray"],"picked":"Outmaneuver","floor":35},{"not_picked":["Dagger Spray","Backflip"],"picked":"Dagger Throw","floor":38},{"not_picked":["Distraction","Flying Knee"],"picked":"Bane","floor":39},{"not_picked":["Outmaneuver","Doppelganger"],"picked":"PiercingWail","floor":40},{"not_picked":["All Out Attack","Sucker Punch"],"picked":"Dagger Throw","floor":42},{"not_picked":["Dagger Throw","Dodge and Roll"],"picked":"Catalyst","floor":44},{"not_picked":["Finisher","Expertise"],"picked":"Footwork","floor":45},{"not_picked":["Footwork","Quick Slash"],"picked":"Tactician","floor":46},{"not_picked":["Dagger Spray","Well Laid Plans"],"picked":"Prepared","floor":47},{"not_picked":["Deflect","Sucker Punch"],"picked":"Backflip","floor":48}],"player_experience":64721,"potions_floor_usage":[16,50,50],"damage_taken":[{"damage":1,"enemies":"Jaw Worm","floor":1,"turns":7},{"damage":4,"enemies":"Cultist","floor":2,"turns":5},{"damage":0,"enemies":"2 Louse","floor":4,"turns":3},{"damage":15,"enemies":"Gremlin Nob","floor":7,"turns":4},{"damage":24,"enemies":"3 Sentries","floor":10,"turns":8},{"damage":9,"enemies":"Lots of Slimes","floor":11,"turns":5},{"damage":5,"enemies":"3 Louse","floor":14,"turns":3},{"damage":0,"enemies":"Hexaghost","floor":16,"turns":9},{"damage":27,"enemies":"3 Byrds","floor":18,"turns":6},{"damage":5,"enemies":"2 Thieves","floor":22,"turns":4},{"damage":3,"enemies":"Chosen and Byrds","floor":24,"turns":5},{"damage":10,"enemies":"Gremlin Leader","floor":25,"turns":6},{"damage":2,"enemies":"Snake Plant","floor":27,"turns":4},{"damage":8,"enemies":"Sentry and Sphere","floor":28,"turns":4},{"damage":21,"enemies":"3 Cultists","floor":29,"turns":6},{"damage":13,"enemies":"Centurion and Healer","floor":31,"turns":6},{"damage":27,"enemies":"Collector","floor":33,"turns":8},{"damage":0,"enemies":"Orb Walker","floor":35,"turns":3},{"damage":6,"enemies":"3 Darklings","floor":38,"turns":5},{"damage":4,"enemies":"Maw","floor":39,"turns":7},{"damage":38,"enemies":"2 Orb Walkers","floor":40,"turns":6},{"damage":38,"enemies":"4 Shapes","floor":42,"turns":9},{"damage":3,"enemies":"3 Darklings","floor":44,"turns":5},{"damage":7,"enemies":"Sphere and 2 Shapes","floor":45,"turns":3},{"damage":0,"enemies":"Maw","floor":46,"turns":5},{"damage":12,"enemies":"3 Darklings","floor":47,"turns":4},{"damage":4,"enemies":"Sphere and 2 Shapes","floor":48,"turns":4},{"damage":78,"enemies":"Awakened One","floor":50,"turns":14}],"event_choices":[{"event_name":"Bonfire Elementals","player_choice":"BASIC","floor":3,"damage_taken":0},{"event_name":"The Lab","player_choice":"Got Potions","floor":12,"damage_taken":0},{"event_name":"Drug Dealer","player_choice":"Ignored","floor":19,"damage_taken":0},{"event_name":"Back to Basics","player_choice":"Elegance","floor":20,"damage_taken":0},{"event_name":"Wheel of Change","player_choice":"Gold","floor":30,"damage_taken":0},{"event_name":"Winding Halls","player_choice":"Embrace Madness","floor":36,"damage_taken":0},{"event_name":"Tomb of Lord Red Mask","player_choice":"Ignored","floor":37,"damage_taken":0}],"boss_relics":[{"not_picked":["Runic Dome","Orrery"],"picked":"Sozu"},{"not_picked":["Velvet Choker","White Beast Statue"],"picked":"Cursed Key"}],"potions_floor_spawned":[4,7,11,14,18,25,27,33,35,39,40,45,46],"seed_played":"-5536137858218196906","ascension_level":0,"is_trial":false}