{"gold_per_floor":[116,126,201,213,138,138,168,168,221,221,254,266,278,313,313,313],"floor_reached":16,"playtime":976,"items_purged":["Strike_R"],"score":198,"play_id":"13ed2f2e-d40d-4fe5-87d4-597ff2daca0d","local_time":"20190203144247","is_ascension_mode":true,"campfire_choices":[{"data":"Armaments","floor":6,"key":"SMITH"},{"data":"Fire Breathing","floor":8,"key":"SMITH"},{"data":"Bash","floor":10,"key":"SMITH"},{"floor":15,"key":"REST"}],"neow_cost":"NONE","seed_source_timestamp":502320202512290,"circlet_count":0,"master_deck":["AscendersBane","Strike_R","Strike_R","Strike_R","Strike_R","Defend_R","Defend_R","Defend_R","Defend_R","Bash+1","Fire Breathing+1","Armaments+1","Pommel Strike","Shrug It Off","Headbutt","Iron Wave","Uppercut","Rupture"],"relics":["Burning Blood","NeowsBlessing","Bag of Preparation","Blood Vial","PreservedInsect","Smiling Mask"],"potions_floor_usage":[11,12,16],"damage_taken":[{"damage":0,"enemies":"Cultist","floor":1,"turns":1},{"damage":0,"enemies":"2 Louse","floor":2,"turns":1},{"damage":0,"enemies":"Small Slimes","floor":4,"turns":1},{"damage":36,"enemies":"3 Sentries","floor":7,"turns":12},{"damage":24,"enemies":"Lagavulin","floor":11,"turns":6},{"damage":3,"enemies":"3 Louse","floor":12,"turns":3},{"damage":11,"enemies":"Blue Slaver","floor":13,"turns":3},{"damage":15,"enemies":"3 Sentries","floor":14,"turns":6},{"damage":73,"enemies":"Slime Boss","floor":16,"turns":10}],"seed_played":"6180581608057075405","potions_obtained":[{"floor":1,"key":"LiquidBronze"},{"floor":4,"key":"Energy Potion"},{"floor":7,"key":"Block Potion"},{"floor":11,"key":"Regen Potion"}],"is_trial":false,"path_per_floor":["M","M","?","M","$","R","E","R","T","R","E","M","M","E","R","B"],"character_chosen":"IRONCLAD","items_purchased":[],"campfire_rested":1,"item_purchase_floors":[],"current_hp_per_floor":[78,80,72,78,78,78,48,48,48,48,32,37,34,27,51,0],"gold":313,"neow_bonus":"THREE_ENEMY_KILL","is_prod":false,"is_daily":false,"chose_seed":false,"campfire_upgraded":3,"win_rate":0,"timestamp":1549226567,"path_taken":["M","?","?","?","?","R","E","R","T","R","E","M","M","E","R","BOSS"],"build_version":"2019-01-23","purchased_purges":1,"victory":false,"max_hp_per_floor":[80,80,80,80,80,80,80,80,80,80,80,80,80,80,80,80],"card_choices":[{"not_picked":["Shockwave","Warcry"],"picked":"Fire Breathing","floor":1},{"not_picked":["Seeing Red","Clothesline"],"picked":"Armaments","floor":2},{"not_picked":["Bloodletting","Anger"],"picked":"Pommel Strike","floor":4},{"not_picked":["Entrench","Clothesline"],"picked":"Shrug It Off","floor":7},{"not_picked":["Wild Strike","Sword Boomerang"],"picked":"Headbutt","floor":11},{"not_picked":["Havoc","True Grit"],"picked":"Iron Wave","floor":12},{"not_picked":["Thunderclap","Perfected Strike"],"picked":"Uppercut","floor":13},{"not_picked":["Hemokinesis","Whirlwind"],"picked":"Rupture","floor":14}],"player_experience":522496,"relics_obtained":[{"floor":7,"key":"Bag of Preparation"},{"floor":9,"key":"Blood Vial"},{"floor":11,"key":"PreservedInsect"},{"floor":14,"key":"Smiling Mask"}],"event_choices":[{"damage_healed":0,"gold_gain":75,"player_choice":"Touch","damage_taken":8,"max_hp_gain":0,"max_hp_loss":0,"event_name":"FaceTrader","floor":3,"gold_loss":0}],"is_beta":false,"boss_relics":[],"items_purged_floors":[5],"is_endless":false,"potions_floor_spawned":[1,4,7,11],"killed_by":"Slime Boss","ascension_level":13}