{"path_per_floor":["M","M","?","M","?","E","$","R","T","$","M","M","M","M","R","B",null],"character_chosen":"IRONCLAD","items_purchased":[],"gold_per_floor":[113,133,133,146,146,179,104,104,104,4,20,33,49,69,69,164,194],"floor_reached":18,"campfire_rested":0,"playtime":1220,"current_hp_per_floor":[80,80,73,63,63,49,49,49,49,49,51,44,38,43,43,15,92],"items_purged":["Strike_R","Armaments"],"gold":194,"play_id":"1ca23b81-0d4b-4933-a4b2-833dbdd5ad30","is_prod":false,"is_daily":false,"campfire_rituals":0,"campfire_upgraded":2,"is_hardmode":false,"path_taken":["M","M","?","M","?","E","$","R","T","$","?","M","?","M","R","BOSS","M"],"build_version":"2018-01-18-PROD4","purchased_purges":2,"victory":false,"master_deck":["Strike_R","Strike_R","Defend_R","Defend_R","Defend_R","Bash","Twin Strike","True Grit","Body Slam","Sentinel","Ghostly Armor","Dropkick","Berserk"],"max_hp_per_floor":[80,80,80,80,80,87,87,87,87,87,87,87,87,87,87,87,92],"relics":["Burning Blood","Strawberry","Gambling Chip","Tiny House"],"campfire_meditates":0,"card_choices":[{"not_picked":["Entrench","Bloodletting"],"picked":"Twin Strike"},{"not_picked":["Twin Strike","Flex"],"picked":"Armaments"},{"not_picked":["Limit Break","Seeing Red"],"picked":"True Grit"},{"not_picked":["Rupture","Shrug It Off"],"picked":"Body Slam"},{"not_picked":["Clothesline","Heavy Blade"],"picked":"Sentinel"},{"not_picked":["Dropkick","Cleave"],"picked":"Ghostly Armor"},{"not_picked":["True Grit","Cleave"],"picked":"Dropkick"},{"not_picked":["Dark Embrace","Exhume"],"picked":"Berserk"}],"player_experience":168900,"potions_floor_usage":[],"damage_taken":[{"damage":6.0,"enemies":"Cultist","floor":1.0,"turns":4.0},{"damage":0.0,"enemies":"2 Louse","floor":2.0,"turns":2.0},{"damage":16.0,"enemies":"Blue Slaver","floor":4.0,"turns":4.0},{"damage":27.0,"enemies":"Gremlin Nob","floor":6.0,"turns":4.0},{"damage":4.0,"enemies":"Looter","floor":11.0,"turns":4.0},{"damage":13.0,"enemies":"Exordium Thugs","floor":12.0,"turns":5.0},{"damage":12.0,"enemies":"Red Slaver","floor":13.0,"turns":4.0},{"damage":1.0,"enemies":"Looter","floor":14.0,"turns":2.0},{"damage":34.0,"enemies":"Hexaghost","floor":16.0,"turns":12.0},{"damage":25,"enemies":"Spheric Guardian","floor":18,"turns":6}],"event_choices":[{"event_name":"Golden Wing","player_choice":"Card Removal","floor":3.0,"damage_taken":0.0},{"event_name":"Purifier","player_choice":"One Purge","floor":5.0,"damage_taken":0.0}],"boss_relics":[],"potions_floor_spawned":[1,4,6,16],"seed_played":"-3170147084201617468","killed_by":"Spheric Guardian","is_trial":false}