{"gold_per_floor":[115,132,132,132,146,146,176,176,176,206,206,220,237,251,251,323,323,343,343,343,83,83,83,83],"floor_reached":24,"playtime":636,"items_purged":[],"score":408,"play_id":"72719859-98ae-4466-abe9-2216488cf884","local_time":"20181210003307","is_ascension_mode":true,"campfire_choices":[{"data":"Body Slam","floor":6,"key":"SMITH"},{"data":"Hemokinesis","floor":8,"key":"SMITH"},{"floor":11,"key":"REST"},{"floor":15,"key":"REST"},{"data":"Reaper","floor":23,"key":"SMITH"}],"neow_cost":"NONE","seed_source_timestamp":212813324367162,"circlet_count":0,"master_deck":["AscendersBane","Strike_R","Strike_R","Strike_R","Strike_R","Strike_R","Defend_R","Defend_R","Defend_R","Bash+1","Headbutt","Shrug It Off","Body Slam+1","Hemokinesis+1","Reaper+1","Havoc","Flame Barrier","Inflame","Offering","Uppercut","Shrug It Off","True Grit","Discovery","Decay"],"relics":["Burning Blood","NeowsBlessing","Darkstone Periapt","Mercury Hourglass","Paper Frog","Coffee Dripper","Nilry\u0027s Codex"],"potions_floor_usage":[7,16,24,24],"damage_taken":[{"damage":0,"enemies":"2 Louse","floor":1,"turns":1},{"damage":0,"enemies":"Cultist","floor":2,"turns":1},{"damage":0,"enemies":"Jaw Worm","floor":5,"turns":1},{"damage":31,"enemies":"Gremlin Nob","floor":7,"turns":4},{"damage":29,"enemies":"3 Sentries","floor":10,"turns":7},{"damage":20,"enemies":"Exordium Thugs","floor":12,"turns":3},{"damage":15,"enemies":"Blue Slaver","floor":13,"turns":2},{"damage":2,"enemies":"2 Fungi Beasts","floor":14,"turns":3},{"damage":45,"enemies":"Hexaghost","floor":16,"turns":8},{"damage":34,"enemies":"2 Thieves","floor":18,"turns":3},{"damage":38,"enemies":"Slavers","floor":24,"turns":4}],"seed_played":"2496728080136635585","potions_obtained":[{"floor":5,"key":"Fire Potion"},{"floor":7,"key":"Swift Potion"},{"floor":12,"key":"FearPotion"},{"floor":16,"key":"EssenceOfSteel"}],"is_trial":false,"path_per_floor":["M","M","?","$","M","R","E","R","T","E","R","M","M","M","R","B",null,"M","?","?","$","?","R","E"],"character_chosen":"IRONCLAD","items_purchased":["Uppercut","Shrug It Off","True Grit","Discovery"],"campfire_rested":2,"item_purchase_floors":[21,21,21,21],"current_hp_per_floor":[74,75,75,75,75,75,50,50,50,27,49,35,26,30,52,20,61,35,35,14,14,20,20,0],"gold":83,"neow_bonus":"THREE_ENEMY_KILL","is_prod":false,"is_daily":false,"chose_seed":false,"campfire_upgraded":3,"win_rate":0,"timestamp":1544427187,"path_taken":["M","M","?","?","M","R","E","R","T","E","R","M","?","M","R","BOSS","M","?","?","$","?","R","E"],"build_version":"2018-12-06","purchased_purges":0,"victory":false,"max_hp_per_floor":[75,75,75,75,75,75,75,75,75,75,75,75,75,75,75,75,75,75,75,75,75,81,81,81],"card_choices":[{"not_picked":["Clothesline","Dual Wield"],"picked":"Headbutt","floor":1},{"not_picked":["Clothesline","Ghostly Armor"],"picked":"Shrug It Off","floor":2},{"not_picked":["Clothesline","Battle Trance"],"picked":"Body Slam","floor":5},{"not_picked":["Warcry","Bloodletting"],"picked":"Hemokinesis","floor":7},{"not_picked":["Blood for Blood","Combust"],"picked":"Reaper","floor":10},{"not_picked":["Pummel","Warcry"],"picked":"Havoc","floor":12},{"not_picked":["Clash","Cleave"],"picked":"Flame Barrier","floor":13},{"not_picked":["Bloodletting","Clash"],"picked":"Inflame","floor":14},{"not_picked":["Juggernaut","Impervious"],"picked":"Offering","floor":16},{"not_picked":["Dropkick","Power Through","Combust"],"picked":"SKIP","floor":18}],"player_experience":576799,"relics_obtained":[{"floor":7,"key":"Darkstone Periapt"},{"floor":9,"key":"Mercury Hourglass"},{"floor":10,"key":"Paper Frog"},{"floor":20,"key":"Nilry\u0027s Codex"}],"event_choices":[{"damage_healed":0,"gold_gain":0,"player_choice":"Upgraded","damage_taken":0,"max_hp_gain":0,"max_hp_loss":0,"event_name":"Upgrade Shrine","floor":3,"gold_loss":0,"cards_upgraded":["Bash"]},{"cards_removed":["Defend_R"],"damage_healed":0,"gold_gain":0,"player_choice":"Elegance","damage_taken":0,"max_hp_gain":0,"max_hp_loss":0,"event_name":"Back to Basics","floor":19,"gold_loss":0},{"damage_healed":0,"gold_gain":0,"player_choice":"Obtained Book","damage_taken":21,"max_hp_gain":0,"max_hp_loss":0,"event_name":"Cursed Tome","floor":20,"gold_loss":0},{"damage_healed":0,"gold_gain":0,"player_choice":"Smashed Altar","damage_taken":0,"max_hp_gain":0,"max_hp_loss":0,"event_name":"Forgotten Altar","floor":22,"gold_loss":0,"cards_obtained":["Decay"]}],"is_beta":false,"boss_relics":[{"not_picked":["Runic Cube","Tiny House"],"picked":"Coffee Dripper"}],"items_purged_floors":[],"is_endless":false,"potions_floor_spawned":[5,7,12,16],"killed_by":"Slavers","ascension_level":20}