{"gold_per_floor":[118,136,136,30,45,45,70,45,97,132,150,161,161,172,172,246,246,246,30,30,5,5,5,5,5],"floor_reached":25,"playtime":971,"items_purged":[],"score":566,"play_id":"9b4f62a0-7f57-4a57-aabe-418f026f57f8","local_time":"20190107120736","is_ascension_mode":true,"campfire_choices":[{"data":"Zap","floor":6,"key":"SMITH"},{"floor":13,"key":"REST"},{"floor":15,"key":"REST"},{"data":"Buffer","floor":23,"key":"SMITH"}],"neow_cost":"CURSE","seed_source_timestamp":8907224768474,"circlet_count":0,"master_deck":["AscendersBane","Strike_B","Strike_B+1","Strike_B","Strike_B+1","Defend_B","Defend_B","Defend_B","Defend_B","Zap+1","Dualcast","Master of Strategy","The Bomb","Writhe","FTL","Go for the Eyes","Bandage Up","Auto Shields","Buffer","Stack","Self Repair","Conserve Battery","Buffer+1","Panache","Hologram","Redo+1"],"relics":["Cracked Core","Singing Bowl","StoneCalendar","PreservedInsect","Pear","Ectoplasm","Whetstone"],"potions_floor_usage":[7,11,12,22,24],"damage_taken":[{"damage":2,"enemies":"Cultist","floor":1,"turns":4},{"damage":11,"enemies":"Small Slimes","floor":2,"turns":4},{"damage":15,"enemies":"2 Louse","floor":5,"turns":3},{"damage":25,"enemies":"Lagavulin","floor":7,"turns":6},{"damage":15,"enemies":"3 Sentries","floor":10,"turns":3},{"damage":0,"enemies":"2 Fungi Beasts","floor":11,"turns":3},{"damage":26,"enemies":"Large Slime","floor":12,"turns":5},{"damage":34,"enemies":"Gremlin Gang","floor":14,"turns":3},{"damage":0,"enemies":"Slime Boss","floor":16,"turns":9},{"damage":12,"enemies":"Chosen","floor":18,"turns":6},{"damage":19,"enemies":"Shell Parasite","floor":20,"turns":7},{"damage":0,"enemies":"Centurion and Healer","floor":22,"turns":1},{"damage":63,"enemies":"Book of Stabbing","floor":24,"turns":7},{"damage":39,"enemies":"3 Cultists","floor":25,"turns":5}],"seed_played":"2702602776922179226","potions_obtained":[{"floor":2,"key":"Energy Potion"},{"floor":10,"key":"Regen Potion"},{"floor":11,"key":"Strength Potion"},{"floor":16,"key":"SteroidPotion"},{"floor":18,"key":"SkillPotion"},{"floor":20,"key":"SmokeBomb"}],"is_trial":false,"path_per_floor":["M","M","T","$","M","R","E","$","T","E","M","M","R","M","R","B",null,"M","$","M","$","M","R","E","M"],"character_chosen":"DEFECT","items_purchased":["Bandage Up","Stack","Panache","Hologram"],"campfire_rested":2,"item_purchase_floors":[4,8,19,21],"current_hp_per_floor":[62,51,51,51,40,40,19,19,19,20,33,20,45,15,40,51,77,78,78,72,72,83,83,31,0],"gold":5,"neow_bonus":"RANDOM_COLORLESS_2","is_prod":false,"is_daily":false,"chose_seed":false,"campfire_upgraded":2,"win_rate":0,"timestamp":1546823256,"path_taken":["M","M","?","?","M","R","E","$","T","E","M","?","R","M","R","BOSS","M","?","M","$","M","R","E","M"],"build_version":"2018-11-15","purchased_purges":0,"victory":false,"max_hp_per_floor":[71,71,71,71,71,71,71,71,71,83,83,85,85,85,85,85,85,87,87,89,89,89,89,89,89],"card_choices":[{"not_picked":["Barrage","Tempest"],"picked":"FTL","floor":1},{"not_picked":["Steam","Leap"],"picked":"Go for the Eyes","floor":2},{"not_picked":["Tempest","Lockon"],"picked":"Auto Shields","floor":5},{"not_picked":["Hologram","Creative AI"],"picked":"Buffer","floor":7},{"not_picked":["Streamline","Coolheaded","Redo"],"picked":"Singing Bowl","floor":10},{"not_picked":["Ball Lightning","Coolheaded"],"picked":"Self Repair","floor":11},{"not_picked":["All For One","Hologram","Barrage"],"picked":"Singing Bowl","floor":12},{"not_picked":["Ball Lightning","Compile Driver"],"picked":"Conserve Battery","floor":14},{"not_picked":["Thunder Strike","Multi-Cast"],"picked":"Buffer","floor":16},{"not_picked":["Auto Shields","Consume","Go for the Eyes"],"picked":"Singing Bowl","floor":18},{"not_picked":["Leap","Steam","Turbo"],"picked":"Singing Bowl","floor":20},{"not_picked":["Auto Shields","Ball Lightning+1"],"picked":"Redo+1","floor":24}],"player_experience":1012797,"relics_obtained":[{"floor":3,"key":"Singing Bowl"},{"floor":7,"key":"StoneCalendar"},{"floor":9,"key":"PreservedInsect"},{"floor":10,"key":"Pear"},{"floor":24,"key":"Whetstone"}],"event_choices":[],"is_beta":true,"boss_relics":[{"not_picked":["Philosopher\u0027s Stone","Inserter"],"picked":"Ectoplasm"}],"items_purged_floors":[],"is_endless":false,"potions_floor_spawned":[2,10,11,16,18,20,22],"killed_by":"3 Cultists","ascension_level":20}