{"gold_per_floor":[217,229,247,45,120,149,149,149,176,176,176,176,189,221,221,317,317,336,336,4,4,15,15,32,32,59,76,1,1,64,81,81,177,177,191,191,191,191,191,191,291,291,291,309,322,338,350,31,31,31],"floor_reached":50,"playtime":2800,"items_purged":["Defend_B","Strike_B"],"score":616,"play_id":"1c88f919-ef12-4bee-8c2f-9c6f18a1bf75","local_time":"20190130175641","is_ascension_mode":true,"campfire_choices":[{"data":"Zap","floor":7,"key":"SMITH"},{"data":"Leap","floor":12,"key":"SMITH"},{"data":"Beam Cell","floor":15,"key":"SMITH"},{"floor":29,"key":"REST"},{"floor":32,"key":"REST"},{"floor":40,"key":"RECALL"},{"data":"Seek","floor":42,"key":"SMITH"},{"floor":49,"key":"REST"}],"neow_cost":"NONE","seed_source_timestamp":33531294281738,"circlet_count":0,"master_deck":["Strike_B+1","Defend_B+1","Defend_B","Defend_B","Zap+1","Dualcast","Compile Driver","Capacitor","Self Repair","Ball Lightning","Leap+1","Beam Cell+1","Fusion","Creative AI","Turbo+1","Defragment","Steam","Coolheaded","BootSequence","Coolheaded+1","Coolheaded","Steam+1","Seek+1","Dark Shackles","Conserve Battery+1","Barrage+1","Glacier"],"relics":["Cracked Core","PreservedInsect","Bag of Preparation","Pantograph","Nuclear Battery","Lee\u0027s Waffle","Juzu Bracelet","Tiny Chest","Runic Pyramid","Regal Pillow","Girya","Centennial Puzzle","DataDisk"],"potions_floor_usage":[2,6,30,50,50,50],"damage_taken":[{"damage":0,"enemies":"Cultist","floor":1,"turns":3},{"damage":0,"enemies":"Jaw Worm","floor":2,"turns":3},{"damage":0,"enemies":"2 Louse","floor":3,"turns":3},{"damage":35,"enemies":"Lagavulin","floor":6,"turns":5},{"damage":0,"enemies":"Large Slime","floor":13,"turns":4},{"damage":0,"enemies":"Gremlin Nob","floor":14,"turns":2},{"damage":52,"enemies":"Slime Boss","floor":16,"turns":9},{"damage":22,"enemies":"Shell Parasite","floor":18,"turns":5},{"damage":25,"enemies":"2 Thieves","floor":22,"turns":5},{"damage":27,"enemies":"Shelled Parasite and Fungi","floor":24,"turns":8},{"damage":24,"enemies":"3 Cultists","floor":27,"turns":7},{"damage":29,"enemies":"Gremlin Leader","floor":30,"turns":5},{"damage":17,"enemies":"Cultist and Chosen","floor":31,"turns":8},{"damage":38,"enemies":"Collector","floor":33,"turns":12},{"damage":53,"enemies":"3 Darklings","floor":35,"turns":6},{"damage":4,"enemies":"Mind Bloom Boss Battle","floor":41,"turns":9},{"damage":14,"enemies":"3 Shapes","floor":44,"turns":6},{"damage":12,"enemies":"3 Darklings","floor":45,"turns":7},{"damage":7,"enemies":"4 Shapes","floor":46,"turns":6},{"damage":26,"enemies":"Transient","floor":47,"turns":5},{"damage":85,"enemies":"Awakened One","floor":50,"turns":21}],"seed_played":"-4749402396047988894","potions_obtained":[{"floor":1,"key":"SkillPotion"},{"floor":3,"key":"AttackPotion"},{"floor":13,"key":"FearPotion"},{"floor":14,"key":"FearPotion"},{"floor":27,"key":"PowerPotion"},{"floor":31,"key":"Strength Potion"},{"floor":41,"key":"LiquidBronze"},{"floor":44,"key":"FocusPotion"}],"is_trial":false,"path_per_floor":["M","M","M","$","?","E","R","?","T","?","?","R","M","E","R","B",null,"M","?","$","?","M","?","M","?","T","M","$","R","E","M","R","B",null,"M","?","?","?","T","R","?","R","T","M","M","M","M","$","R","B"],"character_chosen":"DEFECT","items_purchased":["PreservedInsect","Ball Lightning","Lee\u0027s Waffle","Defragment","Steam","Coolheaded","DataDisk","Glacier"],"campfire_rested":3,"item_purchase_floors":[4,4,20,20,20,20,48,48],"current_hp_per_floor":[75,75,75,75,64,36,36,29,29,54,39,39,46,46,46,26,63,48,48,82,82,64,64,44,44,44,27,27,51,29,19,43,37,71,25,25,25,72,72,72,72,72,72,65,60,60,41,41,72,0],"gold":31,"neow_bonus":"HUNDRED_GOLD","is_prod":false,"is_daily":false,"chose_seed":false,"campfire_upgraded":4,"win_rate":0,"timestamp":1548867401,"path_taken":["M","M","M","$","?","E","R","?","T","?","?","R","M","E","R","BOSS","M","?","$","?","M","?","M","?","T","M","?","R","E","M","R","BOSS","M","?","?","?","?","R","?","R","T","M","M","M","M","$","R","BOSS"],"build_version":"2019-01-23","purchased_purges":2,"victory":false,"max_hp_per_floor":[75,75,75,75,75,75,75,75,75,75,75,75,75,75,75,75,75,75,75,82,82,82,82,82,82,82,82,82,82,82,82,82,82,82,82,82,82,72,72,72,72,72,72,72,72,72,72,72,72,72],"card_choices":[{"not_picked":["Fusion","Chill"],"picked":"Compile Driver","floor":1},{"not_picked":["Genetic Algorithm","White Noise"],"picked":"Capacitor","floor":2},{"not_picked":["Recycle","Turbo"],"picked":"Self Repair","floor":3},{"not_picked":["Undo","Gash"],"picked":"Leap","floor":6},{"not_picked":["Streamline","Chaos"],"picked":"Beam Cell","floor":13},{"not_picked":["Chill","Blizzard"],"picked":"Fusion","floor":14},{"not_picked":["All For One","Thunder Strike"],"picked":"Creative AI","floor":16},{"not_picked":["Tempest","Beam Cell+1"],"picked":"Turbo+1","floor":18},{"not_picked":["Darkness","Doom and Gloom"],"picked":"Coolheaded+1","floor":22},{"not_picked":["Steam Power+1","Barrage","Recycle"],"picked":"SKIP","floor":24},{"not_picked":["Rebound","Cold Snap"],"picked":"Coolheaded","floor":27},{"not_picked":["Force Field","Compile Driver"],"picked":"Steam+1","floor":30},{"not_picked":["Steam","Redo","Coolheaded"],"picked":"SKIP","floor":31},{"not_picked":["Fission","Rainbow"],"picked":"Seek","floor":33},{"not_picked":["Cold Snap","Barrage","Go for the Eyes"],"picked":"SKIP","floor":35},{"not_picked":["Discovery","Impatience"],"picked":"Dark Shackles","floor":37},{"not_picked":["Rebound","Turbo"],"picked":"Conserve Battery+1","floor":41},{"not_picked":["Lockon+1","Turbo","Recycle"],"picked":"SKIP","floor":44},{"not_picked":["Skim+1","Tempest","Streamline+1"],"picked":"SKIP","floor":45},{"not_picked":["Rip and Tear+1","Scrape"],"picked":"Barrage+1","floor":46},{"not_picked":["Sweeping Beam+1","Machine Learning","Redo+1"],"picked":"SKIP","floor":47}],"player_experience":219347,"relics_obtained":[{"floor":6,"key":"Bag of Preparation"},{"floor":14,"key":"Pantograph"},{"floor":26,"key":"Juzu Bracelet"},{"floor":30,"key":"Tiny Chest"},{"floor":39,"key":"Regal Pillow"},{"floor":41,"key":"Girya"},{"floor":43,"key":"Centennial Puzzle"}],"event_choices":[{"damage_healed":0,"gold_gain":75,"player_choice":"Gather Gold","damage_taken":11,"max_hp_gain":0,"max_hp_loss":0,"event_name":"World of Goop","floor":5,"gold_loss":0},{"cards_removed":["Strike_B"],"damage_healed":0,"gold_gain":0,"player_choice":"Card Removal","damage_taken":7,"max_hp_gain":0,"max_hp_loss":0,"event_name":"Golden Wing","floor":8,"gold_loss":0},{"damage_healed":25,"gold_gain":0,"player_choice":"Banana","damage_taken":0,"max_hp_gain":0,"max_hp_loss":0,"event_name":"Big Fish","floor":10,"gold_loss":0},{"damage_healed":0,"gold_gain":0,"player_choice":"Entered Light","damage_taken":15,"max_hp_gain":0,"max_hp_loss":0,"event_name":"Shining Light","floor":11,"gold_loss":0,"cards_upgraded":["Strike_B","Defend_B"]},{"damage_healed":0,"gold_gain":0,"player_choice":"Ignored","damage_taken":0,"max_hp_gain":0,"max_hp_loss":0,"event_name":"Vampires","floor":19,"gold_loss":0},{"damage_healed":0,"gold_gain":0,"player_choice":"Read","damage_taken":0,"max_hp_gain":0,"max_hp_loss":0,"event_name":"The Library","floor":21,"gold_loss":0,"cards_obtained":["BootSequence"]},{"damage_healed":0,"gold_gain":0,"player_choice":"Ignored","damage_taken":0,"max_hp_gain":0,"max_hp_loss":0,"event_name":"Ghosts","floor":23,"gold_loss":0},{"cards_removed":["Strike_B"],"damage_healed":0,"gold_gain":0,"player_choice":"Elegance","damage_taken":0,"max_hp_gain":0,"max_hp_loss":0,"event_name":"Back to Basics","floor":25,"gold_loss":0},{"damage_healed":0,"gold_gain":0,"player_choice":"Ignored","damage_taken":0,"max_hp_gain":0,"max_hp_loss":0,"event_name":"Tomb of Lord Red Mask","floor":36,"gold_loss":0},{"damage_healed":0,"gold_gain":0,"player_choice":"Memory 1","damage_taken":0,"max_hp_gain":0,"max_hp_loss":0,"event_name":"SensoryStone","floor":37,"gold_loss":0},{"damage_healed":72,"gold_gain":0,"player_choice":"Heal","damage_taken":0,"max_hp_gain":0,"max_hp_loss":10,"event_name":"The Moai Head","floor":38,"gold_loss":0},{"damage_healed":0,"gold_gain":0,"player_choice":"Fight","damage_taken":0,"max_hp_gain":0,"max_hp_loss":0,"event_name":"MindBloom","floor":41,"gold_loss":0}],"is_beta":true,"boss_relics":[{"not_picked":["FrozenCore","Calling Bell"],"picked":"Nuclear Battery"},{"not_picked":["Runic Dome","Empty Cage"],"picked":"Runic Pyramid"}],"items_purged_floors":[28,48],"is_endless":false,"potions_floor_spawned":[1,3,13,14,27,31,41,44,46],"killed_by":"Awakened One","ascension_level":5}