{"gold_per_floor":[115,290,317,317,317,317,351,351,351,374,395,420,443,463,463,583,583,599,1,16,39,39,79,79,110,134,152,165,165,165,200,200,329,329,353,353,84,3,17,17,51,51,75,75,96,120,120,144,144,144,144,144,1,41,41],"floor_reached":56,"playtime":3217,"items_purged":["Doubt"],"score":1367,"play_id":"a9469a29-59e8-4b83-9e4b-65ee20ec2ce8","local_time":"20181211004529","is_ascension_mode":true,"campfire_choices":[{"floor":6.0,"key":"RECALL"},{"data":"Infinite Blades","floor":8.0,"key":"SMITH"},{"data":"Finisher","floor":15.0,"key":"SMITH"},{"data":"After Image","floor":24.0,"key":"SMITH"},{"data":"Finisher","floor":29.0,"key":"SMITH"},{"floor":32.0,"key":"REST"},{"data":"Accuracy","floor":40.0,"key":"SMITH"},{"data":"Blade Dance","floor":47.0,"key":"SMITH"},{"floor":49.0,"key":"REST"},{"data":"Infernal Blade","floor":52.0,"key":"SMITH"}],"neow_cost":"NONE","seed_source_timestamp":262724968169836,"circlet_count":0,"master_deck":["Defend_G","Defend_G","Defend_G","Defend_G","Defend_G","Strike_G","Strike_G","Strike_G","Strike_G","Strike_G","Survivor","Neutralize","Infinite Blades+1","Finisher+1","Dagger Throw+1","Dash","Blur","Backstab+1","After Image+1","Blade Dance+1","Slice","Sentinel+1","Infernal Blade+1","Echo Form","Finisher+1","Iron Wave","Dagger Throw","Feel No Pain","Gash+1","Accuracy+1","Discovery","PanicButton","Accuracy+1","Discovery","Go for the Eyes+1","True Grit+1","Impatience","Cloak And Dagger+1","Good Instincts","Slice","Transmutation"],"special_seed":0,"relics":["Ring of the Snake","NeowsBlessing","Dream Catcher","Golden Idol","Ninja Scroll","Ornamental Fan","Philosopher\u0027s Stone","Vajra","PrismaticShard","Blood Vial","Paper Crane","Omamori","Centennial Puzzle","Nilry\u0027s Codex","Letter Opener","WristBlade","Bag of Marbles","Whetstone","Anchor","Incense Burner"],"potions_floor_usage":[55],"damage_taken":[{"damage":0.0,"enemies":"2 Louse","floor":1.0,"turns":1.0},{"damage":0.0,"enemies":"Gremlin Nob","floor":7.0,"turns":1.0},{"damage":0.0,"enemies":"Jaw Worm","floor":10.0,"turns":1.0},{"damage":0.0,"enemies":"Small Slimes","floor":11.0,"turns":2.0},{"damage":2.0,"enemies":"2 Fungi Beasts","floor":12.0,"turns":2.0},{"damage":0.0,"enemies":"Exordium Thugs","floor":13.0,"turns":4.0},{"damage":0.0,"enemies":"Exordium Wildlife","floor":14.0,"turns":2.0},{"damage":22.0,"enemies":"Slime Boss","floor":16.0,"turns":12.0},{"damage":12.0,"enemies":"Spheric Guardian","floor":18.0,"turns":4.0},{"damage":0.0,"enemies":"3 Byrds","floor":20.0,"turns":4.0},{"damage":0.0,"enemies":"Snecko","floor":21.0,"turns":4.0},{"damage":3.0,"enemies":"Slavers","floor":23.0,"turns":6.0},{"damage":19.0,"enemies":"Gremlin Leader","floor":25.0,"turns":6.0},{"damage":0.0,"enemies":"Chosen and Byrds","floor":27.0,"turns":4.0},{"damage":1.0,"enemies":"Shelled Parasite and Fungi","floor":28.0,"turns":2.0},{"damage":6.0,"enemies":"Book of Stabbing","floor":31.0,"turns":3.0},{"damage":39.0,"enemies":"Collector","floor":33.0,"turns":9.0},{"damage":0.0,"enemies":"3 Shapes","floor":35.0,"turns":2.0},{"damage":0.0,"enemies":"Orb Walker","floor":39.0,"turns":1.0},{"damage":17.0,"enemies":"Reptomancer","floor":41.0,"turns":5.0},{"damage":0.0,"enemies":"3 Darklings","floor":45.0,"turns":2.0},{"damage":0.0,"enemies":"Maw","floor":46.0,"turns":5.0},{"damage":0.0,"enemies":"Spire Growth","floor":48.0,"turns":2.0},{"damage":73.0,"enemies":"Time Eater","floor":50.0,"turns":7.0},{"damage":0.0,"enemies":"Shield and Spear","floor":54.0,"turns":4.0},{"damage":65,"enemies":"The Heart","floor":55,"turns":8}],"seed_played":"3309248058069047083","potions_obtained":[{"floor":7.0,"key":"AttackPotion"},{"floor":10.0,"key":"Ancient Potion"},{"floor":12.0,"key":"Dexterity Potion"},{"floor":14.0,"key":"PowerPotion"},{"floor":18.0,"key":"Fire Potion"},{"floor":27.0,"key":"Strength Potion"},{"floor":33.0,"key":"Energy Potion"},{"floor":39.0,"key":"PowerPotion"},{"floor":46.0,"key":"LiquidBronze"}],"is_trial":false,"path_per_floor":["M","?","T","?","?","R","E","R","T","M","M","M","M","M","R","B",null,"M","$","M","M","?","E","R","E","T","M","M","R","?","E","R","B",null,"M","?","$","$","M","R","E","?","T","?","M","M","R","M","R","B",null,"R","$","E","B",null],"character_chosen":"THE_SILENT","items_purchased":["Vajra","PrismaticShard","Blood Vial","Slice","Accuracy","Bag of Marbles","Discovery","PanicButton","Good Instincts","Slice"],"campfire_rested":2,"item_purchase_floors":[19,19,19,19,37,37,37,38,53,53],"current_hp_per_floor":[70,70,70,53,53,53,53,53,53,53,53,51,51,51,51,29,70,58,58,60,62,62,61,61,44,44,46,47,47,31,27,48,11,70,70,80,80,80,80,80,63,63,63,63,65,67,67,69,80,7,80,80,80,80,15],"gold":41,"neow_bonus":"THREE_ENEMY_KILL","is_prod":false,"is_daily":false,"chose_seed":false,"campfire_upgraded":7,"win_rate":0,"timestamp":1544507129,"path_taken":["M","?","?","?","?","R","E","R","T","M","?","M","M","M","R","BOSS","M","$","M","M","?","E","R","E","T","M","M","R","?","E","R","BOSS","M","?","?","$","M","R","E","?","T","?","M","M","R","M","R","BOSS","R","$","E","BOSS"],"build_version":"2018-12-06","purchased_purges":1,"victory":true,"max_hp_per_floor":[70,70,70,70,70,70,70,70,70,70,70,70,70,70,70,70,70,70,70,70,70,70,70,70,70,70,70,70,70,70,70,70,70,70,70,80,80,80,80,80,80,80,80,80,80,80,80,80,80,80,80,80,80,80,80],"card_choices":[{"not_picked":["Bane","Blur"],"picked":"Slice","floor":1.0},{"not_picked":["Acrobatics","Bane"],"picked":"Infinite Blades","floor":7.0},{"not_picked":["Skewer","Sucker Punch"],"picked":"Finisher","floor":10.0},{"not_picked":["Escape Plan","Flying Knee"],"picked":"Dagger Throw","floor":11.0},{"not_picked":["Escape Plan","Slice"],"picked":"Dash","floor":12.0},{"not_picked":["Malaise","Deadly Poison"],"picked":"Blur","floor":13.0},{"not_picked":["Deadly Poison","Outmaneuver"],"picked":"Backstab","floor":14.0},{"not_picked":["Unload","Die Die Die"],"picked":"After Image","floor":16.0},{"not_picked":["Backflip","Underhanded Strike+1"],"picked":"Blade Dance","floor":18.0},{"not_picked":["Poisoned Stab","Power Through"],"picked":"Sentinel+1","floor":20.0},{"not_picked":["Impatience","Combust+1"],"picked":"Infernal Blade","floor":21.0},{"not_picked":["Flying Knee","Impervious"],"picked":"Echo Form","floor":23.0},{"not_picked":["Dagger Spray","Dual Wield"],"picked":"Clash","floor":25.0},{"not_picked":["Corruption","Flechettes+1"],"picked":"Finisher","floor":27.0},{"not_picked":["Body Slam+1","Aggregate"],"picked":"Iron Wave","floor":28.0},{"not_picked":["BootSequence","Bane"],"picked":"Dagger Throw","floor":31.0},{"not_picked":["Poisoned Stab","Quick Slash"],"picked":"Feel No Pain","floor":32.0},{"not_picked":["Night Terror","Buffer"],"picked":"Adrenaline","floor":33.0},{"not_picked":["Turbo+1","Rebound+1"],"picked":"Gash+1","floor":35.0},{"not_picked":["Backflip","Havoc+1","Reflex"],"picked":"SKIP","floor":39.0},{"not_picked":["Clash+1","Second Wind"],"picked":"Accuracy+1","floor":41.0},{"not_picked":["Panacea","Swift Strike"],"picked":"Discovery","floor":42.0},{"not_picked":["Twin Strike","Acrobatics"],"picked":"Go for the Eyes+1","floor":45.0},{"not_picked":["Thunderclap+1","Thunderclap+1"],"picked":"True Grit+1","floor":46.0},{"not_picked":["Fiend Fire","Leg Sweep"],"picked":"Impatience","floor":48.0},{"not_picked":["Flex+1","Self Repair"],"picked":"Cloak And Dagger+1","floor":49.0},{"not_picked":["Redo","Loop+1"],"picked":"Transmutation","floor":54.0}],"player_experience":181517,"relics_obtained":[{"floor":3.0,"key":"Dream Catcher"},{"floor":7.0,"key":"Ornamental Fan"},{"floor":23.0,"key":"Paper Crane"},{"floor":25.0,"key":"Omamori"},{"floor":26.0,"key":"Centennial Puzzle"},{"floor":30.0,"key":"Nilry\u0027s Codex"},{"floor":31.0,"key":"Letter Opener"},{"floor":41.0,"key":"Whetstone"},{"floor":43.0,"key":"Anchor"},{"floor":54.0,"key":"Incense Burner"}],"event_choices":[{"damage_healed":0.0,"max_hp_gain":0.0,"max_hp_loss":0.0,"gold_gain":175.0,"event_name":"Liars Game","player_choice":"AGREE","floor":2.0,"gold_loss":0.0,"damage_taken":0.0,"cards_obtained":["Doubt"]},{"damage_healed":0.0,"max_hp_gain":0.0,"max_hp_loss":0.0,"gold_gain":0.0,"event_name":"Golden Idol","player_choice":"Take Damage","floor":4.0,"gold_loss":0.0,"damage_taken":17.0,"relics_obtained":["Golden Idol"]},{"cards_removed":["Slice"],"damage_healed":0.0,"max_hp_gain":0.0,"max_hp_loss":0.0,"gold_gain":0.0,"event_name":"WeMeetAgain","player_choice":"Gave Card","floor":5.0,"gold_loss":0.0,"damage_taken":0.0,"relics_obtained":["Ninja Scroll"]},{"damage_healed":0.0,"max_hp_gain":0.0,"max_hp_loss":0.0,"gold_gain":0.0,"event_name":"Beggar","player_choice":"Ignored","floor":22.0,"gold_loss":0.0,"damage_taken":0.0},{"damage_healed":0.0,"max_hp_gain":0.0,"max_hp_loss":0.0,"gold_gain":0.0,"event_name":"Cursed Tome","player_choice":"Obtained Book","floor":30.0,"gold_loss":0.0,"damage_taken":16.0},{"cards_removed":["Adrenaline"],"damage_healed":0.0,"max_hp_gain":10.0,"max_hp_loss":0.0,"gold_gain":0.0,"event_name":"Bonfire Elementals","player_choice":"Offered Rare","floor":36.0,"gold_loss":0.0,"damage_taken":0.0},{"damage_healed":0.0,"max_hp_gain":0.0,"max_hp_loss":0.0,"gold_gain":0.0,"event_name":"SensoryStone","player_choice":"Memory 1","floor":42.0,"gold_loss":0.0,"damage_taken":0.0},{"cards_removed":["Clash"],"damage_healed":0.0,"max_hp_gain":0.0,"max_hp_loss":0.0,"gold_gain":0.0,"event_name":"Falling","player_choice":"Removed Attack","floor":44.0,"gold_loss":0.0,"damage_taken":0.0}],"is_beta":false,"boss_relics":[{"not_picked":["Sozu","Cursed Key"],"picked":"Philosopher\u0027s Stone"},{"not_picked":["Eternal Feather","Astrolabe"],"picked":"WristBlade"}],"items_purged_floors":[19],"is_endless":false,"potions_floor_spawned":[7,10,12,14,18,20,27,28,33,35,39,46],"ascension_level":1}