{"gold_per_floor":[110,130,130,80,100,100,117,148,148,148,148,158,209,209,209,310,310,321,321,321,321,88,88,0,29,29,57,67,67,82,82,82,179,179,194,205,223,235,42,42,368,368,368,368,46,57,82,98,98,98,98,98,31,57,57],"floor_reached":55,"playtime":3291,"items_purged":[],"score":1148,"play_id":"b6a0c0c4-e783-44a3-8246-76442bc8ec8d","local_time":"20190105130538","is_ascension_mode":true,"campfire_choices":[{"data":"Zap","floor":6,"key":"SMITH"},{"data":"Scrape","floor":10,"key":"SMITH"},{"data":"Streamline","floor":15,"key":"SMITH"},{"data":"Chill","floor":23,"key":"SMITH"},{"data":"Fission","floor":29,"key":"SMITH"},{"data":"Seek","floor":32,"key":"SMITH"},{"floor":40,"key":"DIG"},{"floor":42,"key":"DIG"},{"floor":49,"key":"RECALL"},{"floor":52,"key":"DIG"}],"neow_cost":"NONE","seed_source_timestamp":1317480103030494,"circlet_count":0,"master_deck":["Zap+1","Streamline+1","Gash","Gash","Scrape+1","Leap","Self Repair","Fission+1","Seek+1","Loop","Echo Form","Leap","Steam Power","Reboot","Chill+1","Beam Cell+1","Necronomicurse","Ghostly","Ghostly","Ghostly","Ghostly","Ghostly","Finesse","Beam Cell","Heatsinks+1","Cold Snap","Creative AI","Turbo+1","Streamline","Go for the Eyes+1","Double Energy","Rebound+1","Turbo+1","Defragment","Parasite","Gash+1","Streamline","Leap","Reboot"],"relics":["Cracked Core","Bag of Marbles","Cables","Darkstone Periapt","WarpedTongs","Pandora\u0027s Box","Necronomicon","TheAbacus","Orichalcum","Bag of Preparation","Shovel","Fusion Hammer","Medical Kit","PreservedInsect","Old Coin","Blood Vial","Shuriken","Pear","Mummified Hand","Dodecahedron"],"potions_floor_usage":[7,12,16,38,41,55,55,55,55,55,55],"damage_taken":[{"damage":1,"enemies":"2 Louse","floor":1,"turns":2},{"damage":4,"enemies":"Jaw Worm","floor":2,"turns":4},{"damage":3,"enemies":"Small Slimes","floor":5,"turns":2},{"damage":11,"enemies":"Exordium Thugs","floor":7,"turns":4},{"damage":35,"enemies":"3 Sentries","floor":8,"turns":7},{"damage":4,"enemies":"Blue Slaver","floor":12,"turns":2},{"damage":29,"enemies":"The Guardian","floor":16,"turns":7},{"damage":2,"enemies":"3 Byrds","floor":18,"turns":3},{"damage":17,"enemies":"Book of Stabbing","floor":25,"turns":4},{"damage":1,"enemies":"Slavers","floor":27,"turns":5},{"damage":10,"enemies":"2 Thieves","floor":28,"turns":3},{"damage":0,"enemies":"Centurion and Healer","floor":30,"turns":3},{"damage":1,"enemies":"Collector","floor":33,"turns":7},{"damage":1,"enemies":"3 Darklings","floor":35,"turns":4},{"damage":0,"enemies":"3 Shapes","floor":36,"turns":3},{"damage":0,"enemies":"Jaw Worm Horde","floor":37,"turns":3},{"damage":0,"enemies":"Spire Growth","floor":38,"turns":3},{"damage":0,"enemies":"Reptomancer","floor":41,"turns":3},{"damage":0,"enemies":"Maw","floor":46,"turns":4},{"damage":0,"enemies":"Nemesis","floor":47,"turns":5},{"damage":0,"enemies":"Writhing Mass","floor":48,"turns":4},{"damage":10,"enemies":"Donu and Deca","floor":50,"turns":6},{"damage":0,"enemies":"Shield and Spear","floor":54,"turns":4},{"damage":76,"enemies":"The Heart","floor":55,"turns":6}],"seed_played":"6199157322020522390","potions_obtained":[{"floor":5,"key":"Regen Potion"},{"floor":8,"key":"GamblersBrew"},{"floor":12,"key":"PowerPotion"},{"floor":25,"key":"Swift Potion"},{"floor":33,"key":"EntropicBrew"},{"floor":36,"key":"Explosive Potion"},{"floor":38,"key":"EssenceOfSteel"}],"is_trial":false,"path_per_floor":["M","M","?","?","M","R","M","E","T","R","?","M","?","?","R","B",null,"M","?","?","?","$","R","$","E","T","E","M","R","M","?","R","B",null,"M","M","M","M","$","R","E","R","T","?","$","M","E","M","R","B",null,"R","$","E","B"],"character_chosen":"DEFECT","items_purchased":["TheAbacus","Heatsinks","Finesse","Medical Kit","Shuriken","EssenceOfSteel","Streamline","Leap"],"campfire_rested":0,"item_purchase_floors":[22,22,24,39,45,45,53,53],"current_hp_per_floor":[67,63,68,68,65,65,66,31,31,31,37,33,33,33,33,11,67,72,62,62,46,46,46,46,36,36,42,39,39,46,46,46,46,46,46,46,46,46,46,46,46,46,46,46,46,46,56,62,62,59,61,61,61,62,0],"gold":57,"neow_bonus":"RANDOM_COMMON_RELIC","is_prod":false,"is_daily":false,"chose_seed":false,"campfire_upgraded":6,"win_rate":0,"timestamp":1546715138,"path_taken":["M","M","?","?","M","R","M","E","T","R","?","?","?","?","R","BOSS","M","?","?","?","$","R","$","E","T","E","M","R","M","?","R","BOSS","M","M","?","M","?","R","E","R","T","?","$","?","E","M","R","BOSS","R","$","E","BOSS"],"build_version":"2019-01-03v4","purchased_purges":0,"victory":false,"max_hp_per_floor":[75,75,80,80,80,80,80,80,80,80,86,86,86,86,86,86,86,86,92,92,46,46,46,46,46,46,46,46,46,46,46,46,46,46,46,46,46,46,46,46,46,46,46,46,46,46,56,62,62,62,62,62,62,62,62],"card_choices":[{"not_picked":["Stack","Static Discharge"],"picked":"Streamline","floor":1},{"not_picked":["Barrage","Go for the Eyes"],"picked":"Gash","floor":2},{"not_picked":["Barrage","Rebound"],"picked":"Gash","floor":5},{"not_picked":["Stack","Conserve Battery"],"picked":"Scrape","floor":7},{"not_picked":["Sweeping Beam","Barrage"],"picked":"Leap","floor":8},{"not_picked":["Sweeping Beam","Hello World"],"picked":"Self Repair","floor":12},{"not_picked":["Machine Learning","Amplify"],"picked":"Fission","floor":16},{"not_picked":["Streamline","Steam+1"],"picked":"Beam Cell+1","floor":18},{"not_picked":["Conserve Battery","Melter"],"picked":"Beam Cell","floor":25},{"not_picked":["Skim","Coolheaded"],"picked":"Doom and Gloom","floor":27},{"not_picked":["Steam+1","Rebound"],"picked":"Heatsinks+1","floor":28},{"not_picked":["Sunder","Lockon"],"picked":"Cold Snap","floor":30},{"not_picked":["All For One","Core Surge"],"picked":"Creative AI","floor":33},{"not_picked":["Beam Cell","Double Energy"],"picked":"Turbo+1","floor":35},{"not_picked":["Turbo","Beam Cell+1"],"picked":"Streamline","floor":36},{"not_picked":["Cold Snap+1","Barrage"],"picked":"Go for the Eyes+1","floor":37},{"not_picked":["Reprogram","Conserve Battery+1"],"picked":"Double Energy","floor":38},{"not_picked":["Blizzard","Conserve Battery+1"],"picked":"Rebound+1","floor":41},{"not_picked":["Hologram","Ball Lightning+1"],"picked":"Turbo+1","floor":46},{"not_picked":["Sweeping Beam","Redo+1"],"picked":"Defragment","floor":47},{"not_picked":["Steam+1","Rebound"],"picked":"Gash+1","floor":48},{"not_picked":["Defragment","Auto Shields+1"],"picked":"Reboot","floor":54}],"player_experience":378371,"relics_obtained":[{"floor":8,"key":"Cables"},{"floor":9,"key":"Darkstone Periapt"},{"floor":19,"key":"Necronomicon"},{"floor":25,"key":"Orichalcum"},{"floor":26,"key":"Bag of Preparation"},{"floor":27,"key":"Shovel"},{"floor":40,"key":"PreservedInsect"},{"floor":41,"key":"Old Coin"},{"floor":42,"key":"Blood Vial"},{"floor":47,"key":"Pear"},{"floor":52,"key":"Mummified Hand"},{"floor":54,"key":"Dodecahedron"}],"event_choices":[{"damage_healed":0,"gold_gain":0,"player_choice":"Donut","damage_taken":0,"max_hp_gain":5,"max_hp_loss":0,"event_name":"Big Fish","floor":3,"gold_loss":0},{"cards_removed":["Strike_B"],"damage_healed":0,"gold_gain":0,"player_choice":"Card Removal","damage_taken":0,"max_hp_gain":0,"max_hp_loss":0,"event_name":"The Cleric","floor":4,"gold_loss":50},{"damage_healed":0,"gold_gain":0,"player_choice":"Rummage","damage_taken":0,"relics_obtained":["WarpedTongs"],"max_hp_gain":0,"max_hp_loss":0,"event_name":"Accursed Blacksmith","floor":11,"gold_loss":0,"cards_obtained":["Pain"]},{"damage_healed":0,"gold_gain":51,"player_choice":"Gained Gold","damage_taken":0,"max_hp_gain":0,"max_hp_loss":0,"event_name":"Golden Wing","floor":13,"gold_loss":0},{"cards_removed":["Pain"],"damage_healed":0,"gold_gain":0,"player_choice":"Forget","damage_taken":0,"max_hp_gain":0,"max_hp_loss":0,"event_name":"Living Wall","floor":14,"gold_loss":0},{"damage_healed":0,"gold_gain":0,"player_choice":"Obtained Book","damage_taken":16,"max_hp_gain":0,"max_hp_loss":0,"event_name":"Cursed Tome","floor":19,"gold_loss":0},{"cards_removed":["Dualcast"],"damage_healed":0,"gold_gain":0,"player_choice":"Elegance","damage_taken":0,"max_hp_gain":0,"max_hp_loss":0,"event_name":"Back to Basics","floor":20,"gold_loss":0},{"damage_healed":0,"gold_gain":0,"player_choice":"Became a Ghost","damage_taken":0,"max_hp_gain":0,"max_hp_loss":46,"event_name":"Ghosts","floor":21,"gold_loss":0,"cards_obtained":["Ghostly","Ghostly","Ghostly","Ghostly","Ghostly"]},{"cards_removed":["Doom and Gloom"],"damage_healed":0,"gold_gain":0,"player_choice":"Offered Uncommon","damage_taken":0,"max_hp_gain":0,"max_hp_loss":0,"event_name":"Bonfire Elementals","floor":31,"gold_loss":0},{"cards_removed":["Heatsinks"],"damage_healed":0,"gold_gain":0,"player_choice":"Removed Power","damage_taken":0,"max_hp_gain":0,"max_hp_loss":0,"event_name":"Falling","floor":44,"gold_loss":0}],"is_beta":false,"boss_relics":[{"not_picked":["Coffee Dripper","Philosopher\u0027s Stone"],"picked":"Pandora\u0027s Box"},{"not_picked":["Orrery","Tiny House"],"picked":"Fusion Hammer"}],"items_purged_floors":[],"is_endless":false,"potions_floor_spawned":[5,8,12,25,33,36,37,38,47,54],"killed_by":"The Heart","ascension_level":7}