{"gold_per_floor":[114,128,141,141,153,184,184],"floor_reached":7,"playtime":423,"items_purged":[],"score":64,"play_id":"152fbcb5-11b8-44b5-8871-a6debda952cf","local_time":"20181227020800","is_ascension_mode":true,"campfire_choices":[],"neow_cost":"NONE","seed_source_timestamp":713478759100679,"circlet_count":0,"master_deck":["Defend_G","Defend_G","Defend_G","Defend_G","Defend_G","Strike_G","Strike_G","Strike_G","Strike_G","Survivor","Neutralize","Dodge and Roll","Crippling Poison","Outmaneuver","Footwork","Deflect"],"special_seed":0,"relics":["Ring of the Snake","Boot"],"potions_floor_usage":[6,6,6],"damage_taken":[{"damage":6.0,"enemies":"2 Louse","floor":1.0,"turns":2.0},{"damage":5.0,"enemies":"Jaw Worm","floor":2.0,"turns":5.0},{"damage":0.0,"enemies":"Cultist","floor":3.0,"turns":4.0},{"damage":4.0,"enemies":"2 Fungi Beasts","floor":5.0,"turns":4.0},{"damage":17,"enemies":"Lagavulin","floor":6,"turns":10},{"damage":40,"enemies":"Exordium Thugs","floor":7,"turns":4}],"seed_played":"-3339446399026046719","potions_obtained":[{"floor":0.0,"key":"Explosive Potion"},{"floor":0.0,"key":"SteroidPotion"},{"floor":0.0,"key":"SneckoOil"},{"floor":5.0,"key":"PowerPotion"}],"is_trial":false,"path_per_floor":["M","M","M","?","M","E","M"],"character_chosen":"THE_SILENT","items_purchased":[],"campfire_rested":0,"item_purchase_floors":[],"current_hp_per_floor":[64,59,59,52,48,31,0],"gold":184,"neow_bonus":"THREE_SMALL_POTIONS","is_prod":false,"is_daily":false,"chose_seed":false,"campfire_upgraded":0,"win_rate":0,"timestamp":1545894480,"path_taken":["M","M","M","?","M","E","M"],"build_version":"2018-12-20","purchased_purges":0,"victory":false,"max_hp_per_floor":[70,70,70,70,70,70,70],"card_choices":[{"not_picked":["Acrobatics","Underhanded Strike"],"picked":"Dodge and Roll","floor":1.0},{"not_picked":["Flechettes","Sucker Punch"],"picked":"Crippling Poison","floor":2.0},{"not_picked":["Escape Plan","Concentrate"],"picked":"Outmaneuver","floor":3.0},{"not_picked":["Cloak And Dagger","Heel Hook"],"picked":"Footwork","floor":5.0},{"not_picked":["Acrobatics","PiercingWail"],"picked":"Deflect","floor":6}],"player_experience":262666,"relics_obtained":[{"floor":6,"key":"Boot"}],"event_choices":[{"cards_removed":["Strike_G"],"damage_healed":0.0,"max_hp_gain":0.0,"max_hp_loss":0.0,"gold_gain":0.0,"event_name":"Golden Wing","player_choice":"Card Removal","floor":4.0,"gold_loss":0.0,"damage_taken":7.0}],"is_beta":false,"boss_relics":[],"items_purged_floors":[],"is_endless":false,"potions_floor_spawned":[3,5],"killed_by":"Exordium Thugs","ascension_level":4}