{"gold_per_floor":[109,127,143,113,132,157,157,175,200,200,200,219,245,265,265,265],"floor_reached":16,"playtime":753,"items_purged":[],"score":211,"play_id":"622a099d-3304-4e5c-956e-e12f85401cdb","local_time":"20190206220803","is_ascension_mode":true,"campfire_choices":[{"data":"Zap","floor":7,"key":"SMITH"},{"data":"Hyperbeam","floor":11,"key":"SMITH"},{"floor":15,"key":"REST"}],"neow_cost":"NONE","seed_source_timestamp":86537805885014,"circlet_count":0,"master_deck":["AscendersBane","Strike_B","Strike_B","Strike_B","Strike_B","Defend_B","Defend_B","Defend_B","Defend_B","Zap+1","Dualcast","FTL","Sweeping Beam","Ball Lightning","Coolheaded","Hyperbeam+1","Glacier","Ball Lightning","Coolheaded"],"relics":["Cracked Core","Bag of Marbles","Sundial","Ancient Tea Set"],"potions_floor_usage":[6,12,13,16],"damage_taken":[{"damage":7,"enemies":"2 Louse","floor":1,"turns":3},{"damage":1,"enemies":"Cultist","floor":2,"turns":3},{"damage":2,"enemies":"Jaw Worm","floor":3,"turns":3},{"damage":7,"enemies":"Looter","floor":5,"turns":3},{"damage":18,"enemies":"Gremlin Nob","floor":6,"turns":3},{"damage":0,"enemies":"Large Slime","floor":8,"turns":3},{"damage":6,"enemies":"Lots of Slimes","floor":12,"turns":3},{"damage":11,"enemies":"Lagavulin","floor":13,"turns":6},{"damage":1,"enemies":"Looter","floor":14,"turns":2},{"damage":41,"enemies":"Slime Boss","floor":16,"turns":8}],"seed_played":"-8195974555039420110","potions_obtained":[{"floor":4,"key":"LiquidBronze"},{"floor":4,"key":"FearPotion"},{"floor":6,"key":"SpeedPotion"},{"floor":8,"key":"Regen Potion"},{"floor":12,"key":"Swift Potion"}],"is_trial":false,"path_per_floor":["M","M","M","?","M","E","R","M","T","?","R","M","E","M","R","B"],"character_chosen":"DEFECT","items_purchased":[],"campfire_rested":1,"item_purchase_floors":[],"current_hp_per_floor":[57,56,54,54,47,29,29,29,29,29,29,32,21,20,41,0],"gold":265,"neow_bonus":"RANDOM_COMMON_RELIC","is_prod":false,"is_daily":false,"chose_seed":false,"campfire_upgraded":2,"win_rate":0,"timestamp":1549519683,"path_taken":["M","M","M","?","M","E","R","?","T","?","R","?","E","M","R","BOSS"],"build_version":"2019-01-23","purchased_purges":0,"victory":false,"max_hp_per_floor":[71,71,71,71,71,71,71,71,71,71,71,71,71,71,71,71],"card_choices":[{"not_picked":["Gash","Streamline","Barrage"],"picked":"SKIP","floor":1},{"not_picked":["Hello World","Stack","Gash"],"picked":"SKIP","floor":2},{"not_picked":["Compile Driver","Steam"],"picked":"FTL","floor":3},{"not_picked":["Double Energy","Steam Power"],"picked":"Sweeping Beam","floor":5},{"not_picked":["Recycle","Creative AI"],"picked":"Ball Lightning","floor":6},{"not_picked":["Skim","Steam Power"],"picked":"Coolheaded","floor":8},{"not_picked":["Sweeping Beam","Coolheaded"],"picked":"Glacier","floor":12},{"not_picked":["Undo","Stack"],"picked":"Ball Lightning","floor":13},{"not_picked":["Beam Cell","Gash"],"picked":"Coolheaded","floor":14}],"player_experience":500181,"relics_obtained":[{"floor":6,"key":"Sundial"},{"floor":13,"key":"Ancient Tea Set"}],"event_choices":[{"damage_healed":0,"gold_gain":0,"player_choice":"Bought 2 Potions","damage_taken":0,"max_hp_gain":0,"max_hp_loss":0,"event_name":"The Woman in Blue","floor":4,"gold_loss":0},{"damage_healed":0,"gold_gain":0,"player_choice":"1 cards matched","damage_taken":0,"max_hp_gain":0,"max_hp_loss":0,"event_name":"Match and Keep!","floor":10,"gold_loss":0,"cards_obtained":["Hyperbeam"]}],"is_beta":false,"boss_relics":[],"items_purged_floors":[],"is_endless":false,"potions_floor_spawned":[6,8,12],"killed_by":"Slime Boss","ascension_level":17}