{"gold_per_floor":[109,121,133,208,208,221,221,235,259,290,300,300,55,83,83,183,183,199,18,29,48,64,64,77,107,107,69,69,88,88,3,3,107,107,107,107,107,122,139,139,166,166,166,166,166],"floor_reached":45,"playtime":2327,"items_purged":["Strike_R","Strike_R"],"score":475,"play_id":"b1f2da4b-0196-4baa-9a09-452aa14538b7","local_time":"20190210182612","is_ascension_mode":false,"campfire_choices":[{"data":"Armaments","floor":7,"key":"SMITH"},{"data":"Clothesline","floor":12,"key":"SMITH"},{"floor":15,"key":"REST"},{"data":"Entrench","floor":23,"key":"SMITH"},{"floor":32,"key":"REST"},{"floor":40,"key":"REST"},{"floor":44,"key":"REST"}],"neow_cost":"NONE","seed_source_timestamp":603969759608185,"circlet_count":0,"master_deck":["Defend_R","Defend_R","Defend_R","Defend_R","Bash+1","Shrug It Off","Clothesline+1","Armaments+1","Entrench+1","Spot Weakness","Shrug It Off","Cleave","Exhume","Body Slam","Metallicize","Rampage","Heavy Blade","Headbutt","Corruption+1","Uppercut","Demon Form","Blood for Blood+1","Reckless Charge+1","Disarm+1","Disarm+1","Master of Strategy"],"relics":["Burning Blood","Boot","Whetstone","Vajra","Omamori","Gremlin Horn","Philosopher\u0027s Stone","Blood Vial","Sundial","Paper Frog","Astrolabe","Dodecahedron","Question Card"],"potions_floor_usage":[8,16,18,24,25,25,29,33,35,41],"damage_taken":[{"damage":2,"enemies":"2 Louse","floor":1,"turns":2},{"damage":6,"enemies":"Jaw Worm","floor":2,"turns":4},{"damage":0,"enemies":"Cultist","floor":3,"turns":3},{"damage":22,"enemies":"Exordium Wildlife","floor":6,"turns":10},{"damage":10,"enemies":"Lots of Slimes","floor":8,"turns":6},{"damage":18,"enemies":"Lagavulin","floor":10,"turns":9},{"damage":0,"enemies":"Blue Slaver","floor":11,"turns":4},{"damage":27,"enemies":"Gremlin Nob","floor":14,"turns":4},{"damage":21,"enemies":"Slime Boss","floor":16,"turns":10},{"damage":15,"enemies":"2 Thieves","floor":18,"turns":5},{"damage":28,"enemies":"Chosen","floor":20,"turns":5},{"damage":3,"enemies":"Centurion and Healer","floor":21,"turns":6},{"damage":6,"enemies":"Snecko","floor":22,"turns":5},{"damage":21,"enemies":"Snake Plant","floor":24,"turns":6},{"damage":23,"enemies":"Gremlin Leader","floor":25,"turns":7},{"damage":3,"enemies":"Centurion and Healer","floor":29,"turns":6},{"damage":35,"enemies":"Champ","floor":33,"turns":8},{"damage":16,"enemies":"3 Darklings","floor":35,"turns":3},{"damage":7,"enemies":"3 Shapes","floor":38,"turns":9},{"damage":38,"enemies":"Jaw Worm Horde","floor":39,"turns":4},{"damage":62,"enemies":"Nemesis","floor":41,"turns":7},{"damage":44,"enemies":"Sphere and 2 Shapes","floor":45,"turns":4}],"seed_played":"2447393821114506958","potions_obtained":[{"floor":2,"key":"Strength Potion"},{"floor":3,"key":"Poison Potion"},{"floor":10,"key":"SpeedPotion"},{"floor":14,"key":"Fire Potion"},{"floor":16,"key":"EssenceOfSteel"},{"floor":18,"key":"SkillPotion"},{"floor":20,"key":"Explosive Potion"},{"floor":28,"key":"Strength Potion"},{"floor":28,"key":"SmokeBomb"},{"floor":28,"key":"EssenceOfSteel"},{"floor":39,"key":"Block Potion"}],"is_trial":false,"path_per_floor":["M","M","M","?","?","M","R","M","T","E","M","R","$","E","R","B",null,"M","$","M","M","M","R","M","E","T","$","?","M","?","?","R","B",null,"M","?","?","M","M","R","E","?","T","R","M"],"character_chosen":"IRONCLAD","items_purchased":["Omamori","Cleave","Metallicize","Corruption"],"campfire_rested":4,"item_purchase_floors":[13,13,19,27],"current_hp_per_floor":[80,80,80,69,69,53,53,49,49,37,43,43,43,22,46,31,80,71,71,49,52,52,52,37,20,20,20,20,25,25,25,49,22,80,70,70,70,71,41,65,11,11,11,35,0],"gold":166,"neow_bonus":"UPGRADE_CARD","is_prod":false,"is_daily":false,"chose_seed":false,"campfire_upgraded":3,"win_rate":0.0,"timestamp":1549819572,"path_taken":["M","M","M","?","?","M","R","M","T","E","M","R","$","E","R","BOSS","M","$","M","?","M","R","M","E","T","$","?","?","?","?","R","BOSS","M","?","?","?","M","R","E","?","T","R","M"],"build_version":"2019-01-23","purchased_purges":2,"victory":false,"max_hp_per_floor":[80,80,80,80,80,80,80,80,80,80,80,80,80,80,80,80,80,80,80,80,80,80,80,80,80,80,80,80,80,80,80,80,80,80,80,80,80,80,80,80,80,80,80,80,80],"card_choices":[{"not_picked":["Anger","Dropkick"],"picked":"Shrug It Off","floor":1},{"not_picked":["Rage","Havoc"],"picked":"Clothesline","floor":2},{"not_picked":["Hemokinesis","Searing Blow"],"picked":"Armaments","floor":3},{"not_picked":["Thunderclap","Pummel","Warcry"],"picked":"SKIP","floor":6},{"not_picked":["Rupture","Thunderclap"],"picked":"Entrench","floor":8},{"not_picked":["Feel No Pain","Shockwave"],"picked":"Spot Weakness","floor":10},{"not_picked":["Pommel Strike","Flex"],"picked":"Shrug It Off","floor":11},{"not_picked":["Dark Embrace","Brutality","Rage"],"picked":"SKIP","floor":14},{"not_picked":["Impervious","Offering"],"picked":"Exhume","floor":16},{"not_picked":["Flex","Seeing Red+1"],"picked":"Body Slam","floor":18},{"not_picked":["Sentinel","Warcry"],"picked":"Rampage","floor":20},{"not_picked":["Shrug It Off","Headbutt"],"picked":"Heavy Blade","floor":21},{"not_picked":["Wild Strike","Anger","Armaments+1"],"picked":"SKIP","floor":22},{"not_picked":["Feel No Pain","Immolate"],"picked":"Headbutt","floor":24},{"not_picked":["Warcry","Rage","Reckless Charge+1"],"picked":"SKIP","floor":25},{"not_picked":["Second Wind+1","Combust","Clothesline"],"picked":"SKIP","floor":29},{"not_picked":["Double Tap","Fiend Fire"],"picked":"Demon Form","floor":33},{"not_picked":["Clash+1","Body Slam+1","Heavy Blade"],"picked":"SKIP","floor":38},{"not_picked":["Cleave","Sword Boomerang+1","Corruption+1"],"picked":"SKIP","floor":39},{"not_picked":["Clothesline","Armaments"],"picked":"Disarm+1","floor":41},{"not_picked":["Swift Strike","Jack Of All Trades"],"picked":"Master of Strategy","floor":42}],"player_experience":114286,"relics_obtained":[{"floor":9,"key":"Whetstone"},{"floor":10,"key":"Vajra"},{"floor":14,"key":"Gremlin Horn"},{"floor":25,"key":"Blood Vial"},{"floor":26,"key":"Sundial"},{"floor":41,"key":"Dodecahedron"},{"floor":43,"key":"Question Card"}],"event_choices":[{"damage_healed":0,"gold_gain":75,"player_choice":"Gather Gold","damage_taken":11,"max_hp_gain":0,"max_hp_loss":0,"event_name":"World of Goop","floor":4,"gold_loss":0},{"damage_healed":0,"gold_gain":0,"player_choice":"Gave Potion","damage_taken":0,"relics_obtained":["Boot"],"max_hp_gain":0,"max_hp_loss":0,"event_name":"WeMeetAgain","floor":5,"gold_loss":0},{"damage_healed":0,"gold_gain":0,"player_choice":"Got Potions","damage_taken":0,"max_hp_gain":0,"max_hp_loss":0,"event_name":"Lab","floor":28,"gold_loss":0},{"damage_healed":0,"gold_gain":0,"player_choice":"Read","damage_taken":0,"max_hp_gain":0,"max_hp_loss":0,"event_name":"The Library","floor":30,"gold_loss":0,"cards_obtained":["Uppercut"]},{"damage_healed":0,"gold_gain":0,"player_choice":"Obtained Relic","damage_taken":0,"relics_obtained":["Paper Frog"],"max_hp_gain":0,"max_hp_loss":0,"event_name":"Addict","floor":31,"gold_loss":85},{"damage_healed":0,"gold_gain":0,"player_choice":"Ignored","damage_taken":0,"max_hp_gain":0,"max_hp_loss":0,"event_name":"Tomb of Lord Red Mask","floor":36,"gold_loss":0},{"damage_healed":0,"gold_gain":0,"player_choice":"Forge","damage_taken":0,"max_hp_gain":0,"max_hp_loss":0,"event_name":"Accursed Blacksmith","floor":37,"gold_loss":0,"cards_upgraded":["Corruption"]},{"damage_healed":0,"gold_gain":0,"player_choice":"Memory 1","damage_taken":0,"max_hp_gain":0,"max_hp_loss":0,"event_name":"SensoryStone","floor":42,"gold_loss":0}],"is_beta":false,"boss_relics":[{"not_picked":["Empty Cage","Runic Pyramid"],"picked":"Philosopher\u0027s Stone"},{"not_picked":["Black Star","Fusion Hammer"],"picked":"Astrolabe"}],"items_purged_floors":[13,19],"is_endless":false,"potions_floor_spawned":[2,3,10,14,16,18,20,22,39],"killed_by":"Sphere and 2 Shapes","ascension_level":0}