{"gold_per_floor":[118,36,51,69,35,35,63,94,94,94,94,94,125,144,144,144],"floor_reached":16,"playtime":1645,"items_purged":[],"score":165,"play_id":"8f21fd66-9ac1-4609-9499-c949869b3180","local_time":"20190127070620","is_ascension_mode":true,"campfire_choices":[{"data":"Neutralize","floor":6,"key":"SMITH"},{"data":"Footwork","floor":10,"key":"SMITH"},{"data":"Dagger Spray","floor":12,"key":"SMITH"},{"data":"Dodge and Roll","floor":15,"key":"SMITH"}],"neow_cost":"TEN_PERCENT_HP_LOSS","seed_source_timestamp":210631838317900,"circlet_count":0,"master_deck":["Defend_G","Defend_G","Defend_G","Defend_G","Defend_G","Strike_G","Strike_G","Strike_G","Strike_G","Strike_G","Survivor","Neutralize+1","Quick Slash","Footwork+1","Dagger Spray+1","Backstab","Unload","Dodge and Roll+1","PiercingWail","Backflip"],"relics":["Ring of the Snake","WingedGreaves","Ancient Tea Set","Molten Egg 2","Pear","Golden Idol","PreservedInsect"],"potions_floor_usage":[3,8,13,16],"damage_taken":[{"damage":0,"enemies":"Cultist","floor":1,"turns":6},{"damage":0,"enemies":"Jaw Worm","floor":3,"turns":5},{"damage":0,"enemies":"Small Slimes","floor":4,"turns":3},{"damage":32,"enemies":"3 Sentries","floor":7,"turns":11},{"damage":18,"enemies":"Gremlin Nob","floor":8,"turns":4},{"damage":5,"enemies":"Lagavulin","floor":13,"turns":6},{"damage":0,"enemies":"3 Louse","floor":14,"turns":2},{"damage":34,"enemies":"Hexaghost","floor":16,"turns":16}],"seed_played":"-4643459845270809164","potions_obtained":[{"floor":1,"key":"EssenceOfSteel"},{"floor":7,"key":"Regen Potion"},{"floor":8,"key":"AttackPotion"},{"floor":14,"key":"GamblersBrew"}],"is_trial":false,"path_per_floor":["M","$","M","M","$","R","E","E","T","R","?","R","E","M","R","B"],"character_chosen":"THE_SILENT","items_purchased":["Footwork","Backstab"],"campfire_rested":0,"item_purchase_floors":[2,5],"current_hp_per_floor":[63,63,63,63,63,63,31,25,35,35,35,35,30,30,30,0],"gold":144,"neow_bonus":"ONE_RARE_RELIC","is_prod":false,"is_daily":false,"chose_seed":false,"campfire_upgraded":4,"win_rate":0,"timestamp":1548569180,"path_taken":["M","?","M","M","$","R","E","E","T","R","?","R","E","?","R","BOSS"],"build_version":"2019-01-23","purchased_purges":0,"victory":false,"max_hp_per_floor":[63,63,63,63,63,63,63,63,73,73,68,68,68,68,68,68],"card_choices":[{"not_picked":["Choke","Deadly Poison"],"picked":"Quick Slash","floor":1},{"not_picked":["Masterful Stab","Slice","Quick Slash"],"picked":"SKIP","floor":3},{"not_picked":["Deadly Poison","Acrobatics"],"picked":"Dagger Spray","floor":4},{"not_picked":["Wraith Form v2","Outmaneuver"],"picked":"Unload","floor":7},{"not_picked":["Flying Knee","Slice"],"picked":"Dodge and Roll","floor":8},{"not_picked":["Blade Dance","Deflect"],"picked":"PiercingWail","floor":13},{"not_picked":["Bouncing Flask","Predator+1"],"picked":"Backflip","floor":14}],"player_experience":120801,"relics_obtained":[{"floor":7,"key":"Ancient Tea Set"},{"floor":8,"key":"Molten Egg 2"},{"floor":9,"key":"Pear"},{"floor":13,"key":"PreservedInsect"}],"event_choices":[{"damage_healed":0,"gold_gain":0,"player_choice":"Lose Max HP","damage_taken":0,"relics_obtained":["Golden Idol"],"max_hp_gain":0,"max_hp_loss":5,"event_name":"Golden Idol","floor":11,"gold_loss":0}],"is_beta":false,"boss_relics":[],"items_purged_floors":[],"is_endless":false,"potions_floor_spawned":[1,7,8,14],"killed_by":"Hexaghost","ascension_level":8}