{"gold_per_floor":[209,229,229,229,242,242,242,242,242,261,261,301,320,338,338,338],"floor_reached":16,"playtime":372,"items_purged":[],"score":102,"play_id":"2b4fbe9a-1118-4b3c-850f-0b045d85a5ec","local_time":"20190116193420","is_ascension_mode":false,"campfire_choices":[{"data":"Zap","floor":6,"key":"SMITH"},{"data":"Dualcast","floor":8,"key":"SMITH"},{"data":"FTL","floor":11,"key":"SMITH"},{"data":"Auto Shields","floor":15,"key":"SMITH"}],"neow_cost":"NONE","seed_source_timestamp":1987064575960805,"circlet_count":0,"master_deck":["Strike_B","Strike_B","Strike_B","Strike_B","Defend_B","Defend_B","Defend_B","Defend_B","Zap+1","Dualcast+1","Conserve Battery","FTL+1","Auto Shields+1"],"relics":["Cracked Core","Golden Idol","Letter Opener","Mummified Hand","Dead Branch"],"potions_floor_usage":[16],"damage_taken":[{"damage":1,"enemies":"Cultist","floor":1,"turns":3},{"damage":0,"enemies":"Small Slimes","floor":2,"turns":3},{"damage":0,"enemies":"Jaw Worm","floor":5,"turns":3},{"damage":3,"enemies":"Gremlin Gang","floor":10,"turns":4},{"damage":7,"enemies":"Gremlin Nob","floor":12,"turns":3},{"damage":4,"enemies":"Large Slime","floor":13,"turns":4},{"damage":0,"enemies":"Blue Slaver","floor":14,"turns":3},{"damage":28,"enemies":"Slime Boss","floor":16,"turns":10}],"seed_played":"4245115675091583530","potions_obtained":[{"floor":2,"key":"PowerPotion"},{"floor":13,"key":"Block Potion"},{"floor":14,"key":"Strength Potion"}],"is_trial":false,"path_per_floor":["M","M","?","$","M","R","?","R","T","M","R","E","M","M","R","B"],"character_chosen":"DEFECT","items_purchased":[],"campfire_rested":0,"item_purchase_floors":[],"current_hp_per_floor":[74,74,56,56,56,56,44,44,44,41,41,34,30,30,30,2],"gold":338,"neow_bonus":"HUNDRED_GOLD","is_prod":false,"is_daily":false,"chose_seed":false,"campfire_upgraded":4,"win_rate":0,"timestamp":1547667260,"path_taken":["M","?","?","$","M","R","?","R","T","M","R","E","M","M","R","BOSS"],"build_version":"2019-01-10","purchased_purges":0,"victory":false,"max_hp_per_floor":[75,75,75,75,75,75,75,75,75,75,75,75,75,75,75,75],"card_choices":[{"not_picked":["Rebound","Sweeping Beam","Cold Snap"],"picked":"SKIP","floor":1},{"not_picked":["Stack","Darkness"],"picked":"Conserve Battery","floor":2},{"not_picked":["Stack","Reprogram","Blizzard"],"picked":"SKIP","floor":5},{"not_picked":["Beam Cell","Cold Snap"],"picked":"FTL","floor":10},{"not_picked":["Hologram","Gash","Turbo"],"picked":"SKIP","floor":12},{"not_picked":["Aggregate","Genetic Algorithm"],"picked":"Auto Shields","floor":13},{"not_picked":["Genetic Algorithm","White Noise","Static Discharge"],"picked":"SKIP","floor":14}],"player_experience":973142,"relics_obtained":[{"floor":9,"key":"Mummified Hand"},{"floor":12,"key":"Dead Branch"}],"event_choices":[{"damage_healed":0,"gold_gain":0,"player_choice":"Take Damage","damage_taken":18,"relics_obtained":["Golden Idol"],"max_hp_gain":0,"max_hp_loss":0,"event_name":"Golden Idol","floor":3,"gold_loss":0},{"damage_healed":0,"gold_gain":0,"player_choice":"Success","damage_taken":12,"relics_obtained":["Letter Opener"],"max_hp_gain":0,"max_hp_loss":0,"event_name":"Scrap Ooze","floor":7,"gold_loss":0}],"is_beta":false,"boss_relics":[],"items_purged_floors":[],"is_endless":false,"potions_floor_spawned":[2,13,14],"killed_by":"Slime Boss","ascension_level":0}