{"gold_per_floor":[109,34,284,60,78,111,111,111,111,140,140,195,195,215,215,320,320,338,60,60,0,16,16,27,27,27,27,27,38,58,76,76,76],"floor_reached":33,"playtime":2777,"items_purged":["Defend_B","Regret"],"score":342,"play_id":"fc5e80a4-bce1-4726-985d-2c573efb773e","local_time":"20180722161502","is_ascension_mode":true,"campfire_choices":[{"floor":8,"key":"REST"},{"floor":13,"key":"REST"},{"data":"Creative AI","floor":15,"key":"SMITH"},{"floor":23,"key":"REST"},{"floor":32,"key":"REST"}],"neow_cost":"NONE","seed_source_timestamp":6078538060608,"circlet_count":0,"master_deck":["Strike_B","Defend_B","Defend_B","Zap","Dualcast","Auto Shields","Coolheaded","Coolheaded","Mind Blast","Turbo","Creative AI+1","Steam+1","Hologram+1","Glacier+1","Meteor Strike","Self Repair","Beam Cell","Steam+1","BootSequence+1","Melter+1","Echo Form","Steam Power+1"],"relics":["Cracked Core","Toxic Egg 2","Oddly Smooth Stone","Darkstone Periapt","DataDisk","Inserter","Matryoshka","Ancient Tea Set","Nunchaku"],"potions_floor_usage":[16,18,29,30,31],"damage_taken":[{"damage":1,"enemies":"Jaw Worm","floor":1,"turns":3},{"damage":0,"enemies":"Cultist","floor":5,"turns":4},{"damage":31,"enemies":"Lagavulin","floor":6,"turns":10},{"damage":17,"enemies":"3 Sentries","floor":10,"turns":8},{"damage":3,"enemies":"2 Louse","floor":14,"turns":2},{"damage":52,"enemies":"Hexaghost","floor":16,"turns":12},{"damage":7,"enemies":"Chosen","floor":18,"turns":8},{"damage":13,"enemies":"2 Thieves","floor":21,"turns":5},{"damage":22,"enemies":"Sentry and Sphere","floor":22,"turns":6},{"damage":25,"enemies":"Snake Plant","floor":24,"turns":5},{"damage":3,"enemies":"Chosen and Byrds","floor":29,"turns":8},{"damage":42,"enemies":"Slaver and Parasite","floor":30,"turns":8},{"damage":13,"enemies":"Centurion and Healer","floor":31,"turns":11},{"damage":36,"enemies":"Automaton","floor":33,"turns":4}],"seed_played":"2879663158144700597","potions_obtained":[{"floor":10,"key":"Regen Potion"},{"floor":16,"key":"Energy Potion"},{"floor":22,"key":"LiquidBronze"},{"floor":24,"key":"Fire Potion"},{"floor":25,"key":"PowerPotion"},{"floor":25,"key":"FairyPotion"},{"floor":29,"key":"SpeedPotion"},{"floor":30,"key":"Explosive Potion"}],"is_trial":false,"path_per_floor":["M","$","?","$","M","E","?","R","T","E","?","T","R","M","R","B",null,"M","$","?","M","M","R","M","?","T","?","$","M","M","M","R"],"character_chosen":"DEFECT","items_purchased":["Coolheaded","Mind Blast","Matryoshka","Beam Cell"],"campfire_rested":4,"item_purchase_floors":[4,4,19,19],"current_hp_per_floor":[67,67,67,67,67,36,29,51,51,34,34,34,56,53,53,16,60,53,53,53,47,32,54,36,36,36,36,36,40,14,8,30,0],"gold":76,"neow_bonus":"TRANSFORM_CARD","is_prod":false,"is_daily":false,"chose_seed":false,"campfire_upgraded":1,"win_rate":0,"timestamp":1532290502,"path_taken":["M","$","?","$","M","E","?","R","T","E","?","?","R","M","R","BOSS","M","$","?","M","?","R","M","?","T","?","$","M","M","M","R","BOSS"],"build_version":"2018-07-19v2","purchased_purges":2,"victory":false,"max_hp_per_floor":[75,75,75,75,75,75,75,75,75,75,75,75,75,75,75,75,75,75,75,75,75,75,75,75,75,75,75,75,75,75,75,75,75],"card_choices":[{"not_picked":["Ball Lightning","Sweeping Beam"],"picked":"Coolheaded","floor":1},{"not_picked":["Ball Lightning","Hologram"],"picked":"Turbo","floor":5},{"not_picked":["Rebound","Gash"],"picked":"Creative AI","floor":6},{"not_picked":["Hologram+1","Chill+1"],"picked":"Steam+1","floor":10},{"not_picked":["Doom and Gloom","Rebound"],"picked":"Glacier+1","floor":14},{"not_picked":["Fission+1","All For One"],"picked":"Meteor Strike","floor":16},{"not_picked":["Barrage","Go for the Eyes"],"picked":"Self Repair","floor":18},{"not_picked":["Coolheaded+1","Aggregate+1"],"picked":"Steam+1","floor":21},{"not_picked":["Auto Shields+1","Static Discharge"],"picked":"BootSequence+1","floor":22},{"not_picked":["Darkness+1","Beam Cell"],"picked":"Melter+1","floor":24},{"not_picked":["Rebound","Compile Driver+1","Coolheaded+1"],"picked":"SKIP","floor":29},{"not_picked":["Genetic Algorithm+1","Rebound+1"],"picked":"Echo Form","floor":30},{"not_picked":["Genetic Algorithm+1","Cold Snap"],"picked":"Steam Power+1","floor":31}],"player_experience":467157,"relics_obtained":[{"floor":6,"key":"Toxic Egg 2"},{"floor":9,"key":"Oddly Smooth Stone"},{"floor":10,"key":"Darkstone Periapt"},{"floor":12,"key":"DataDisk"},{"floor":26,"key":"Ancient Tea Set"},{"floor":26,"key":"Nunchaku"}],"event_choices":[{"event_name":"Golden Shrine","player_choice":"Desecrate","floor":3,"damage_taken":0},{"event_name":"Golden Wing","player_choice":"Card Removal","floor":7,"damage_taken":0},{"event_name":"Living Wall","player_choice":"Change","floor":11,"damage_taken":0},{"event_name":"Vampires","player_choice":"Ignored","floor":20,"damage_taken":0},{"event_name":"The Lab","player_choice":"Got Potions","floor":25,"damage_taken":0},{"event_name":"Purifier","player_choice":"One Purge","floor":27,"damage_taken":0}],"is_beta":false,"boss_relics":[{"not_picked":["Snecko Eye","Pandora\u0027s Box"],"picked":"Inserter"}],"items_purged_floors":[2,4],"is_endless":false,"potions_floor_spawned":[10,16,22,24,29,30],"killed_by":"Automaton","ascension_level":7}