{"gold_per_floor":[118,43,53,128,148,183,23,23,77,94,123,123,123,136,136,136],"floor_reached":16,"playtime":400,"items_purged":[],"score":198,"play_id":"d2730a6f-58b1-4069-8648-01246c8fe118","local_time":"20190130000002","is_ascension_mode":true,"campfire_choices":[{"floor":8,"key":"REST"},{"floor":15,"key":"REST"}],"neow_cost":"NONE","seed_source_timestamp":439362033725800,"circlet_count":0,"master_deck":["AscendersBane","Strike_B","Strike_B","Strike_B","Defend_B","Defend_B","Defend_B","Defend_B","Zap+1","Dualcast","Cold Snap","Conserve Battery","Steam","Doom and Gloom","Auto Shields+1","Ball Lightning","BootSequence","Gash"],"relics":["Cracked Core","Dream Catcher","DataDisk","Ancient Tea Set","Blood Vial"],"potions_floor_usage":[11,16],"damage_taken":[{"damage":0,"enemies":"Small Slimes","floor":1,"turns":3},{"damage":7,"enemies":"Jaw Worm","floor":3,"turns":3},{"damage":0,"enemies":"Cultist","floor":5,"turns":3},{"damage":24,"enemies":"Lagavulin","floor":6,"turns":7},{"damage":6,"enemies":"2 Fungi Beasts","floor":10,"turns":3},{"damage":4,"enemies":"3 Sentries","floor":11,"turns":4},{"damage":2,"enemies":"Looter","floor":14,"turns":3},{"damage":26,"enemies":"Slime Boss","floor":16,"turns":7}],"seed_played":"7639900175144946101","potions_obtained":[{"floor":6,"key":"Ancient Potion"},{"floor":10,"key":"Explosive Potion"},{"floor":11,"key":"Block Potion"}],"is_trial":false,"path_per_floor":["M","?","M","?","M","E","$","R","T","M","E","?","?","M","R","B"],"character_chosen":"DEFECT","items_purchased":["DataDisk"],"campfire_rested":2,"item_purchase_floors":[7],"current_hp_per_floor":[71,71,64,53,53,29,29,52,52,46,42,19,1,1,24,0],"gold":136,"neow_bonus":"TEN_PERCENT_HP_BONUS","is_prod":false,"is_daily":false,"chose_seed":false,"campfire_upgraded":0,"win_rate":0,"timestamp":1548835202,"path_taken":["M","?","M","?","M","E","$","R","T","M","E","?","?","M","R","BOSS"],"build_version":"2019-01-23","purchased_purges":0,"victory":false,"max_hp_per_floor":[78,78,78,78,78,78,78,78,78,78,78,78,78,78,78,78],"card_choices":[{"not_picked":["Steam","Beam Cell"],"picked":"Cold Snap","floor":1},{"not_picked":["Melter","Sweeping Beam"],"picked":"Conserve Battery","floor":3},{"not_picked":["Recycle","Rainbow"],"picked":"Steam","floor":5},{"not_picked":["Leap","Lockon"],"picked":"Doom and Gloom","floor":6},{"not_picked":["Chaos","Rebound"],"picked":"Auto Shields","floor":10},{"not_picked":["Melter","Rebound"],"picked":"Ball Lightning","floor":11},{"not_picked":["Leap","All For One"],"picked":"BootSequence","floor":14},{"not_picked":["Redo","Compile Driver"],"picked":"Gash","floor":15}],"player_experience":1210558,"relics_obtained":[{"floor":6,"key":"Dream Catcher"},{"floor":9,"key":"Ancient Tea Set"},{"floor":11,"key":"Blood Vial"}],"event_choices":[{"cards_removed":["Strike_B"],"damage_healed":0,"gold_gain":0,"player_choice":"Card Removal","damage_taken":0,"max_hp_gain":0,"max_hp_loss":0,"event_name":"The Cleric","floor":2,"gold_loss":75},{"damage_healed":0,"gold_gain":75,"player_choice":"Gather Gold","damage_taken":11,"max_hp_gain":0,"max_hp_loss":0,"event_name":"World of Goop","floor":4,"gold_loss":0},{"damage_healed":0,"gold_gain":0,"player_choice":"Entered Light","damage_taken":23,"max_hp_gain":0,"max_hp_loss":0,"event_name":"Shining Light","floor":12,"gold_loss":0,"cards_upgraded":["Auto Shields","Zap"]},{"damage_healed":0,"gold_gain":0,"player_choice":"Fled","damage_taken":18,"max_hp_gain":0,"max_hp_loss":0,"event_name":"Scrap Ooze","floor":13,"gold_loss":0}],"is_beta":false,"boss_relics":[],"items_purged_floors":[],"is_endless":false,"potions_floor_spawned":[6,10,11,14],"killed_by":"Slime Boss","ascension_level":16}