{"gold_per_floor":[118,118,43,59,77,108,120,132,226,257,280,321,333,345,357,445,457,481,503,615,627,689,701],"floor_reached":23,"playtime":761,"items_purged":["Strike_B"],"score":358,"play_id":"793f5476-288e-44e0-86d2-af87791ca175","local_time":"20190123224605","is_ascension_mode":true,"campfire_choices":[{"data":"Zap","floor":7.0,"key":"SMITH"},{"floor":13.0,"key":"REST"},{"floor":15.0,"key":"REST"}],"neow_cost":"NONE","seed_source_timestamp":0,"circlet_count":0,"master_deck":["AscendersBane","Strike_B","Strike_B","Strike_B","Defend_B","Defend_B","Defend_B+1","Defend_B+1","Zap+1","Dualcast","Compile Driver","Cold Snap","Sweeping Beam","Ball Lightning","Chill","Self Repair","Leap","Ball Lightning","Machine Learning","Ball Lightning","Self Repair+1"],"special_seed":0,"relics":["Cracked Core","MawBank","Ornamental Fan","Mummified Hand","The Courier","Fusion Hammer","Dead Branch","Bottled Lightning","Shuriken"],"potions_floor_usage":[20,20,23],"damage_taken":[{"damage":0.0,"enemies":"Small Slimes","floor":1.0,"turns":2.0},{"damage":0.0,"enemies":"Jaw Worm","floor":4.0,"turns":4.0},{"damage":0.0,"enemies":"Cultist","floor":5.0,"turns":3.0},{"damage":6.0,"enemies":"Gremlin Nob","floor":6.0,"turns":3.0},{"damage":11.0,"enemies":"Exordium Thugs","floor":10.0,"turns":3.0},{"damage":6.0,"enemies":"Exordium Wildlife","floor":11.0,"turns":4.0},{"damage":16.0,"enemies":"3 Sentries","floor":12.0,"turns":9.0},{"damage":55.0,"enemies":"Hexaghost","floor":16.0,"turns":12.0},{"damage":9,"enemies":"2 Thieves","floor":18,"turns":4},{"damage":1,"enemies":"Chosen","floor":19,"turns":4},{"damage":23,"enemies":"Colosseum Slavers","floor":20,"turns":4},{"damage":28,"enemies":"Colosseum Nobs","floor":20,"turns":5},{"damage":30,"enemies":"Slavers","floor":23,"turns":1}],"seed_played":"-3513189718323347756","potions_obtained":[{"floor":6.0,"key":"Ancient Potion"},{"floor":11.0,"key":"Strength Potion"},{"floor":12.0,"key":"Ancient Potion"},{"floor":16.0,"key":"PowerPotion"},{"floor":20,"key":"EssenceOfSteel"}],"is_trial":false,"path_per_floor":["M","?","$","M","M","E","R","?","T","M","M","E","R","T","R","B",null,"M","M","?","T","?","E"],"character_chosen":"DEFECT","items_purchased":[],"campfire_rested":2,"item_purchase_floors":[],"current_hp_per_floor":[64,43,43,43,43,37,37,37,37,26,27,18,39,39,60,12,56,54,60,23,23,23,0],"gold":701,"neow_bonus":"THREE_CARDS","is_prod":false,"is_daily":false,"chose_seed":false,"campfire_upgraded":1,"win_rate":0,"timestamp":1548312365,"path_taken":["M","?","$","M","M","E","R","?","T","M","M","E","R","?","R","BOSS","M","?","?","?","?","E"],"build_version":"2019-01-23","purchased_purges":1,"victory":false,"max_hp_per_floor":[71,71,71,71,71,71,71,71,71,71,71,71,71,71,71,71,71,71,71,71,71,71,71],"card_choices":[{"not_picked":["Recycle","Beam Cell"],"picked":"Compile Driver","floor":0.0},{"not_picked":["Stack","Barrage"],"picked":"Cold Snap","floor":1.0},{"not_picked":["Rebound","Undo"],"picked":"Sweeping Beam","floor":4.0},{"not_picked":["Streamline","Gash"],"picked":"Ball Lightning","floor":5.0},{"not_picked":["Amplify","Reboot"],"picked":"Gash","floor":6.0},{"not_picked":["Streamline","Compile Driver"],"picked":"Self Repair","floor":10.0},{"not_picked":["Rebound","Barrage"],"picked":"Leap","floor":11.0},{"not_picked":["Leap","Rainbow"],"picked":"Ball Lightning","floor":12.0},{"not_picked":["Thunder Strike","Reboot"],"picked":"Machine Learning","floor":16.0},{"not_picked":["Reprogram","Reinforced Body","Leap"],"picked":"SKIP","floor":18},{"not_picked":["Barrage","Compile Driver"],"picked":"Ball Lightning","floor":19},{"not_picked":["Fusion","Sunder"],"picked":"Self Repair+1","floor":20}],"player_experience":1164379,"relics_obtained":[{"floor":6.0,"key":"MawBank"},{"floor":9.0,"key":"Ornamental Fan"},{"floor":12.0,"key":"Mummified Hand"},{"floor":14.0,"key":"The Courier"},{"floor":20,"key":"Dead Branch"},{"floor":20,"key":"Bottled Lightning"},{"floor":21,"key":"Shuriken"}],"event_choices":[{"damage_healed":0.0,"max_hp_gain":0.0,"max_hp_loss":0.0,"gold_gain":0.0,"event_name":"Shining Light","player_choice":"Entered Light","floor":2.0,"gold_loss":0.0,"damage_taken":21.0,"cards_upgraded":["Defend_B","Defend_B"]},{"damage_healed":0.0,"max_hp_gain":0.0,"max_hp_loss":0.0,"gold_gain":0.0,"cards_transformed":["Gash"],"event_name":"Living Wall","player_choice":"Change","floor":8.0,"gold_loss":0.0,"damage_taken":0.0,"cards_obtained":["Chill"]},{"damage_healed":0,"gold_gain":0,"player_choice":"Fight","damage_taken":0,"max_hp_gain":0,"max_hp_loss":0,"event_name":"Colosseum","floor":20,"gold_loss":0},{"damage_healed":0,"gold_gain":0,"player_choice":"Fought Nobs","damage_taken":0,"max_hp_gain":0,"max_hp_loss":0,"event_name":"Colosseum","floor":20,"gold_loss":0},{"damage_healed":0,"gold_gain":50,"player_choice":"Stole From Cult","damage_taken":0,"max_hp_gain":0,"max_hp_loss":0,"event_name":"Nest","floor":22,"gold_loss":0}],"is_beta":false,"boss_relics":[{"not_picked":["Pandora\u0027s Box","Runic Pyramid"],"picked":"Fusion Hammer"}],"items_purged_floors":[3],"is_endless":false,"potions_floor_spawned":[6,11,12,16,20,20],"killed_by":"Slavers","ascension_level":16}