{"gold_per_floor":[119,16,16,16,16,16,41,41,41,67,86,105,121,121],"floor_reached":14,"playtime":508,"items_purged":[],"score":103,"play_id":"d6380c62-1eb5-48f7-9adc-99c4d7ee6767","local_time":"20180701165859","is_ascension_mode":true,"campfire_choices":[{"data":"Static Discharge","floor":6,"key":"SMITH"},{"floor":8,"key":"DIG"}],"neow_cost":"","seed_source_timestamp":23981689069553,"circlet_count":0,"master_deck":["Strike_B","Strike_B","Strike_B","Defend_B","Defend_B","Defend_B","Zap","Dualcast","Redo","Turbo","Static Discharge+1","Loop","Static Discharge","Tempest","Tempest","Self Repair"],"relics":["Cracked Core","Shovel","Mango","Letter Opener","Regal Pillow"],"potions_floor_usage":[13],"damage_taken":[{"damage":6,"enemies":"Jaw Worm","floor":1,"turns":3},{"damage":25,"enemies":"Gremlin Nob","floor":7,"turns":3},{"damage":26,"enemies":"Lagavulin","floor":10,"turns":5},{"damage":1,"enemies":"Cultist","floor":11,"turns":3},{"damage":12,"enemies":"Small Slimes","floor":12,"turns":2},{"damage":8,"enemies":"Exordium Wildlife","floor":13,"turns":3},{"damage":6,"enemies":"3 Louse","floor":14,"turns":1}],"seed_played":"-1236996255691863601","potions_obtained":[{"floor":11,"key":"EssenceOfSteel"}],"is_trial":false,"path_per_floor":["M","$","?","$","?","R","E","R","T","E","M","M","M"],"character_chosen":"DEFECT","items_purchased":["Turbo","Static Discharge"],"campfire_rested":0,"item_purchase_floors":[2,2],"current_hp_per_floor":[69,69,69,69,62,62,37,51,51,25,24,12,4,0],"gold":121,"neow_bonus":"","is_prod":false,"is_daily":false,"chose_seed":false,"campfire_upgraded":1,"win_rate":0,"timestamp":1530478739,"path_taken":["M","$","?","$","?","R","E","R","T","E","M","?","M","?"],"build_version":"2018-06-28","purchased_purges":0,"victory":false,"max_hp_per_floor":[75,75,75,75,75,75,75,89,89,89,89,89,89,89],"card_choices":[{"not_picked":["Hologram","Gash"],"picked":"Redo","floor":1},{"not_picked":["Rip and Tear","Gash"],"picked":"Loop","floor":7},{"not_picked":["Compile Driver","Echo Form"],"picked":"Static Discharge","floor":10},{"not_picked":["Compile Driver","Barrage"],"picked":"Tempest","floor":11},{"not_picked":["Coolheaded","Steam"],"picked":"Tempest","floor":12},{"not_picked":["Loop","Force Field"],"picked":"Self Repair","floor":13}],"player_experience":174610,"relics_obtained":[{"floor":7,"key":"Shovel"},{"floor":8,"key":"Mango"},{"floor":9,"key":"Letter Opener"},{"floor":10,"key":"Regal Pillow"}],"event_choices":[{"event_name":"Bonfire Elementals","player_choice":"BASIC","floor":3,"damage_taken":0},{"event_name":"Golden Wing","player_choice":"Card Removal","floor":5,"damage_taken":0}],"boss_relics":[],"items_purged_floors":[],"is_endless":false,"potions_floor_spawned":[11],"killed_by":"3 Louse","ascension_level":1}