{"gold_per_floor":[219,219,50,60,79,108,108,33,80,113,113,126,81,112,112,212,212,232,157,175,192,192,226,226,259,259,259,287,298,311,328,328,430,430,444,444,464,484,499,499,510,510,510,301,321,331,331,345,345,345],"floor_reached":51,"playtime":1929,"items_purged":["Defend_R"],"score":781,"play_id":"2b50b08a-5a1f-4a57-bd66-469a1df30457","local_time":"20181116210630","is_ascension_mode":false,"campfire_choices":[{"data":"Apotheosis","floor":7.0,"key":"SMITH"},{"data":"Inflame","floor":11.0,"key":"SMITH"},{"data":"Metallicize","floor":15.0,"key":"SMITH"},{"data":"1","floor":27.0,"key":"LIFT"},{"data":"2","floor":32,"key":"LIFT"},{"data":"3","floor":40,"key":"LIFT"},{"data":"Demon Form","floor":42,"key":"SMITH"},{"data":"Metallicize","floor":49,"key":"SMITH"}],"neow_cost":"NONE","seed_source_timestamp":2858294733323148,"circlet_count":0,"master_deck":["Strike_R","Strike_R","Strike_R","Strike_R","Strike_R","Defend_R","Defend_R","Defend_R","Bash+1","Shrug It Off","Apotheosis+1","Headbutt","Sever Soul","Inflame+1","Metallicize+1","Cleave","Shrug It Off","Bludgeon","Uppercut+1","Spot Weakness+1","Heavy Blade","Inflame","Impervious","Shockwave","Demon Form+1","Metallicize+1","Ghostly Armor+1","Metallicize+1","Double Tap"],"special_seed":0,"relics":["Burning Blood","Orichalcum","Blood Vial","Omamori","PreservedInsect","Sozu","Magic Flower","Smiling Mask","Girya","Mercury Hourglass","Lizard Tail","Paper Frog","DollysMirror","Pear"],"potions_floor_usage":[50,50],"damage_taken":[{"damage":7.0,"enemies":"2 Louse","floor":1.0,"turns":4.0},{"damage":0.0,"enemies":"Cultist","floor":4.0,"turns":4.0},{"damage":0.0,"enemies":"Small Slimes","floor":5.0,"turns":3.0},{"damage":19.0,"enemies":"Lagavulin","floor":6.0,"turns":9.0},{"damage":16.0,"enemies":"3 Sentries","floor":10.0,"turns":9.0},{"damage":4.0,"enemies":"Exordium Thugs","floor":12.0,"turns":4.0},{"damage":18.0,"enemies":"Lagavulin","floor":14.0,"turns":6.0},{"damage":43.0,"enemies":"Slime Boss","floor":16.0,"turns":10.0},{"damage":4.0,"enemies":"Spheric Guardian","floor":18.0,"turns":3.0},{"damage":12.0,"enemies":"2 Thieves","floor":20.0,"turns":3.0},{"damage":11.0,"enemies":"Shelled Parasite and Fungi","floor":21.0,"turns":6.0},{"damage":3.0,"enemies":"Gremlin Leader","floor":23.0,"turns":2.0},{"damage":22.0,"enemies":"Slavers","floor":25.0,"turns":3.0},{"damage":17.0,"enemies":"Book of Stabbing","floor":28.0,"turns":4.0},{"damage":15.0,"enemies":"Snake Plant","floor":29.0,"turns":2.0},{"damage":2.0,"enemies":"Snecko","floor":30.0,"turns":3.0},{"damage":0,"enemies":"Centurion and Healer","floor":31,"turns":5},{"damage":41,"enemies":"Collector","floor":33,"turns":9},{"damage":5,"enemies":"3 Shapes","floor":35,"turns":5},{"damage":19,"enemies":"3 Darklings","floor":37,"turns":5},{"damage":18,"enemies":"Writhing Mass","floor":38,"turns":6},{"damage":0,"enemies":"Transient","floor":39,"turns":5},{"damage":9,"enemies":"4 Shapes","floor":41,"turns":5},{"damage":12,"enemies":"Spire Growth","floor":45,"turns":4},{"damage":14,"enemies":"3 Darklings","floor":46,"turns":4},{"damage":12,"enemies":"Writhing Mass","floor":48,"turns":6},{"damage":41,"enemies":"Time Eater","floor":50,"turns":10}],"seed_played":"-2883176402105347849","potions_obtained":[{"floor":5.0,"key":"Explosive Potion"},{"floor":14.0,"key":"SteroidPotion"},{"floor":16.0,"key":"SkillPotion"}],"is_trial":false,"path_per_floor":["M","?","$","M","M","E","R","$","T","E","R","M","$","E","R","B",null,"M","$","M","M","?","E","$","E","T","R","E","M","M","M","R","B",null,"M","?","M","M","M","R","M","R","T","$","M","M","T","M","R","B",null],"character_chosen":"IRONCLAD","items_purchased":["Apotheosis","Inflame","Cleave","DollysMirror"],"campfire_rested":0,"item_purchase_floors":[3,8,13,44],"current_hp_per_floor":[79,79,79,80,80,67,67,67,67,59,59,63,63,53,53,18,80,80,80,74,71,56,61,61,51,51,51,46,43,53,65,65,36,85,85,85,75,69,81,81,84,84,84,84,82,80,90,90,90,61],"gold":345,"neow_bonus":"HUNDRED_GOLD","is_prod":false,"is_daily":false,"chose_seed":false,"campfire_upgraded":5,"win_rate":0,"timestamp":1542402390,"path_taken":["M","?","$","M","M","E","R","$","T","E","R","?","?","E","R","BOSS","M","$","M","M","?","E","$","E","T","R","E","M","M","M","R","BOSS","M","?","M","M","M","R","?","R","T","$","M","M","?","?","R","BOSS"],"build_version":"2018-11-15","purchased_purges":1,"victory":true,"max_hp_per_floor":[80,80,80,80,80,80,80,80,80,80,80,80,80,80,80,80,80,80,80,80,80,85,85,85,85,85,85,85,85,85,85,85,85,85,85,85,85,85,85,85,85,85,85,85,85,85,95,95,95,95],"card_choices":[{"not_picked":["Sword Boomerang","Warcry"],"picked":"Shrug It Off","floor":1.0},{"not_picked":["Uppercut","Havoc"],"picked":"Headbutt","floor":4.0},{"not_picked":["Shrug It Off","Burning Pact"],"picked":"Sever Soul","floor":5.0},{"not_picked":["Seeing Red","Sever Soul","Entrench"],"picked":"SKIP","floor":6.0},{"not_picked":["Wild Strike","Feel No Pain"],"picked":"Metallicize","floor":10.0},{"not_picked":["Rupture","Entrench","Seeing Red"],"picked":"SKIP","floor":12.0},{"not_picked":["Carnage","Dual Wield"],"picked":"Shrug It Off","floor":14.0},{"not_picked":["Fiend Fire","Dark Embrace"],"picked":"Bludgeon","floor":16.0},{"not_picked":["Pommel Strike+1","Headbutt"],"picked":"Uppercut+1","floor":18.0},{"not_picked":["Iron Wave","Pommel Strike","Wild Strike"],"picked":"SKIP","floor":20.0},{"not_picked":["Dual Wield","Entrench","Thunderclap"],"picked":"SKIP","floor":21.0},{"not_picked":["Seeing Red","True Grit"],"picked":"Spot Weakness+1","floor":23.0},{"not_picked":["Seeing Red","Hemokinesis"],"picked":"Heavy Blade","floor":25.0},{"not_picked":["Perfected Strike+1","Armaments"],"picked":"Inflame","floor":28.0},{"not_picked":["Pommel Strike","Combust"],"picked":"Impervious","floor":29.0},{"not_picked":["Inflame","Twin Strike"],"picked":"Shockwave","floor":30.0},{"not_picked":["Wild Strike","Heavy Blade","Cleave"],"picked":"SKIP","floor":31},{"not_picked":["Berserk","Exhume"],"picked":"Demon Form","floor":33},{"not_picked":["Headbutt+1","True Grit","Hemokinesis"],"picked":"SKIP","floor":35},{"not_picked":["Headbutt+1","Intimidate+1","True Grit+1"],"picked":"SKIP","floor":37},{"not_picked":["Hemokinesis","Rage"],"picked":"Metallicize","floor":38},{"not_picked":["Blood for Blood","Evolve+1","Flex"],"picked":"SKIP","floor":39},{"not_picked":["Flex","Sword Boomerang"],"picked":"Ghostly Armor+1","floor":41},{"not_picked":["Spot Weakness","Blood for Blood+1"],"picked":"Double Tap","floor":45},{"not_picked":["Cleave","True Grit+1","Armaments+1"],"picked":"SKIP","floor":46},{"not_picked":["Sever Soul+1","Rage","Headbutt+1"],"picked":"SKIP","floor":48}],"player_experience":790768,"relics_obtained":[{"floor":6.0,"key":"Orichalcum"},{"floor":9.0,"key":"Blood Vial"},{"floor":10.0,"key":"Omamori"},{"floor":14.0,"key":"PreservedInsect"},{"floor":23.0,"key":"Magic Flower"},{"floor":25.0,"key":"Smiling Mask"},{"floor":26.0,"key":"Girya"},{"floor":28.0,"key":"Mercury Hourglass"},{"floor":43,"key":"Paper Frog"},{"floor":47,"key":"Pear"}],"event_choices":[{"damage_healed":0.0,"max_hp_gain":0.0,"max_hp_loss":0.0,"gold_gain":0.0,"event_name":"Accursed Blacksmith","player_choice":"Forge","floor":2.0,"gold_loss":0.0,"damage_taken":0.0,"cards_upgraded":["Bash"]},{"damage_healed":0.0,"max_hp_gain":5.0,"max_hp_loss":0.0,"gold_gain":0.0,"event_name":"Forgotten Altar","player_choice":"Shed Blood","floor":22.0,"gold_loss":0.0,"damage_taken":20.0},{"damage_healed":0,"gold_gain":0,"player_choice":"Bought 0 Potions","damage_taken":0,"max_hp_gain":0,"max_hp_loss":0,"event_name":"The Woman in Blue","floor":36,"gold_loss":0}],"is_beta":false,"boss_relics":[{"not_picked":["White Beast Statue","Black Star"],"picked":"Sozu"},{"not_picked":["Runic Cube","Empty Cage"],"picked":"Lizard Tail"}],"items_purged_floors":[19],"is_endless":false,"potions_floor_spawned":[5,14,16,20,21,28,30,31,37,39,41,45,48],"ascension_level":0}