{"gold_per_floor":[116,143,159,172,172,203,216,216,216,15,15,49,49,49,49,154,154,171,171,185,63,63,98,111,111,164,177,204,204,231,296,308,320],"floor_reached":33,"playtime":1990,"items_purged":["Strike_R"],"score":311,"play_id":"08f53d66-79ef-4ebb-866e-77450bcf605e","local_time":"20190207173651","is_ascension_mode":false,"campfire_choices":[{"floor":11,"key":"REST"},{"data":"True Grit","floor":13,"key":"SMITH"},{"data":"Disarm","floor":15,"key":"SMITH"},{"data":"Inflame","floor":29,"key":"SMITH"},{"data":"Offering","floor":32,"key":"SMITH"}],"neow_cost":"NONE","seed_source_timestamp":342135969494242,"circlet_count":0,"master_deck":["Strike_R","Strike_R","Strike_R","Defend_R","Defend_R","Defend_R","Defend_R","Bash+1","Disarm+1","Flame Barrier","Headbutt+1","Inflame+1","True Grit+1","Iron Wave+1","Uppercut+1","Offering+1","Cleave+1","Disarm+1","Iron Wave+1","Body Slam+1","Spot Weakness+1","Flame Barrier","Seeing Red+1","Flame Barrier","Flex+1"],"relics":["Black Blood","Pen Nib","Molten Egg 2","Dodecahedron","Centennial Puzzle","Blood Vial","Juzu Bracelet","Whetstone","Tiny Chest","Ornamental Fan","MawBank","Bag of Preparation"],"potions_floor_usage":[12,23,30],"damage_taken":[{"damage":5,"enemies":"Cultist","floor":1,"turns":4},{"damage":0,"enemies":"Small Slimes","floor":3,"turns":3},{"damage":0,"enemies":"2 Louse","floor":4,"turns":4},{"damage":41,"enemies":"Gremlin Nob","floor":6,"turns":5},{"damage":24,"enemies":"Gremlin Gang","floor":7,"turns":8},{"damage":4,"enemies":"3 Sentries","floor":12,"turns":11},{"damage":7,"enemies":"Hexaghost","floor":16,"turns":9},{"damage":4,"enemies":"Chosen","floor":18,"turns":4},{"damage":9,"enemies":"Shell Parasite","floor":20,"turns":5},{"damage":34,"enemies":"Slavers","floor":23,"turns":5},{"damage":8,"enemies":"Centurion and Healer","floor":24,"turns":8},{"damage":6,"enemies":"Chosen and Byrds","floor":27,"turns":7},{"damage":8,"enemies":"Book of Stabbing","floor":28,"turns":5},{"damage":30,"enemies":"Gremlin Leader","floor":30,"turns":9},{"damage":62,"enemies":"Automaton","floor":33,"turns":6}],"seed_played":"2838542127138200023","potions_obtained":[{"floor":0,"key":"SmokeBomb"},{"floor":0,"key":"Dexterity Potion"},{"floor":0,"key":"SmokeBomb"},{"floor":20,"key":"BloodPotion"},{"floor":23,"key":"FearPotion"},{"floor":28,"key":"SkillPotion"}],"is_trial":false,"path_per_floor":["M","T","M","M","?","E","M","?","T","$","R","E","R","?","R","B",null,"M","?","M","$","?","E","M","?","T","M","E","R","E","T","R","B"],"character_chosen":"IRONCLAD","items_purchased":["Blood Vial","Iron Wave+1","Body Slam+1"],"campfire_rested":1,"item_purchase_floors":[10,10,21],"current_hp_per_floor":[80,80,80,80,73,38,20,20,20,20,44,48,48,41,41,42,80,80,80,80,80,80,64,68,68,68,74,78,78,60,60,60,0],"gold":320,"neow_bonus":"THREE_SMALL_POTIONS","is_prod":false,"is_daily":false,"chose_seed":false,"campfire_upgraded":4,"win_rate":0.0,"timestamp":1549557411,"path_taken":["M","?","?","?","?","E","M","?","T","$","R","E","R","?","R","BOSS","M","?","M","$","?","E","M","?","T","M","E","R","E","?","R","BOSS"],"build_version":"2019-01-23","purchased_purges":1,"victory":false,"max_hp_per_floor":[80,80,80,80,80,80,80,80,80,80,80,80,80,80,80,80,80,80,80,80,80,80,80,80,80,80,80,80,80,80,80,80,80],"card_choices":[{"not_picked":["Headbutt","Warcry"],"picked":"Disarm","floor":1},{"not_picked":["Burning Pact","Thunderclap"],"picked":"Flame Barrier","floor":3},{"not_picked":["Blood for Blood","Warcry"],"picked":"Headbutt","floor":4},{"not_picked":["Rupture","Dual Wield"],"picked":"Inflame","floor":6},{"not_picked":["Burning Pact","Power Through"],"picked":"True Grit","floor":7},{"not_picked":["Demon Form","True Grit"],"picked":"Uppercut+1","floor":12},{"not_picked":["Juggernaut","Limit Break"],"picked":"Offering","floor":16},{"not_picked":["Headbutt+1","Armaments"],"picked":"Cleave+1","floor":18},{"not_picked":["Ghostly Armor","Warcry+1"],"picked":"Iron Wave+1","floor":20},{"not_picked":["Burning Pact","Havoc"],"picked":"Spot Weakness+1","floor":23},{"not_picked":["Iron Wave+1","Infernal Blade"],"picked":"Flame Barrier","floor":24},{"not_picked":["Iron Wave+1","Perfected Strike+1"],"picked":"Seeing Red+1","floor":27},{"not_picked":["Flex","Blood for Blood+1"],"picked":"Flame Barrier","floor":28},{"not_picked":["Sentinel","Perfected Strike+1"],"picked":"Flex+1","floor":30}],"player_experience":52128,"relics_obtained":[{"floor":2,"key":"Pen Nib"},{"floor":6,"key":"Molten Egg 2"},{"floor":8,"key":"Dodecahedron"},{"floor":9,"key":"Centennial Puzzle"},{"floor":12,"key":"Juzu Bracelet"},{"floor":23,"key":"Whetstone"},{"floor":26,"key":"Tiny Chest"},{"floor":28,"key":"Ornamental Fan"},{"floor":30,"key":"MawBank"},{"floor":31,"key":"Bag of Preparation"}],"event_choices":[{"cards_removed":["Strike_R"],"damage_healed":0,"gold_gain":0,"player_choice":"Card Removal","damage_taken":7,"max_hp_gain":0,"max_hp_loss":0,"event_name":"Golden Wing","floor":5,"gold_loss":0},{"damage_healed":0,"gold_gain":0,"player_choice":"Relic","damage_taken":0,"max_hp_gain":0,"max_hp_loss":0,"event_name":"Wheel of Change","floor":8,"gold_loss":0},{"damage_healed":0,"gold_gain":0,"player_choice":"Fled","damage_taken":7,"max_hp_gain":0,"max_hp_loss":0,"event_name":"Scrap Ooze","floor":14,"gold_loss":0},{"damage_healed":0,"gold_gain":0,"player_choice":"Copied","damage_taken":0,"max_hp_gain":0,"max_hp_loss":0,"event_name":"Duplicator","floor":19,"gold_loss":0,"cards_obtained":["Disarm"]},{"damage_healed":0,"gold_gain":0,"player_choice":"Ignored","damage_taken":0,"max_hp_gain":0,"max_hp_loss":0,"event_name":"Vampires","floor":25,"gold_loss":0}],"is_beta":false,"boss_relics":[{"not_picked":["Runic Pyramid","Coffee Dripper"],"picked":"Black Blood"}],"items_purged_floors":[21],"is_endless":false,"potions_floor_spawned":[3,6,7,20,23,28],"killed_by":"Automaton","ascension_level":0}