{"gold_per_floor":[117,127,77,252,17,17,50,65,65,77,103,127,139,164,176,292,304,335,347,374,420,432,444,456,468,507,529,115,115],"floor_reached":29,"playtime":893,"items_purged":["Doubt","Exhume"],"score":382,"play_id":"67882695-ff70-4ba5-b7e4-4c09b9b062af","local_time":"20190210192507","is_ascension_mode":true,"campfire_choices":[{"floor":10,"key":"REST"},{"data":"Sword Boomerang","floor":13,"key":"SMITH"},{"data":"Cleave","floor":15,"key":"SMITH"},{"data":"Battle Trance","floor":23,"key":"SMITH"}],"neow_cost":"NONE","seed_source_timestamp":10025491047500,"circlet_count":0,"master_deck":["AscendersBane","Defend_R+1","Defend_R+1","Defend_R+1","Defend_R+1","Bash+1","Sword Boomerang+1","Cleave+1","Pummel","Headbutt","Battle Trance+1","Bite","Bite","Bite","Bite+1","Bite+1","Shrug It Off","Master of Strategy","Shrug It Off"],"special_seed":0,"relics":["Burning Blood","Dream Catcher","Membership Card","Dodecahedron","MawBank","Mark of Pain","Red Mask","Potion Belt","Whetstone","Lantern","Self Forming Clay"],"potions_floor_usage":[16,16,21],"damage_taken":[{"damage":15.0,"enemies":"Cultist","floor":1.0,"turns":5.0},{"damage":8.0,"enemies":"Small Slimes","floor":2.0,"turns":4.0},{"damage":45,"enemies":"3 Sentries","floor":7,"turns":8},{"damage":8,"enemies":"2 Louse","floor":8,"turns":2},{"damage":1,"enemies":"2 Fungi Beasts","floor":11,"turns":4},{"damage":12,"enemies":"Gremlin Gang","floor":12,"turns":6},{"damage":7,"enemies":"Looter","floor":14,"turns":3},{"damage":34,"enemies":"The Guardian","floor":16,"turns":16},{"damage":19,"enemies":"Chosen","floor":18,"turns":4},{"damage":43,"enemies":"Shell Parasite","floor":20,"turns":6},{"damage":0,"enemies":"Masked Bandits","floor":21,"turns":2},{"damage":60,"enemies":"Snecko","floor":27,"turns":7},{"damage":27,"enemies":"Snake Plant","floor":29,"turns":4}],"seed_played":"-6101187746162194512","potions_obtained":[{"floor":7,"key":"Block Potion"},{"floor":11,"key":"AttackPotion"},{"floor":14,"key":"Dexterity Potion"},{"floor":16,"key":"FearPotion"},{"floor":18,"key":"SkillPotion"},{"floor":21,"key":"Strength Potion"}],"is_trial":false,"path_per_floor":["M","M","?","?","$","?","E","M","T","R","M","M","R","M","R","B",null,"M","?","M","?","?","R","?","T","T","M","$","M"],"character_chosen":"IRONCLAD","items_purchased":["Membership Card","Lantern","Self Forming Clay","Master of Strategy","Shrug It Off","Fire Potion","LiquidBronze"],"campfire_rested":1,"item_purchase_floors":[5,28,28,28,28,28,28],"current_hp_per_floor":[63,61,61,61,61,61,22,20,20,44,49,43,43,42,42,14,64,51,51,29,39,56,56,56,56,56,13,13,0],"gold":115,"neow_bonus":"RANDOM_COMMON_RELIC","is_prod":false,"is_daily":false,"chose_seed":false,"campfire_upgraded":3,"win_rate":0,"timestamp":1549819507,"path_taken":["M","?","?","?","$","?","E","M","T","R","?","M","R","M","R","BOSS","M","?","M","?","?","R","?","?","T","M","$","M"],"build_version":"2019-01-23","purchased_purges":2,"victory":false,"max_hp_per_floor":[80,80,80,80,80,80,80,80,80,80,80,80,80,80,80,80,80,80,56,56,56,56,56,56,56,56,56,56,56],"card_choices":[{"not_picked":["Wild Strike","Whirlwind"],"picked":"Sword Boomerang","floor":1.0},{"not_picked":["Fire Breathing","Feel No Pain"],"picked":"Cleave","floor":2.0},{"not_picked":["Berserk","Evolve"],"picked":"Pummel","floor":7},{"not_picked":["Dropkick","Heavy Blade","Cleave"],"picked":"SKIP","floor":8},{"not_picked":["Second Wind","Body Slam","Sword Boomerang"],"picked":"SKIP","floor":11},{"not_picked":["Power Through","Iron Wave","Rage"],"picked":"SKIP","floor":12},{"not_picked":["Havoc","Body Slam"],"picked":"Headbutt","floor":14},{"not_picked":["Dark Embrace","Brutality"],"picked":"Exhume","floor":16},{"not_picked":["Iron Wave","Flex"],"picked":"Battle Trance","floor":18},{"not_picked":["Wild Strike","Havoc","Blood for Blood"],"picked":"SKIP","floor":20},{"not_picked":["Sever Soul","Combust"],"picked":"Shrug It Off","floor":27}],"player_experience":695655,"relics_obtained":[{"floor":7,"key":"Dodecahedron"},{"floor":9,"key":"MawBank"},{"floor":21,"key":"Red Mask"},{"floor":25,"key":"Potion Belt"},{"floor":26,"key":"Whetstone"}],"event_choices":[{"cards_removed":["Strike_R"],"damage_healed":0.0,"max_hp_gain":0.0,"max_hp_loss":0.0,"gold_gain":0.0,"event_name":"The Cleric","player_choice":"Card Removal","floor":3.0,"gold_loss":50.0,"damage_taken":0.0},{"damage_healed":0.0,"max_hp_gain":0.0,"max_hp_loss":0.0,"gold_gain":175.0,"event_name":"Liars Game","player_choice":"AGREE","floor":4.0,"gold_loss":0.0,"damage_taken":0.0,"cards_obtained":["Doubt"]},{"damage_healed":0,"gold_gain":0,"player_choice":"Forge","damage_taken":0,"max_hp_gain":0,"max_hp_loss":0,"event_name":"Accursed Blacksmith","floor":6,"gold_loss":0,"cards_upgraded":["Bash"]},{"damage_healed":0,"gold_gain":0,"player_choice":"Became a vampire","damage_taken":0,"max_hp_gain":0,"max_hp_loss":24,"event_name":"Vampires","floor":19,"gold_loss":0,"cards_obtained":["Bite","Bite","Bite","Bite","Bite"]},{"damage_healed":0,"gold_gain":0,"player_choice":"Fought Bandits","damage_taken":0,"max_hp_gain":0,"max_hp_loss":0,"event_name":"Masked Bandits","floor":21,"gold_loss":0},{"damage_healed":18,"gold_gain":0,"player_choice":"Heal","damage_taken":0,"max_hp_gain":0,"max_hp_loss":0,"event_name":"The Library","floor":22,"gold_loss":0},{"damage_healed":0,"gold_gain":0,"player_choice":"Simplicity","damage_taken":0,"max_hp_gain":0,"max_hp_loss":0,"event_name":"Back to Basics","floor":24,"gold_loss":0,"cards_upgraded":["Defend_R","Defend_R","Defend_R","Defend_R"]}],"is_beta":false,"boss_relics":[{"not_picked":["Black Blood","Ectoplasm"],"picked":"Mark of Pain"}],"items_purged_floors":[5,28],"is_endless":false,"potions_floor_spawned":[7,11,14,16,18,21],"killed_by":"Snake Plant","ascension_level":12}