{"gold_per_floor":[113,113,288,145,145,145,0,0,0,30,42,74,74,108,108,108],"floor_reached":16,"playtime":379,"items_purged":["Doubt","Strike_R"],"score":177,"play_id":"972a24cf-8b11-400f-a958-dba9704209c6","local_time":"20190210054632","is_ascension_mode":true,"campfire_choices":[{"data":"Bash","floor":6.0,"key":"SMITH"},{"data":"Infernal Blade","floor":8.0,"key":"SMITH"},{"data":"Twin Strike","floor":13,"key":"SMITH"},{"data":"Inflame","floor":15,"key":"SMITH"}],"neow_cost":"NONE","seed_source_timestamp":54401832390400,"circlet_count":0,"master_deck":["AscendersBane","Strike_R","Strike_R","Strike_R","Strike_R","Defend_R","Defend_R","Defend_R","Bash+1","Infernal Blade+1","Reaper","Shrug It Off","Pummel","Twin Strike+1","Inflame+1"],"special_seed":0,"relics":["Burning Blood","Prayer Wheel","Paper Frog","Lantern","WingedGreaves"],"potions_floor_usage":[12,14],"damage_taken":[{"damage":8.0,"enemies":"Jaw Worm","floor":1.0,"turns":4.0},{"damage":26,"enemies":"Gremlin Nob","floor":10,"turns":4},{"damage":0,"enemies":"2 Louse","floor":11,"turns":3},{"damage":27,"enemies":"3 Sentries","floor":12,"turns":6},{"damage":25,"enemies":"Lagavulin","floor":14,"turns":5},{"damage":61,"enemies":"The Guardian","floor":16,"turns":13}],"seed_played":"7151129906566084055","potions_obtained":[{"floor":10,"key":"PowerPotion"},{"floor":11,"key":"BloodPotion"}],"is_trial":false,"path_per_floor":["M","?","?","$","?","R","$","R","T","E","M","E","R","E","R","B"],"character_chosen":"IRONCLAD","items_purchased":["Infernal Blade","Shrug It Off"],"campfire_rested":0,"item_purchase_floors":[4,7],"current_hp_per_floor":[78,71,71,71,71,71,71,71,71,57,71,62,62,51,51,0],"gold":108,"neow_bonus":"TEN_PERCENT_HP_BONUS","is_prod":false,"is_daily":false,"chose_seed":false,"campfire_upgraded":4,"win_rate":0,"timestamp":1549770392,"path_taken":["M","?","?","$","?","R","$","R","T","E","?","E","R","E","R","BOSS"],"build_version":"2019-01-23","purchased_purges":2,"victory":false,"max_hp_per_floor":[88,88,88,88,88,88,88,88,88,88,88,88,88,88,88,88],"card_choices":[{"not_picked":["Clothesline","Iron Wave","Body Slam"],"picked":"SKIP","floor":1.0},{"not_picked":["Pommel Strike","Power Through"],"picked":"Pummel","floor":10},{"not_picked":["Flame Barrier","Combust","Iron Wave"],"picked":"SKIP","floor":11},{"not_picked":["Clash","Sever Soul","Warcry"],"picked":"SKIP","floor":11},{"not_picked":["Seeing Red","Armaments"],"picked":"Twin Strike","floor":12},{"not_picked":["Iron Wave","Offering"],"picked":"Inflame","floor":14}],"player_experience":692561,"relics_obtained":[{"floor":9.0,"key":"Prayer Wheel"},{"floor":10,"key":"Paper Frog"},{"floor":12,"key":"Lantern"},{"floor":14,"key":"WingedGreaves"}],"event_choices":[{"cards_removed":["Defend_R"],"damage_healed":0.0,"max_hp_gain":0.0,"max_hp_loss":0.0,"gold_gain":0.0,"event_name":"Golden Wing","player_choice":"Card Removal","floor":2.0,"gold_loss":0.0,"damage_taken":7.0},{"damage_healed":0.0,"max_hp_gain":0.0,"max_hp_loss":0.0,"gold_gain":175.0,"event_name":"Liars Game","player_choice":"AGREE","floor":3.0,"gold_loss":0.0,"damage_taken":0.0,"cards_obtained":["Doubt"]},{"damage_healed":0.0,"max_hp_gain":0.0,"max_hp_loss":0.0,"gold_gain":0.0,"event_name":"Match and Keep!","player_choice":"1 cards matched","floor":5.0,"gold_loss":0.0,"damage_taken":0.0,"cards_obtained":["Reaper"]}],"is_beta":false,"boss_relics":[],"items_purged_floors":[4,7],"is_endless":false,"potions_floor_spawned":[10,11],"killed_by":"The Guardian","ascension_level":11}