{"gold_per_floor":[117,137,149,168,168,168,200,259,259,290,290],"floor_reached":11,"playtime":1075,"items_purged":[],"score":154,"play_id":"9977d3c5-f483-46e2-a011-f10b8a5dfcab","local_time":"20190131203648","is_ascension_mode":true,"campfire_choices":[{"data":"Bash","floor":6,"key":"SMITH"}],"neow_cost":"NONE","seed_source_timestamp":336074706633200,"circlet_count":0,"master_deck":["AscendersBane","Strike_R","Strike_R","Strike_R","Strike_R","Strike_R","Defend_R","Defend_R","Defend_R","Defend_R","Bash+1","Twin Strike","Headbutt","True Grit","Impervious","Uppercut","Pommel Strike","Corruption"],"relics":["Burning Blood","Dead Branch","Shovel","Matryoshka","Darkstone Periapt","Bird Faced Urn","Mango"],"potions_floor_usage":[4,8,10,11],"damage_taken":[{"damage":1,"enemies":"Cultist","floor":1,"turns":3},{"damage":7,"enemies":"Jaw Worm","floor":2,"turns":3},{"damage":7,"enemies":"Small Slimes","floor":3,"turns":3},{"damage":22,"enemies":"3 Louse","floor":4,"turns":5},{"damage":31,"enemies":"Gremlin Nob","floor":7,"turns":5},{"damage":28,"enemies":"3 Sentries","floor":8,"turns":8},{"damage":11,"enemies":"3 Sentries","floor":10,"turns":5},{"damage":30,"enemies":"The Mushroom Lair","floor":11,"turns":2}],"seed_played":"-4131520940559640842","potions_obtained":[{"floor":2,"key":"BloodPotion"},{"floor":7,"key":"EntropicBrew"},{"floor":8,"key":"Poison Potion"}],"is_trial":false,"path_per_floor":["M","M","M","M","?","R","E","?","T","E","?"],"character_chosen":"IRONCLAD","items_purchased":[],"campfire_rested":0,"item_purchase_floors":[],"current_hp_per_floor":[85,84,83,75,63,63,38,16,16,25,0],"gold":290,"neow_bonus":"TEN_PERCENT_HP_BONUS","is_prod":false,"is_daily":false,"chose_seed":false,"campfire_upgraded":1,"win_rate":0,"timestamp":1548963408,"path_taken":["M","M","M","?","?","R","E","?","T","E","?"],"build_version":"2019-01-23","purchased_purges":0,"victory":false,"max_hp_per_floor":[88,88,88,88,88,88,88,88,88,102,102],"card_choices":[{"not_picked":["Warcry","Clash"],"picked":"Twin Strike","floor":1},{"not_picked":["Warcry","Metallicize"],"picked":"Headbutt","floor":2},{"not_picked":["Feel No Pain","Wild Strike"],"picked":"True Grit","floor":3},{"not_picked":["Wild Strike","Power Through"],"picked":"Impervious","floor":4},{"not_picked":["Perfected Strike","Headbutt"],"picked":"Uppercut","floor":7},{"not_picked":["Flex","Warcry"],"picked":"Pommel Strike","floor":8},{"not_picked":["Clash","Shrug It Off"],"picked":"Corruption","floor":10}],"player_experience":231999,"relics_obtained":[{"floor":7,"key":"Shovel"},{"floor":8,"key":"Matryoshka"},{"floor":9,"key":"Darkstone Periapt"},{"floor":9,"key":"Bird Faced Urn"},{"floor":10,"key":"Mango"}],"event_choices":[{"damage_healed":0,"gold_gain":0,"player_choice":"Success","damage_taken":12,"relics_obtained":["Dead Branch"],"max_hp_gain":0,"max_hp_loss":0,"event_name":"Scrap Ooze","floor":5,"gold_loss":0},{"damage_healed":0,"gold_gain":0,"player_choice":"Searched \u00272\u0027 times","damage_taken":0,"max_hp_gain":0,"max_hp_loss":0,"event_name":"Dead Adventurer","floor":8,"gold_loss":0},{"damage_healed":0,"gold_gain":0,"player_choice":"Fought Mushrooms","damage_taken":0,"max_hp_gain":0,"max_hp_loss":0,"event_name":"Mushrooms","floor":11,"gold_loss":0}],"is_beta":false,"boss_relics":[],"items_purged_floors":[],"is_endless":false,"potions_floor_spawned":[2,7,8],"killed_by":"The Mushroom Lair","ascension_level":11}