{"gold_per_floor":[116,191,211,281,291,291,291,291,314,330,349,349,383,400,400,500,500,518,518,518,534,552,552,552,567,567,585,585,359,359,370,370,474,474,490,502,257,257,257,257,269,269,269,46,59,76,76,90,90,90],"floor_reached":51,"playtime":2660,"items_purged":["Pain","Wild Strike","Pain"],"score":701,"play_id":"df7fc263-e8a9-43f8-84b0-36c6732867c9","local_time":"20181116224037","is_ascension_mode":false,"campfire_choices":[{"data":"Body Slam","floor":6,"key":"SMITH"},{"data":"Bash","floor":8,"key":"SMITH"},{"data":"Armaments","floor":12,"key":"SMITH"},{"data":"Iron Wave","floor":15,"key":"SMITH"},{"data":"Shockwave","floor":23,"key":"SMITH"},{"data":"Shrug It Off","floor":28,"key":"SMITH"},{"floor":30,"key":"REST"},{"data":"Limit Break","floor":32,"key":"SMITH"},{"data":"Entrench","floor":40,"key":"SMITH"},{"data":"Heavy Blade","floor":42,"key":"SMITH"},{"data":"Ghostly Armor","floor":47,"key":"SMITH"},{"data":"Impervious","floor":49,"key":"SMITH"}],"neow_cost":"PERCENT_DAMAGE","seed_source_timestamp":103996094057556,"circlet_count":0,"master_deck":["Bash+1","Body Slam+1","Iron Wave+1","Armaments+1","Cleave","Limit Break+1","Shrug It Off+1","Reaper","Second Wind","Shockwave+1","Pommel Strike","Heavy Blade+1","Pommel Strike","Entrench+1","Thunderclap","Entrench+1","Ghostly Armor+1","Impervious+1","Ghostly Armor+1","Limit Break+1","Headbutt","Dark Shackles"],"relics":["Burning Blood","Blue Candle","Art of War","Regal Pillow","Pear","Pandora\u0027s Box","WarpedTongs","Singing Bowl","Vajra","Cursed Key","Centennial Puzzle","Bird Faced Urn"],"potions_floor_usage":[13,13,16,27,33,33,50,50],"damage_taken":[{"damage":13,"enemies":"Jaw Worm","floor":1,"turns":3},{"damage":3,"enemies":"Cultist","floor":3,"turns":5},{"damage":1,"enemies":"2 Louse","floor":5,"turns":4},{"damage":12,"enemies":"Gremlin Gang","floor":10,"turns":6},{"damage":7,"enemies":"2 Fungi Beasts","floor":11,"turns":4},{"damage":17,"enemies":"3 Sentries","floor":13,"turns":8},{"damage":5,"enemies":"Lots of Slimes","floor":14,"turns":3},{"damage":51,"enemies":"The Guardian","floor":16,"turns":16},{"damage":20,"enemies":"3 Byrds","floor":18,"turns":6},{"damage":9,"enemies":"2 Thieves","floor":21,"turns":5},{"damage":28,"enemies":"Snecko","floor":22,"turns":6},{"damage":42,"enemies":"Snake Plant","floor":25,"turns":5},{"damage":14,"enemies":"3 Cultists","floor":27,"turns":5},{"damage":5,"enemies":"Cultist and Chosen","floor":31,"turns":6},{"damage":67,"enemies":"Collector","floor":33,"turns":11},{"damage":9,"enemies":"3 Darklings","floor":35,"turns":8},{"damage":0,"enemies":"Orb Walker","floor":36,"turns":3},{"damage":3,"enemies":"4 Shapes","floor":41,"turns":5},{"damage":21,"enemies":"3 Darklings","floor":45,"turns":5},{"damage":6,"enemies":"Jaw Worm Horde","floor":46,"turns":5},{"damage":0,"enemies":"Transient","floor":48,"turns":5},{"damage":55,"enemies":"Time Eater","floor":50,"turns":7}],"seed_played":"-4847573103363046339","potions_obtained":[{"floor":10,"key":"Regen Potion"},{"floor":11,"key":"BloodPotion"},{"floor":14,"key":"Explosive Potion"},{"floor":16,"key":"Dexterity Potion"},{"floor":20,"key":"LiquidBronze"},{"floor":20,"key":"Dexterity Potion"},{"floor":21,"key":"BloodPotion"},{"floor":31,"key":"Poison Potion"},{"floor":35,"key":"EssenceOfSteel"},{"floor":45,"key":"SkillPotion"}],"is_trial":false,"path_per_floor":["M","?","M","T","M","R","T","R","T","M","M","R","E","M","R","B",null,"M","?","?","M","M","R","?","M","T","M","R","$","R","M","R","B",null,"M","M","$","?","?","R","M","R","T","$","M","M","R","M","R","B",null],"character_chosen":"IRONCLAD","items_purchased":["Vajra","Centennial Puzzle","Dark Shackles"],"campfire_rested":1,"item_purchase_floors":[29,37,44],"current_hp_per_floor":[49,38,41,41,46,46,46,46,46,40,39,39,61,62,62,17,90,79,79,79,76,60,60,60,24,24,34,34,34,76,83,83,48,92,91,94,94,94,94,94,94,94,94,94,96,98,98,100,100,51],"gold":90,"neow_bonus":"REMOVE_TWO","is_prod":false,"is_daily":false,"chose_seed":false,"campfire_upgraded":11,"win_rate":0,"timestamp":1542426037,"path_taken":["M","?","M","?","?","R","?","R","T","?","M","R","E","M","R","BOSS","M","?","?","M","?","R","?","M","T","M","R","$","R","M","R","BOSS","M","?","?","?","?","R","?","R","T","$","M","M","R","M","R","BOSS"],"build_version":"2018-11-15","purchased_purges":3,"victory":true,"max_hp_per_floor":[80,80,80,80,80,80,80,80,80,80,80,80,90,90,90,90,90,90,90,90,90,90,90,90,90,90,92,92,92,92,92,92,92,92,94,94,94,94,94,94,94,94,94,94,96,98,98,100,100,100],"card_choices":[{"not_picked":["Warcry","Heavy Blade"],"picked":"Body Slam","floor":1},{"not_picked":["Fire Breathing","Rampage"],"picked":"Iron Wave","floor":3},{"not_picked":["Searing Blow","Pommel Strike","Iron Wave"],"picked":"SKIP","floor":5},{"not_picked":["Wild Strike","Havoc"],"picked":"Armaments","floor":10},{"not_picked":["Dropkick","Heavy Blade"],"picked":"Cleave","floor":11},{"not_picked":["Berserk","Dropkick"],"picked":"Limit Break","floor":13},{"not_picked":["Warcry","Uppercut"],"picked":"Shrug It Off","floor":14},{"not_picked":["Double Tap","Impervious"],"picked":"Reaper","floor":16},{"not_picked":["Heavy Blade+1","Power Through","Shockwave"],"picked":"SKIP","floor":18},{"not_picked":["Twin Strike","Clothesline"],"picked":"Thunderclap","floor":21},{"not_picked":["Rage+1","Havoc"],"picked":"Entrench+1","floor":22},{"not_picked":["Thunderclap","Intimidate","Pommel Strike"],"picked":"SKIP","floor":25},{"not_picked":["Iron Wave","Sword Boomerang","Second Wind"],"picked":"Singing Bowl","floor":27},{"not_picked":["Body Slam","Dropkick"],"picked":"Ghostly Armor","floor":31},{"not_picked":["Immolate","Dark Embrace"],"picked":"Impervious","floor":33},{"not_picked":["Heavy Blade","Thunderclap","Whirlwind"],"picked":"Singing Bowl","floor":35},{"not_picked":["Sentinel","Power Through+1"],"picked":"Ghostly Armor+1","floor":36},{"not_picked":["Clothesline+1","Twin Strike+1"],"picked":"Headbutt","floor":41},{"not_picked":["Dropkick","Perfected Strike+1","Iron Wave"],"picked":"Singing Bowl","floor":45},{"not_picked":["Anger+1","Clothesline+1","Body Slam"],"picked":"Singing Bowl","floor":46},{"not_picked":["Intimidate+1","Cleave+1","Heavy Blade"],"picked":"Singing Bowl","floor":48}],"player_experience":3357023,"relics_obtained":[{"floor":4,"key":"Blue Candle"},{"floor":7,"key":"Art of War"},{"floor":9,"key":"Regal Pillow"},{"floor":13,"key":"Pear"},{"floor":26,"key":"Singing Bowl"},{"floor":43,"key":"Bird Faced Urn"}],"event_choices":[{"damage_healed":0,"gold_gain":75,"player_choice":"Gather Gold","damage_taken":11,"max_hp_gain":0,"max_hp_loss":0,"event_name":"World of Goop","floor":2,"gold_loss":0},{"damage_healed":0,"gold_gain":0,"player_choice":"Ignored","damage_taken":0,"max_hp_gain":0,"max_hp_loss":0,"event_name":"Vampires","floor":19,"gold_loss":0},{"damage_healed":0,"gold_gain":0,"player_choice":"Got Potions","damage_taken":0,"max_hp_gain":0,"max_hp_loss":0,"event_name":"Lab","floor":20,"gold_loss":0},{"damage_healed":0,"gold_gain":0,"player_choice":"Rummage","damage_taken":0,"relics_obtained":["WarpedTongs"],"max_hp_gain":0,"max_hp_loss":0,"event_name":"Accursed Blacksmith","floor":24,"gold_loss":0,"cards_obtained":["Pain"]},{"damage_healed":0,"gold_gain":0,"player_choice":"Ignored","damage_taken":0,"max_hp_gain":0,"max_hp_loss":0,"event_name":"Mysterious Sphere","floor":38,"gold_loss":0},{"damage_healed":0,"gold_gain":0,"player_choice":"Copied","damage_taken":0,"max_hp_gain":0,"max_hp_loss":0,"event_name":"Duplicator","floor":39,"gold_loss":0,"cards_obtained":["Limit Break"]}],"is_beta":false,"boss_relics":[{"not_picked":["Eternal Feather","Black Blood"],"picked":"Pandora\u0027s Box"},{"not_picked":["Philosopher\u0027s Stone","Calling Bell"],"picked":"Cursed Key"}],"items_purged_floors":[29,37,44],"is_endless":false,"potions_floor_spawned":[10,11,14,16,21,31,35,45,48],"ascension_level":0}