{"gold_per_floor":[116,128,145,165,165,197,197,222,271,271,286,13,13,29,29,108,108,126,57,57,76,76,76,109,109,109,109,109,141,5,18,18,92,92,105,105,105,120,130,130,130,142,142,153,153,165,165,183,183,183],"floor_reached":51,"playtime":9540,"items_purged":[],"score":1227,"play_id":"f411d209-5283-4ec9-992d-26e739e8c515","local_time":"20190129085425","is_ascension_mode":true,"campfire_choices":[{"floor":7,"key":"REST"},{"floor":10,"key":"REST"},{"data":"Footwork","floor":13,"key":"SMITH"},{"data":"Neutralize","floor":15,"key":"SMITH"},{"data":"Reflex","floor":23,"key":"SMITH"},{"floor":28,"key":"REST"},{"data":"Concentrate","floor":32,"key":"SMITH"},{"data":"Prepared","floor":40,"key":"SMITH"},{"data":"Tactician","floor":45,"key":"SMITH"},{"data":"Acrobatics","floor":47,"key":"SMITH"},{"data":"Adrenaline","floor":49,"key":"SMITH"}],"neow_cost":"NONE","seed_source_timestamp":112647668999900,"circlet_count":0,"master_deck":["AscendersBane","Survivor","Neutralize+1","Blind","Footwork+1","Deadly Poison","Quick Slash","Sucker Punch","Tools of the Trade","Dagger Spray","Deflect","Well Laid Plans+1","Adrenaline+1","Leg Sweep","Reflex+1","After Image+1","Escape Plan","Well Laid Plans+1","Backflip","Underhanded Strike","Outmaneuver","Cloak And Dagger","Noxious Fumes+1","Escape Plan","Acrobatics+1","Backflip","Caltrops+1","Concentrate+1","Grand Finale","Tactician+1","Prepared+1","Prepared+1","Catalyst"],"relics":["Ring of the Snake","Happy Flower","Frozen Egg 2","Omamori","TwistedFunnel","Pandora\u0027s Box","Bag of Preparation","MutagenicStrength","Paper Crane","Sundial","Sozu","Mercury Hourglass"],"potions_floor_usage":[8,16,21,50],"damage_taken":[{"damage":7,"enemies":"Jaw Worm","floor":1,"turns":8},{"damage":0,"enemies":"Cultist","floor":2,"turns":5},{"damage":7,"enemies":"Small Slimes","floor":3,"turns":4},{"damage":12,"enemies":"3 Louse","floor":4,"turns":5},{"damage":6,"enemies":"Lagavulin","floor":6,"turns":9},{"damage":20,"enemies":"3 Sentries","floor":8,"turns":11},{"damage":7,"enemies":"Exordium Wildlife","floor":11,"turns":4},{"damage":0,"enemies":"Large Slime","floor":14,"turns":6},{"damage":18,"enemies":"Hexaghost","floor":16,"turns":13},{"damage":3,"enemies":"Spheric Guardian","floor":18,"turns":5},{"damage":8,"enemies":"2 Thieves","floor":21,"turns":3},{"damage":4,"enemies":"Gremlin Leader","floor":24,"turns":6},{"damage":13,"enemies":"Slavers","floor":29,"turns":4},{"damage":0,"enemies":"Cultist and Chosen","floor":31,"turns":6},{"damage":0,"enemies":"Collector","floor":33,"turns":7},{"damage":0,"enemies":"3 Shapes","floor":35,"turns":3},{"damage":0,"enemies":"Orb Walker","floor":38,"turns":3},{"damage":0,"enemies":"Jaw Worm Horde","floor":39,"turns":4},{"damage":0,"enemies":"3 Darklings","floor":42,"turns":3},{"damage":19,"enemies":"Sphere and 2 Shapes","floor":44,"turns":6},{"damage":3,"enemies":"Jaw Worm Horde","floor":46,"turns":4},{"damage":0,"enemies":"4 Shapes","floor":48,"turns":3},{"damage":33,"enemies":"Awakened One","floor":50,"turns":10}],"seed_played":"1320066368303353512","potions_obtained":[{"floor":4,"key":"Swift Potion"},{"floor":5,"key":"Block Potion"},{"floor":5,"key":"Energy Potion"},{"floor":6,"key":"GhostInAJar"},{"floor":8,"key":"SteroidPotion"},{"floor":21,"key":"Strength Potion"},{"floor":33,"key":"Fire Potion"}],"is_trial":false,"path_per_floor":["M","M","M","M","?","E","R","E","T","R","M","$","R","M","R","B",null,"M","$","?","M","?","R","E","?","T","?","R","E","$","M","R","B",null,"M","?","?","M","M","R","?","M","T","M","R","M","R","M","R","B",null],"character_chosen":"THE_SILENT","items_purchased":["TwistedFunnel","Well Laid Plans+1","Noxious Fumes+1","Acrobatics","Backflip","Caltrops+1"],"campfire_rested":3,"item_purchase_floors":[12,12,19,30,30,30],"current_hp_per_floor":[52,52,45,33,33,27,46,26,26,45,38,38,38,38,38,20,55,52,52,52,44,44,44,40,40,40,28,49,36,36,36,36,36,62,62,62,62,62,62,62,62,62,62,43,43,40,40,40,40,7],"gold":183,"neow_bonus":"RANDOM_COLORLESS","is_prod":false,"is_daily":false,"chose_seed":false,"campfire_upgraded":8,"win_rate":0,"timestamp":1548748465,"path_taken":["M","M","M","M","?","E","R","E","T","R","M","$","R","M","R","BOSS","M","?","?","?","?","R","E","?","T","?","R","E","$","M","R","BOSS","M","?","?","M","M","R","?","M","T","M","R","M","R","M","R","BOSS"],"build_version":"2019-01-23","purchased_purges":0,"victory":true,"max_hp_per_floor":[66,66,66,66,66,66,66,66,66,66,66,66,66,66,66,66,66,66,66,66,66,66,66,66,66,66,71,71,71,71,71,71,71,71,71,71,71,71,71,71,67,67,67,67,67,67,67,67,67,67],"card_choices":[{"not_picked":["Poisoned Stab","Riddle With Holes"],"picked":"Footwork","floor":1},{"not_picked":["Bane","Dagger Spray"],"picked":"Deadly Poison","floor":2},{"not_picked":["Backflip","Deflect"],"picked":"Quick Slash","floor":3},{"not_picked":["Bane","Deadly Poison"],"picked":"Sucker Punch","floor":4},{"not_picked":["Crippling Poison","Flying Knee"],"picked":"Tools of the Trade","floor":6},{"not_picked":["Heel Hook","Finisher"],"picked":"Dagger Spray","floor":8},{"not_picked":["Predator","Underhanded Strike"],"picked":"Deflect","floor":11},{"not_picked":["Deadly Poison","Acrobatics","Prepared"],"picked":"SKIP","floor":14},{"not_picked":["Malaise","Die Die Die"],"picked":"Adrenaline","floor":16},{"not_picked":["Dagger Spray","Terror"],"picked":"Cloak And Dagger","floor":18},{"not_picked":["Poisoned Stab","Dagger Throw","Outmaneuver"],"picked":"SKIP","floor":21},{"not_picked":["Deadly Poison","Endless Agony","Bane"],"picked":"SKIP","floor":24},{"not_picked":["Deadly Poison","Endless Agony","Bane"],"picked":"SKIP","floor":24},{"not_picked":["Finisher","Blur+1"],"picked":"Escape Plan","floor":29},{"not_picked":["Flying Knee","Accuracy+1"],"picked":"Concentrate","floor":31},{"not_picked":["Doppelganger","Glass Knife"],"picked":"Grand Finale","floor":33},{"not_picked":["Quick Slash","Dodge and Roll"],"picked":"Tactician","floor":35},{"not_picked":["Endless Agony","Slice","Distraction+1"],"picked":"SKIP","floor":38},{"not_picked":["Infinite Blades+1","Underhanded Strike"],"picked":"Prepared","floor":39},{"not_picked":["Quick Slash","Deadly Poison"],"picked":"Prepared+1","floor":42},{"not_picked":["Glass Knife","Poisoned Stab","Dagger Throw"],"picked":"SKIP","floor":44},{"not_picked":["Cloak And Dagger","Outmaneuver","Flying Knee"],"picked":"SKIP","floor":46},{"not_picked":["Dodge and Roll+1","Storm of Steel"],"picked":"Catalyst","floor":48}],"player_experience":167604,"relics_obtained":[{"floor":6,"key":"Happy Flower"},{"floor":8,"key":"Frozen Egg 2"},{"floor":9,"key":"Omamori"},{"floor":24,"key":"Bag of Preparation"},{"floor":26,"key":"Paper Crane"},{"floor":29,"key":"Sundial"},{"floor":43,"key":"Mercury Hourglass"}],"event_choices":[{"damage_healed":0,"gold_gain":0,"player_choice":"Got Potions","damage_taken":0,"max_hp_gain":0,"max_hp_loss":0,"event_name":"Lab","floor":5,"gold_loss":0},{"damage_healed":0,"gold_gain":0,"player_choice":"Ignored","damage_taken":0,"max_hp_gain":0,"max_hp_loss":0,"event_name":"N\u0027loth","floor":20,"gold_loss":0},{"cards_removed":["Eviscerate"],"damage_healed":0,"gold_gain":0,"player_choice":"Elegance","damage_taken":0,"max_hp_gain":0,"max_hp_loss":0,"event_name":"Back to Basics","floor":22,"gold_loss":0},{"damage_healed":0,"gold_gain":0,"player_choice":"Inject Mutagens","damage_taken":0,"relics_obtained":["MutagenicStrength"],"max_hp_gain":0,"max_hp_loss":0,"event_name":"Drug Dealer","floor":25,"gold_loss":0},{"damage_healed":0,"gold_gain":0,"player_choice":"Shed Blood","damage_taken":17,"max_hp_gain":5,"max_hp_loss":0,"event_name":"Forgotten Altar","floor":27,"gold_loss":0},{"cards_removed":["Die Die Die"],"damage_healed":0,"gold_gain":0,"player_choice":"Removed Attack","damage_taken":0,"max_hp_gain":0,"max_hp_loss":0,"event_name":"Falling","floor":36,"gold_loss":0},{"damage_healed":0,"gold_gain":0,"player_choice":"Memory 1","damage_taken":0,"max_hp_gain":0,"max_hp_loss":0,"event_name":"SensoryStone","floor":37,"gold_loss":0},{"damage_healed":0,"gold_gain":0,"player_choice":"Max HP","damage_taken":0,"max_hp_gain":0,"max_hp_loss":4,"event_name":"Winding Halls","floor":41,"gold_loss":0}],"is_beta":false,"boss_relics":[{"not_picked":["Lizard Tail","Runic Dome"],"picked":"Pandora\u0027s Box"},{"not_picked":["Coffee Dripper","White Beast Statue"],"picked":"Sozu"}],"items_purged_floors":[],"is_endless":false,"potions_floor_spawned":[4,6,8,21,33,38,48],"ascension_level":14}