{"gold_per_floor":[110,185,205,220,220,245,245,276,303,303,303,323,323,357,357,456,456,456],"floor_reached":18,"playtime":1468,"items_purged":[],"score":376,"play_id":"9b81db35-b7dc-4b86-8515-56e4310f4742","local_time":"20190204221642","is_ascension_mode":true,"campfire_choices":[{"data":"Hyperbeam","floor":7.0,"key":"SMITH"},{"floor":10.0,"key":"REST"},{"data":"Self Repair","floor":15.0,"key":"SMITH"}],"neow_cost":"NONE","seed_source_timestamp":0,"circlet_count":0,"master_deck":["AscendersBane","Defend_B","Defend_B","Defend_B","Defend_B","Zap+1","Dualcast","Conserve Battery","Compile Driver","Hyperbeam+1","Chill","Self Repair+1","Electrodynamics","BootSequence+1","Amplify+1","Sweeping Beam+1"],"special_seed":0,"relics":["Cracked Core","Juzu Bracelet","Ancient Tea Set","Bag of Preparation","Golden Idol","Ginger","Astrolabe"],"potions_floor_usage":[],"damage_taken":[{"damage":1.0,"enemies":"Cultist","floor":1.0,"turns":4.0},{"damage":7.0,"enemies":"Jaw Worm","floor":3.0,"turns":3.0},{"damage":0.0,"enemies":"Small Slimes","floor":4.0,"turns":3.0},{"damage":0.0,"enemies":"3 Sentries","floor":6.0,"turns":5.0},{"damage":23.0,"enemies":"Lagavulin","floor":8.0,"turns":8.0},{"damage":4.0,"enemies":"Red Slaver","floor":12.0,"turns":2.0},{"damage":9.0,"enemies":"3 Sentries","floor":14.0,"turns":4.0},{"damage":43.0,"enemies":"Slime Boss","floor":16.0,"turns":9.0},{"damage":0,"enemies":"3 Byrds","floor":18,"turns":1}],"seed_played":"-6054504939416764125","potions_obtained":[{"floor":3.0,"key":"FocusPotion"},{"floor":4.0,"key":"Block Potion"},{"floor":14.0,"key":"Poison Potion"},{"floor":16.0,"key":"FocusPotion"}],"is_trial":false,"path_per_floor":["M","?","M","M","?","E","R","E","T","R","?","M","?","E","R","B",null,"M"],"character_chosen":"DEFECT","items_purchased":[],"campfire_rested":1,"item_purchase_floors":[],"current_hp_per_floor":[63,52,45,45,38,38,38,15,15,36,71,67,64,55,55,22,54,54],"gold":456,"neow_bonus":"UPGRADE_CARD","is_prod":false,"is_daily":false,"chose_seed":false,"campfire_upgraded":2,"win_rate":0,"timestamp":1549347402,"path_taken":["M","?","M","M","?","E","R","E","T","R","?","M","?","E","R","BOSS","M"],"build_version":"2019-01-23","purchased_purges":0,"victory":false,"max_hp_per_floor":[71,71,71,71,71,71,71,71,71,71,71,71,64,64,64,64,64,64],"card_choices":[{"not_picked":["Rebound","Redo"],"picked":"Conserve Battery","floor":1.0},{"not_picked":["Steam","Streamline"],"picked":"Compile Driver","floor":3.0},{"not_picked":["Turbo","Cold Snap"],"picked":"Hyperbeam","floor":4.0},{"not_picked":["Hologram","Recycle"],"picked":"Chaos","floor":6.0},{"not_picked":["Sweeping Beam","Storm","White Noise"],"picked":"SKIP","floor":8.0},{"not_picked":["Coolheaded","Steam Power"],"picked":"Chill","floor":12.0},{"not_picked":["Sweeping Beam","Gash"],"picked":"Self Repair","floor":14.0},{"not_picked":["Seek","Meteor Strike"],"picked":"Electrodynamics","floor":16.0}],"player_experience":496023,"relics_obtained":[{"floor":6.0,"key":"Juzu Bracelet"},{"floor":8.0,"key":"Ancient Tea Set"},{"floor":9.0,"key":"Bag of Preparation"},{"floor":14.0,"key":"Ginger"}],"event_choices":[{"damage_healed":0.0,"max_hp_gain":0.0,"max_hp_loss":0.0,"gold_gain":75.0,"event_name":"World of Goop","player_choice":"Gather Gold","floor":2.0,"gold_loss":0.0,"damage_taken":11.0},{"cards_removed":["Strike_B"],"damage_healed":0.0,"max_hp_gain":0.0,"max_hp_loss":0.0,"gold_gain":0.0,"event_name":"Golden Wing","player_choice":"Card Removal","floor":5.0,"gold_loss":0.0,"damage_taken":7.0},{"cards_removed":["Chaos"],"damage_healed":35.0,"max_hp_gain":0.0,"max_hp_loss":0.0,"gold_gain":0.0,"event_name":"Bonfire Elementals","player_choice":"Offered Uncommon","floor":11.0,"gold_loss":0.0,"damage_taken":0.0},{"damage_healed":0.0,"max_hp_gain":0.0,"max_hp_loss":7.0,"gold_gain":0.0,"event_name":"Golden Idol","player_choice":"Lose Max HP","floor":13.0,"gold_loss":0.0,"damage_taken":0.0,"relics_obtained":["Golden Idol"]}],"is_beta":false,"boss_relics":[{"not_picked":["Black Star","Empty Cage"],"picked":"Astrolabe"}],"items_purged_floors":[],"is_endless":false,"potions_floor_spawned":[3,4,14,16],"killed_by":"3 Byrds","ascension_level":17}