{"gold_per_floor":[115,115,115,115,133,133,161,181,205,217,248,298,298,315,315,315],"floor_reached":16,"playtime":496,"items_purged":[],"score":230,"play_id":"647e3605-e74b-4add-861d-36c737a77078","local_time":"20190210114702","is_ascension_mode":true,"campfire_choices":[{"data":"Blur","floor":6,"key":"SMITH"},{"floor":13,"key":"REST"},{"data":"Accuracy","floor":15,"key":"SMITH"}],"neow_cost":"NONE","seed_source_timestamp":1097058493233733,"circlet_count":0,"master_deck":["AscendersBane","Defend_G","Defend_G","Defend_G","Defend_G","Defend_G","Strike_G","Strike_G","Strike_G","Strike_G","Survivor","Neutralize","Blur+1","Dagger Spray","Accuracy","Dodge and Roll","Crippling Poison","Blade Dance","Accuracy+1"],"relics":["Ring of the Snake","NeowsBlessing","Anchor","Potion Belt","Darkstone Periapt","Juzu Bracelet"],"potions_floor_usage":[10,11,11,16],"damage_taken":[{"damage":0,"enemies":"Cultist","floor":1,"turns":1},{"damage":0,"enemies":"Small Slimes","floor":5,"turns":1},{"damage":0,"enemies":"3 Sentries","floor":7,"turns":1},{"damage":0,"enemies":"2 Louse","floor":8,"turns":3},{"damage":11,"enemies":"Exordium Thugs","floor":10,"turns":8},{"damage":42,"enemies":"Gremlin Nob","floor":11,"turns":6},{"damage":0,"enemies":"Lots of Slimes","floor":14,"turns":2},{"damage":25,"enemies":"Slime Boss","floor":16,"turns":9}],"seed_played":"-3377167689463727455","potions_obtained":[{"floor":1,"key":"Strength Potion"},{"floor":5,"key":"Block Potion"},{"floor":10,"key":"GhostInAJar"},{"floor":14,"key":"LiquidBronze"}],"is_trial":false,"path_per_floor":["M","$","?","$","M","R","E","M","T","M","E","T","R","M","R","B"],"character_chosen":"THE_SILENT","items_purchased":[],"campfire_rested":1,"item_purchase_floors":[],"current_hp_per_floor":[59,59,59,59,59,59,59,59,59,48,6,6,25,25,25,0],"gold":315,"neow_bonus":"THREE_ENEMY_KILL","is_prod":false,"is_daily":false,"chose_seed":false,"campfire_upgraded":2,"win_rate":0,"timestamp":1549820822,"path_taken":["M","?","?","$","?","R","E","M","T","M","E","?","R","M","R","BOSS"],"build_version":"2019-01-23","purchased_purges":0,"victory":false,"max_hp_per_floor":[66,66,66,66,66,66,66,66,66,66,66,66,66,66,66,66],"card_choices":[{"not_picked":["Distraction","Eviscerate"],"picked":"Blur","floor":1},{"not_picked":["Deflect","Choke"],"picked":"Dagger Spray","floor":5},{"not_picked":["Distraction","Deflect"],"picked":"Accuracy","floor":7},{"not_picked":["Bane","PiercingWail"],"picked":"Dodge and Roll","floor":8},{"not_picked":["Deflect","Eviscerate"],"picked":"Crippling Poison","floor":10},{"not_picked":["Poisoned Stab","Expertise"],"picked":"Blade Dance","floor":11},{"not_picked":["Deflect","Finisher"],"picked":"Accuracy","floor":14}],"player_experience":549098,"relics_obtained":[{"floor":7,"key":"Anchor"},{"floor":9,"key":"Potion Belt"},{"floor":11,"key":"Darkstone Periapt"},{"floor":12,"key":"Juzu Bracelet"}],"event_choices":[{"cards_removed":["Strike_G"],"damage_healed":0,"gold_gain":0,"player_choice":"Purged","damage_taken":0,"max_hp_gain":0,"max_hp_loss":0,"event_name":"Purifier","floor":3,"gold_loss":0}],"is_beta":false,"boss_relics":[],"items_purged_floors":[],"is_endless":false,"potions_floor_spawned":[1,5,10,14],"killed_by":"Slime Boss","ascension_level":14}