{"gold_per_floor":[117,127,139,155,165,165,194,194,194,194,65,65,65,7,7,84,84,63,63,63,73,91,91,108,108,179,207,220,220,220,237,237,311,311,321,335,315,326,8,22,41,66,66,98,110,137,137,81,81,81,81],"floor_reached":52,"playtime":4679,"items_purged":["Strike_G","Strike_G"],"score":1953,"play_id":"ee25d0bf-3f71-4538-998f-a634801ee09a","local_time":"20181230203541","is_ascension_mode":true,"campfire_choices":[{"floor":6.0,"key":"REST"},{"floor":13.0,"key":"REST"},{"data":"Bouncing Flask","floor":15.0,"key":"SMITH"},{"data":"Catalyst","floor":23.0,"key":"SMITH"},{"floor":25.0,"key":"REST"},{"data":"Noxious Fumes","floor":30.0,"key":"SMITH"},{"floor":32.0,"key":"REST"},{"data":"Wraith Form v2","floor":47,"key":"SMITH"},{"data":"Wraith Form v2","floor":49,"key":"SMITH"}],"neow_cost":"NONE","seed_source_timestamp":1156280811281663,"circlet_count":0,"master_deck":["AscendersBane","Defend_G","Defend_G","Defend_G","Defend_G","Survivor","Neutralize","Dagger Throw","Bouncing Flask+1","Dodge and Roll","Deadly Poison","Leg Sweep","Deflect","Corpse Explosion","Masterful Stab+1","Acrobatics+1","Dagger Throw+1","Catalyst+1","Backflip","Adrenaline","PiercingWail","Backflip","Noxious Fumes+1","Noxious Fumes","Wraith Form v2+1","Backflip+1","Bouncing Flask+1","Escape Plan","Wraith Form v2","Wraith Form v2+1","Backflip"],"special_seed":0,"relics":["Ring of the Snake","Centennial Puzzle","Ninja Scroll","Gremlin Horn","Astrolabe","Mummified Hand","Orichalcum","Runic Dome","DollysMirror","Shovel","Shuriken","Happy Flower","StoneCalendar"],"potions_floor_usage":[35,45],"damage_taken":[{"damage":1.0,"enemies":"Small Slimes","floor":1.0,"turns":5.0},{"damage":2.0,"enemies":"Jaw Worm","floor":2.0,"turns":6.0},{"damage":0.0,"enemies":"Cultist","floor":3.0,"turns":3.0},{"damage":21.0,"enemies":"Lots of Slimes","floor":4.0,"turns":6.0},{"damage":19.0,"enemies":"Exordium Wildlife","floor":5.0,"turns":8.0},{"damage":26.0,"enemies":"Gremlin Nob","floor":7.0,"turns":5.0},{"damage":5.0,"enemies":"Hexaghost","floor":16.0,"turns":8.0},{"damage":1.0,"enemies":"2 Thieves","floor":18.0,"turns":4.0},{"damage":0.0,"enemies":"3 Byrds","floor":21.0,"turns":2.0},{"damage":9.0,"enemies":"Snake Plant","floor":22.0,"turns":3.0},{"damage":14.0,"enemies":"Shelled Parasite and Fungi","floor":24.0,"turns":6.0},{"damage":12.0,"enemies":"Book of Stabbing","floor":27.0,"turns":3.0},{"damage":0.0,"enemies":"Snecko","floor":28.0,"turns":5.0},{"damage":4.0,"enemies":"Sentry and Sphere","floor":31.0,"turns":3.0},{"damage":45,"enemies":"Automaton","floor":33,"turns":8},{"damage":0,"enemies":"3 Shapes","floor":35,"turns":4},{"damage":0,"enemies":"3 Darklings","floor":36,"turns":3},{"damage":0,"enemies":"Writhing Mass","floor":38,"turns":5},{"damage":3,"enemies":"Sphere and 2 Shapes","floor":40,"turns":5},{"damage":0,"enemies":"3 Darklings","floor":41,"turns":3},{"damage":5,"enemies":"Giant Head","floor":42,"turns":6},{"damage":1,"enemies":"Nemesis","floor":44,"turns":7},{"damage":0,"enemies":"Spire Growth","floor":45,"turns":4},{"damage":0,"enemies":"Reptomancer","floor":46,"turns":5},{"damage":11,"enemies":"Time Eater","floor":50,"turns":8},{"damage":7,"enemies":"Donu and Deca","floor":51,"turns":9}],"seed_played":"986096602065901896","potions_obtained":[{"floor":1.0,"key":"Weak Potion"},{"floor":5.0,"key":"GhostInAJar"},{"floor":16.0,"key":"AttackPotion"},{"floor":21.0,"key":"EssenceOfSteel"},{"floor":24.0,"key":"Energy Potion"},{"floor":28.0,"key":"SmokeBomb"},{"floor":33,"key":"Ancient Potion"},{"floor":37,"key":"GhostInAJar"}],"is_trial":false,"path_per_floor":["M","M","M","M","M","R","E","?","T","?","$","?","R","$","R","B",null,"M","?","?","M","M","R","M","R","T","E","M","?","R","M","R","B",null,"M","M","?","M","$","M","M","E","T","E","M","E","R","$","R","B","B",null],"character_chosen":"THE_SILENT","items_purchased":["Explosive Potion","Deflect","DollysMirror","Energy Potion"],"campfire_rested":4,"item_purchase_floors":[11,14,39,48],"current_hp_per_floor":[58,56,56,35,16,35,9,9,9,9,9,2,21,21,21,16,54,53,53,53,53,44,44,30,49,49,37,37,37,37,33,52,7,51,51,51,51,51,51,48,48,43,43,42,42,42,42,42,42,31,24],"gold":81,"neow_bonus":"RANDOM_COMMON_RELIC","is_prod":false,"is_daily":false,"chose_seed":false,"campfire_upgraded":5,"win_rate":0,"timestamp":1546230941,"path_taken":["M","M","M","M","M","R","E","?","T","?","$","?","R","?","R","BOSS","M","?","?","M","M","R","M","R","T","E","M","?","R","M","R","BOSS","M","M","?","?","$","M","M","E","T","E","M","E","R","?","R","BOSS","BOSS"],"build_version":"2018-12-20","purchased_purges":2,"victory":true,"max_hp_per_floor":[66,66,66,66,66,66,66,66,66,66,66,66,66,66,66,66,66,66,66,66,66,66,66,66,66,66,66,66,66,66,66,66,66,66,66,66,66,66,66,66,66,66,66,66,66,66,66,66,66,66,66],"card_choices":[{"not_picked":["PiercingWail","Outmaneuver"],"picked":"Dagger Throw","floor":1.0},{"not_picked":["Dagger Spray","Deadly Poison"],"picked":"Bouncing Flask","floor":2.0},{"not_picked":["Expertise","Prepared"],"picked":"Dodge and Roll","floor":3.0},{"not_picked":["PiercingWail","Sucker Punch","Caltrops"],"picked":"SKIP","floor":4.0},{"not_picked":["Flechettes","Sucker Punch"],"picked":"Deadly Poison","floor":5.0},{"not_picked":["Eviscerate","Sucker Punch"],"picked":"Leg Sweep","floor":7.0},{"not_picked":["Die Die Die","Glass Knife"],"picked":"Corpse Explosion","floor":16.0},{"not_picked":["Slice","Bane+1","Poisoned Stab"],"picked":"SKIP","floor":18.0},{"not_picked":["Flying Knee","Dagger Spray"],"picked":"Catalyst","floor":21.0},{"not_picked":["Blade Dance","Deflect"],"picked":"Backflip","floor":22.0},{"not_picked":["Sucker Punch+1","Setup"],"picked":"Adrenaline","floor":24.0},{"not_picked":["Expertise","Underhanded Strike"],"picked":"PiercingWail","floor":27.0},{"not_picked":["Blade Dance","Outmaneuver"],"picked":"Backflip","floor":28.0},{"not_picked":["Tactician+1","Outmaneuver"],"picked":"Noxious Fumes","floor":31.0},{"not_picked":["Phantasmal Killer","Adrenaline"],"picked":"Wraith Form v2","floor":33},{"not_picked":["Cloak And Dagger","Blade Dance"],"picked":"Backflip+1","floor":35},{"not_picked":["Blade Dance","Sucker Punch"],"picked":"Bouncing Flask+1","floor":36},{"not_picked":["Deadly Poison","Dagger Spray"],"picked":"Escape Plan","floor":38},{"not_picked":["Setup","Expertise","Deflect"],"picked":"SKIP","floor":40},{"not_picked":["Dodge and Roll","Flechettes","PiercingWail"],"picked":"SKIP","floor":41},{"not_picked":["Sucker Punch","Crippling Poison"],"picked":"Wraith Form v2","floor":42},{"not_picked":["Prepared","Choke+1","Sucker Punch"],"picked":"SKIP","floor":44},{"not_picked":["Sucker Punch","Escape Plan+1"],"picked":"Backflip","floor":45},{"not_picked":["Eviscerate","PiercingWail+1","Quick Slash+1"],"picked":"SKIP","floor":46}],"player_experience":279463,"relics_obtained":[{"floor":7.0,"key":"Ninja Scroll"},{"floor":9.0,"key":"Gremlin Horn"},{"floor":26.0,"key":"Mummified Hand"},{"floor":27.0,"key":"Orichalcum"},{"floor":42,"key":"Shovel"},{"floor":43,"key":"Shuriken"},{"floor":44,"key":"Happy Flower"},{"floor":46,"key":"StoneCalendar"}],"event_choices":[{"damage_healed":0.0,"max_hp_gain":0.0,"max_hp_loss":0.0,"gold_gain":0.0,"event_name":"Dead Adventurer","player_choice":"Searched \u00270\u0027 times","floor":8.0,"gold_loss":0.0,"damage_taken":0.0},{"damage_healed":0.0,"max_hp_gain":0.0,"max_hp_loss":0.0,"gold_gain":0.0,"event_name":"Scrap Ooze","player_choice":"Fled","floor":10.0,"gold_loss":0.0,"damage_taken":0.0},{"cards_removed":["Strike_G"],"damage_healed":0.0,"max_hp_gain":0.0,"max_hp_loss":0.0,"gold_gain":0.0,"event_name":"Golden Wing","player_choice":"Card Removal","floor":12.0,"gold_loss":0.0,"damage_taken":7.0},{"damage_healed":0.0,"max_hp_gain":0.0,"max_hp_loss":0.0,"gold_gain":0.0,"event_name":"Vampires","player_choice":"Ignored","floor":19.0,"gold_loss":0.0,"damage_taken":0.0},{"damage_healed":0.0,"max_hp_gain":0.0,"max_hp_loss":0.0,"gold_gain":0.0,"event_name":"Beggar","player_choice":"Ignored","floor":20.0,"gold_loss":0.0,"damage_taken":0.0},{"damage_healed":0.0,"max_hp_gain":0.0,"max_hp_loss":0.0,"gold_gain":0.0,"event_name":"The Library","player_choice":"Read","floor":29.0,"gold_loss":0.0,"damage_taken":0.0,"cards_obtained":["Noxious Fumes"]},{"damage_healed":0,"gold_gain":0,"player_choice":"Bought 1 Potion","damage_taken":0,"max_hp_gain":0,"max_hp_loss":0,"event_name":"The Woman in Blue","floor":37,"gold_loss":0}],"is_beta":false,"boss_relics":[{"not_picked":["Empty Cage","Tiny House"],"picked":"Astrolabe"},{"not_picked":["Lizard Tail","Eternal Feather"],"picked":"Runic Dome"}],"items_purged_floors":[11,39],"is_endless":false,"potions_floor_spawned":[1,5,16,21,24,28,33,38,41],"ascension_level":20}