{"gold_per_floor":[112,159,159,159,85,85,103,103,128,159,181,211,72,98,98,196,196,216,226,325,256,270,270,287,313,367,367,292,311,336,336,336,439,439,455,468,298,308,208,208,208,208,208,208,226,226,243,258,258,258],"floor_reached":51,"playtime":1451,"items_purged":["Decay","Defend_B"],"score":687,"play_id":"82ff2b1c-312b-4923-b61d-f3a7d5cf452e","local_time":"20181227211453","is_ascension_mode":false,"campfire_choices":[{"data":"Dualcast","floor":6.0,"key":"SMITH"},{"data":"Zap","floor":8.0,"key":"SMITH"},{"data":"Ball Lightning","floor":15.0,"key":"SMITH"},{"data":"Defragment","floor":23.0,"key":"SMITH"},{"data":"Capacitor","floor":27.0,"key":"SMITH"},{"floor":32.0,"key":"REST"},{"data":"Apotheosis","floor":40.0,"key":"SMITH"},{"floor":49.0,"key":"REST"}],"neow_cost":"NONE","seed_source_timestamp":263847525274025,"circlet_count":0,"master_deck":["Strike_B+1","Strike_B+1","Defend_B+1","Zap+1","Dualcast+1","Ball Lightning+1","Undo+1","Conserve Battery+1","Capacitor+1","Electrodynamics","Go for the Eyes+1","Undo+1","Defragment+1","Coolheaded+1","Buffer+1","Undo","Turbo","Apotheosis+1","Coolheaded+1","Madness","Madness","Defragment","Cold Snap+1"],"special_seed":0,"relics":["Cracked Core","Regal Pillow","MawBank","War Paint","Happy Flower","Cursed Key","DataDisk","Ancient Tea Set","Whetstone","Empty Cage"],"potions_floor_usage":[50,50,50],"damage_taken":[{"damage":1.0,"enemies":"Cultist","floor":1.0,"turns":4.0},{"damage":3.0,"enemies":"Jaw Worm","floor":7.0,"turns":2.0},{"damage":0.0,"enemies":"2 Louse","floor":10.0,"turns":2.0},{"damage":0.0,"enemies":"2 Fungi Beasts","floor":11.0,"turns":3.0},{"damage":0.0,"enemies":"Looter","floor":12.0,"turns":3.0},{"damage":2.0,"enemies":"Lagavulin","floor":14.0,"turns":6.0},{"damage":52.0,"enemies":"Hexaghost","floor":16.0,"turns":12.0},{"damage":5.0,"enemies":"Spheric Guardian","floor":18.0,"turns":4.0},{"damage":10.0,"enemies":"2 Thieves","floor":19.0,"turns":2.0},{"damage":0.0,"enemies":"Cultist and Chosen","floor":22.0,"turns":5.0},{"damage":0.0,"enemies":"Centurion and Healer","floor":24.0,"turns":5.0},{"damage":17.0,"enemies":"Slavers","floor":25.0,"turns":3.0},{"damage":17.0,"enemies":"3 Cultists","floor":29.0,"turns":5.0},{"damage":16.0,"enemies":"Gremlin Leader","floor":30.0,"turns":6.0},{"damage":38.0,"enemies":"Collector","floor":33.0,"turns":9.0},{"damage":2.0,"enemies":"3 Darklings","floor":35.0,"turns":3.0},{"damage":1.0,"enemies":"3 Shapes","floor":36.0,"turns":2.0},{"damage":0.0,"enemies":"Transient","floor":38.0,"turns":5.0},{"damage":8.0,"enemies":"Sphere and 2 Shapes","floor":45.0,"turns":5.0},{"damage":0.0,"enemies":"Writhing Mass","floor":47.0,"turns":5.0},{"damage":0.0,"enemies":"3 Darklings","floor":48.0,"turns":3.0},{"damage":12,"enemies":"Awakened One","floor":50,"turns":11}],"seed_played":"-3034535690942718133","potions_obtained":[{"floor":1.0,"key":"Swift Potion"},{"floor":11.0,"key":"SkillPotion"},{"floor":14.0,"key":"AttackPotion"},{"floor":25.0,"key":"EssenceOfSteel"},{"floor":29.0,"key":"Block Potion"},{"floor":38.0,"key":"PowerPotion"},{"floor":45.0,"key":"PowerPotion"},{"floor":47.0,"key":"PowerPotion"}],"is_trial":false,"path_per_floor":["M","T","?","?","$","R","M","R","T","M","M","M","$","E","R","B",null,"M","M","?","$","M","R","M","E","T","R","$","M","E","?","R","B",null,"M","M","$","M","$","R","?","?","T","?","M","$","M","M","R","B",null],"character_chosen":"DEFECT","items_purchased":["Undo","War Paint","Defragment","Apotheosis"],"campfire_rested":2,"item_purchase_floors":[5,13,21,37],"current_hp_per_floor":[81,81,65,82,82,82,79,79,79,79,79,79,79,77,77,25,82,77,67,67,67,67,67,67,50,50,50,50,33,17,17,56,18,82,80,79,79,79,79,79,69,69,69,69,61,61,61,61,82,70],"gold":258,"neow_bonus":"TEN_PERCENT_HP_BONUS","is_prod":false,"is_daily":false,"chose_seed":false,"campfire_upgraded":6,"win_rate":0,"timestamp":1545945293,"path_taken":["M","?","?","?","$","R","M","R","T","?","M","M","$","E","R","BOSS","M","M","?","$","M","R","M","E","T","R","$","M","E","?","R","BOSS","M","M","$","M","$","R","?","?","T","?","?","$","M","M","R","BOSS"],"build_version":"2018-12-20","purchased_purges":2,"victory":true,"max_hp_per_floor":[82,82,82,82,82,82,82,82,82,82,82,82,82,82,82,82,82,82,82,82,82,82,82,82,82,82,82,82,82,82,82,82,82,82,82,82,82,82,82,82,82,82,82,82,82,82,82,82,82,82],"card_choices":[{"not_picked":["Loop","Heatsinks"],"picked":"Ball Lightning","floor":1.0},{"not_picked":["Sunder","Sweeping Beam","Double Energy"],"picked":"SKIP","floor":7.0},{"not_picked":["Redo","Melter","Leap"],"picked":"SKIP","floor":10.0},{"not_picked":["Capacitor","Redo"],"picked":"Conserve Battery","floor":11.0},{"not_picked":["Coolheaded","Reprogram"],"picked":"Capacitor","floor":12.0},{"not_picked":["Hologram","Tempest","Self Repair"],"picked":"SKIP","floor":14.0},{"not_picked":["Rainbow","Seek"],"picked":"Electrodynamics","floor":16.0},{"not_picked":["Cold Snap+1","Rebound"],"picked":"Go for the Eyes","floor":18.0},{"not_picked":["Compile Driver","Recycle"],"picked":"Undo+1","floor":19.0},{"not_picked":["Go for the Eyes","Steam","Reinforced Body+1"],"picked":"SKIP","floor":22.0},{"not_picked":["Lockon","Streamline","Leap"],"picked":"SKIP","floor":24.0},{"not_picked":["Steam","Streamline","Static Discharge"],"picked":"SKIP","floor":25.0},{"not_picked":["Leap+1","FTL"],"picked":"Coolheaded+1","floor":29.0},{"not_picked":["Rebound","Melter+1"],"picked":"Buffer","floor":30.0},{"not_picked":["Recycle+1","Aggregate+1","Gash"],"picked":"SKIP","floor":35.0},{"not_picked":["Static Discharge+1","White Noise","Aggregate"],"picked":"SKIP","floor":36.0},{"not_picked":["Gash+1","Lockon"],"picked":"Coolheaded+1","floor":38.0},{"not_picked":["Storm+1","Fusion+1"],"picked":"Defragment","floor":45.0},{"not_picked":["Aggregate","Steam+1","Ball Lightning"],"picked":"SKIP","floor":47.0},{"not_picked":["Sunder+1","Gash+1"],"picked":"Cold Snap+1","floor":48.0}],"player_experience":918492,"relics_obtained":[{"floor":2.0,"key":"Regal Pillow"},{"floor":9.0,"key":"MawBank"},{"floor":14.0,"key":"Happy Flower"},{"floor":25.0,"key":"DataDisk"},{"floor":26.0,"key":"Ancient Tea Set"},{"floor":30.0,"key":"Whetstone"}],"event_choices":[{"damage_healed":0.0,"max_hp_gain":0.0,"max_hp_loss":0.0,"gold_gain":0.0,"event_name":"Shining Light","player_choice":"Entered Light","floor":3.0,"gold_loss":0.0,"damage_taken":16.0,"cards_upgraded":["Defend_B","Strike_B"]},{"damage_healed":17.0,"max_hp_gain":0.0,"max_hp_loss":0.0,"gold_gain":0.0,"event_name":"Wheel of Change","player_choice":"Full Heal","floor":4.0,"gold_loss":0.0,"damage_taken":0.0},{"damage_healed":0.0,"max_hp_gain":0.0,"max_hp_loss":0.0,"gold_gain":99.0,"event_name":"Nest","player_choice":"Stole From Cult","floor":20.0,"gold_loss":0.0,"damage_taken":0.0},{"damage_healed":0.0,"max_hp_gain":0.0,"max_hp_loss":0.0,"gold_gain":0.0,"cards_transformed":["Defend_B","Strike_B"],"event_name":"Drug Dealer","player_choice":"Became Test Subject","floor":31.0,"gold_loss":0.0,"damage_taken":0.0,"cards_obtained":["Undo","Turbo"]},{"damage_healed":0.0,"max_hp_gain":0.0,"max_hp_loss":0.0,"gold_gain":0.0,"event_name":"Winding Halls","player_choice":"Embrace Madness","floor":41.0,"gold_loss":0.0,"damage_taken":10.0,"cards_obtained":["Madness","Madness"]},{"damage_healed":0.0,"max_hp_gain":0.0,"max_hp_loss":0.0,"gold_gain":0.0,"event_name":"Mysterious Sphere","player_choice":"Ignored","floor":42.0,"gold_loss":0.0,"damage_taken":0.0},{"damage_healed":0.0,"max_hp_gain":0.0,"max_hp_loss":0.0,"gold_gain":0.0,"event_name":"Accursed Blacksmith","player_choice":"Forge","floor":44.0,"gold_loss":0.0,"damage_taken":0.0,"cards_upgraded":["Buffer"]}],"is_beta":false,"boss_relics":[{"not_picked":["Astrolabe","Philosopher\u0027s Stone"],"picked":"Cursed Key"},{"not_picked":["Velvet Choker","Snecko Eye"],"picked":"Empty Cage"}],"items_purged_floors":[28,39],"is_endless":false,"potions_floor_spawned":[1,11,14,18,22,25,29,33,38,45,47,48],"ascension_level":0}