{"gold_per_floor":[116,130,31,48,58,8,35,50,75,75,75,95,95,45,45,149,149,160,145,145,24,39,39,71,71,96,96,96],"floor_reached":28,"playtime":1540,"items_purged":["Strike_R"],"score":218,"play_id":"98b381c7-302c-4b95-bf52-739be310fc87","local_time":"20190203141305","is_ascension_mode":false,"campfire_choices":[{"data":"Anger","floor":10,"key":"SMITH"},{"data":"Intimidate","floor":13,"key":"SMITH"},{"data":"Shrug It Off","floor":15,"key":"SMITH"},{"data":"Rage","floor":23,"key":"SMITH"},{"data":"Intimidate","floor":25,"key":"SMITH"}],"neow_cost":"NONE","seed_source_timestamp":249071445541756,"circlet_count":0,"master_deck":["Strike_R","Strike_R","Strike_R","Strike_R","Defend_R","Defend_R","Defend_R","Bash","Pommel Strike","Anger+1","Flex","Inflame","Infernal Blade","Feed","Shrug It Off+1","Intimidate+1","Clash","Feed","Clash","Iron Wave","Cleave","Thunderclap","Flex","Dropkick","Intimidate+1","Decay","Rage+1","Clash","Anger+1","Flex","Double Tap"],"relics":["Burning Blood","NeowsBlessing","Bottled Flame","Oddly Smooth Stone","Orrery","Red Mask","Anchor"],"potions_floor_usage":[16,16,19,22,24],"damage_taken":[{"damage":0,"enemies":"Cultist","floor":1,"turns":1},{"damage":0,"enemies":"2 Louse","floor":2,"turns":1},{"damage":0,"enemies":"Small Slimes","floor":4,"turns":1},{"damage":9,"enemies":"Blue Slaver","floor":5,"turns":3},{"damage":26,"enemies":"Lagavulin","floor":7,"turns":4},{"damage":9,"enemies":"2 Fungi Beasts","floor":8,"turns":3},{"damage":8,"enemies":"Looter","floor":12,"turns":3},{"damage":38,"enemies":"Hexaghost","floor":16,"turns":8},{"damage":17,"enemies":"Shell Parasite","floor":18,"turns":6},{"damage":10,"enemies":"2 Thieves","floor":19,"turns":4},{"damage":8,"enemies":"Snake Plant","floor":22,"turns":3},{"damage":6,"enemies":"Masked Bandits","floor":24,"turns":3},{"damage":38,"enemies":"Snecko","floor":28,"turns":7}],"seed_played":"6149650407666869740","potions_obtained":[{"floor":1,"key":"Poison Potion"},{"floor":2,"key":"FearPotion"},{"floor":5,"key":"Dexterity Potion"},{"floor":16,"key":"Poison Potion"},{"floor":18,"key":"EssenceOfSteel"},{"floor":19,"key":"SkillPotion"},{"floor":22,"key":"Energy Potion"}],"is_trial":false,"path_per_floor":["M","M","$","M","M","?","E","M","T","R","$","M","R","$","R","B",null,"M","M","?","$","M","R","?","R","T","?","M"],"character_chosen":"IRONCLAD","items_purchased":["Flex","Clash","Rage","Clash"],"campfire_rested":0,"item_purchase_floors":[3,14,21,21],"current_hp_per_floor":[80,80,80,80,77,77,57,57,57,57,57,55,55,55,55,23,83,72,71,71,71,69,69,69,69,69,69,31],"gold":96,"neow_bonus":"THREE_ENEMY_KILL","is_prod":false,"is_daily":false,"chose_seed":false,"campfire_upgraded":5,"win_rate":0.0,"timestamp":1549199585,"path_taken":["M","M","$","?","M","?","E","M","T","R","$","M","R","$","R","BOSS","M","M","?","$","M","R","?","R","T","?","M"],"build_version":"2019-01-23","purchased_purges":1,"victory":false,"max_hp_per_floor":[80,80,80,80,80,80,80,83,83,83,83,83,83,83,83,83,83,83,86,86,86,86,86,86,86,86,86,86],"card_choices":[{"not_picked":["Disarm","Shockwave"],"picked":"Pommel Strike","floor":1},{"not_picked":["Metallicize","Reckless Charge"],"picked":"Anger","floor":2},{"not_picked":["Sword Boomerang","Rupture"],"picked":"Inflame","floor":4},{"not_picked":["Sword Boomerang","Iron Wave"],"picked":"Infernal Blade","floor":5},{"not_picked":["Second Wind","Flex"],"picked":"Feed","floor":7},{"not_picked":["Anger","Heavy Blade"],"picked":"Shrug It Off","floor":8},{"not_picked":["Infernal Blade","Flex"],"picked":"Intimidate","floor":12},{"not_picked":["Offering","Brutality"],"picked":"Feed","floor":16},{"not_picked":["Headbutt","Battle Trance"],"picked":"Clash","floor":17},{"not_picked":["Flex","Spot Weakness"],"picked":"Iron Wave","floor":17},{"not_picked":["Sword Boomerang","Heavy Blade"],"picked":"Cleave","floor":17},{"not_picked":["Juggernaut","Flame Barrier"],"picked":"Thunderclap","floor":17},{"not_picked":["Twin Strike","Body Slam"],"picked":"Flex","floor":17},{"not_picked":["Clash","Heavy Blade"],"picked":"Dropkick","floor":18},{"not_picked":["Shrug It Off","Twin Strike"],"picked":"Intimidate","floor":19},{"not_picked":["Warcry+1","Cleave"],"picked":"Anger+1","floor":22},{"not_picked":["Hemokinesis","Rupture"],"picked":"Flex","floor":24}],"player_experience":6235,"relics_obtained":[{"floor":7,"key":"Bottled Flame"},{"floor":9,"key":"Oddly Smooth Stone"},{"floor":24,"key":"Red Mask"},{"floor":26,"key":"Anchor"}],"event_choices":[{"cards_removed":["Defend_R"],"damage_healed":0,"gold_gain":0,"player_choice":"Card Removal","damage_taken":0,"max_hp_gain":0,"max_hp_loss":0,"event_name":"The Cleric","floor":6,"gold_loss":50},{"damage_healed":0,"gold_gain":0,"player_choice":"Smashed Altar","damage_taken":0,"max_hp_gain":0,"max_hp_loss":0,"event_name":"Forgotten Altar","floor":20,"gold_loss":0,"cards_obtained":["Decay"]},{"damage_healed":0,"gold_gain":0,"player_choice":"Fought Bandits","damage_taken":0,"max_hp_gain":0,"max_hp_loss":0,"event_name":"Masked Bandits","floor":24,"gold_loss":0},{"damage_healed":0,"gold_gain":0,"player_choice":"Read","damage_taken":0,"max_hp_gain":0,"max_hp_loss":0,"event_name":"The Library","floor":27,"gold_loss":0,"cards_obtained":["Double Tap"]}],"is_beta":false,"boss_relics":[{"not_picked":["White Beast Statue","Snecko Eye"],"picked":"Orrery"}],"items_purged_floors":[3],"is_endless":false,"potions_floor_spawned":[1,2,5,12,16,18,19,22],"killed_by":"Snecko","ascension_level":0}