{"gold_per_floor":[111,111,128,145,145,174,174,192,272,272,283,25,36,54,54,130,130,143,161,10,30,30,90,90,109,109,128,28,42,42],"floor_reached":30,"playtime":2004,"items_purged":["Strike_R","Perfected Strike"],"score":448,"play_id":"f1ed0fac-4999-4c1a-80f4-a82793b9c2cf","local_time":"20190204131630","is_ascension_mode":true,"campfire_choices":[{"data":"Bash","floor":7,"key":"SMITH"},{"data":"Sword Boomerang","floor":15,"key":"SMITH"},{"floor":24,"key":"REST"}],"neow_cost":"NONE","seed_source_timestamp":229063465724100,"circlet_count":0,"master_deck":["AscendersBane","Strike_R","Strike_R","Strike_R","Defend_R","Defend_R","Defend_R","Defend_R","Bash+1","Iron Wave","Sword Boomerang+1","Body Slam","Inflame","Battle Trance","Limit Break","Heavy Blade","Shrug It Off","Feel No Pain","Havoc","Metallicize","Ghostly Armor+1","Feel No Pain","Shrug It Off"],"relics":["Burning Blood","NeowsBlessing","Bird Faced Urn","Pantograph","Mercury Hourglass","Philosopher\u0027s Stone","MutagenicStrength","Tiny Chest","Boot"],"potions_floor_usage":[6,14,16,23,23,29],"damage_taken":[{"damage":0,"enemies":"Small Slimes","floor":1,"turns":1},{"damage":0,"enemies":"Cultist","floor":3,"turns":1},{"damage":0,"enemies":"2 Louse","floor":4,"turns":1},{"damage":19,"enemies":"Gremlin Nob","floor":6,"turns":4},{"damage":43,"enemies":"Exordium Wildlife","floor":8,"turns":6},{"damage":3,"enemies":"3 Louse","floor":11,"turns":4},{"damage":2,"enemies":"2 Fungi Beasts","floor":13,"turns":3},{"damage":7,"enemies":"Looter","floor":14,"turns":3},{"damage":61,"enemies":"The Guardian","floor":16,"turns":13},{"damage":23,"enemies":"Spheric Guardian","floor":18,"turns":4},{"damage":26,"enemies":"2 Thieves","floor":19,"turns":4},{"damage":14,"enemies":"Snake Plant","floor":21,"turns":3},{"damage":22,"enemies":"Slavers","floor":23,"turns":5},{"damage":13,"enemies":"Chosen and Byrds","floor":25,"turns":5},{"damage":22,"enemies":"Cultist and Chosen","floor":27,"turns":7},{"damage":11,"enemies":"Centurion and Healer","floor":29,"turns":9},{"damage":29,"enemies":"3 Cultists","floor":30,"turns":4}],"seed_played":"-7065629059133192158","potions_obtained":[{"floor":1,"key":"SkillPotion"},{"floor":5,"key":"Fire Potion"},{"floor":8,"key":"Swift Potion"},{"floor":19,"key":"Energy Potion"},{"floor":21,"key":"Poison Potion"},{"floor":25,"key":"Block Potion"}],"is_trial":false,"path_per_floor":["M","?","M","M","?","E","R","M","T","?","M","$","M","M","R","B",null,"M","M","$","M","?","E","R","M","T","M","$","M","M"],"character_chosen":"IRONCLAD","items_purchased":["Mercury Hourglass","Feel No Pain"],"campfire_rested":1,"item_purchase_floors":[12,20],"current_hp_per_floor":[74,75,75,75,75,62,62,25,25,25,28,28,34,35,35,7,58,43,25,25,21,21,7,29,26,26,16,16,19,0],"gold":42,"neow_bonus":"THREE_ENEMY_KILL","is_prod":false,"is_daily":false,"chose_seed":false,"campfire_upgraded":2,"win_rate":0,"timestamp":1549282590,"path_taken":["M","?","M","?","?","E","R","?","T","?","?","$","M","M","R","BOSS","M","?","$","M","?","E","R","M","T","M","$","M","M"],"build_version":"2019-01-23","purchased_purges":2,"victory":false,"max_hp_per_floor":[75,75,75,75,75,75,75,75,75,75,75,75,75,75,75,75,75,75,75,75,75,75,75,75,75,75,75,75,75,75],"card_choices":[{"not_picked":["Clothesline","Thunderclap"],"picked":"Iron Wave","floor":1},{"not_picked":["Warcry","Armaments"],"picked":"Perfected Strike","floor":3},{"not_picked":["Barricade","Blood for Blood"],"picked":"Sword Boomerang","floor":4},{"not_picked":["Iron Wave","Double Tap"],"picked":"Body Slam","floor":6},{"not_picked":["Thunderclap","Blood for Blood","Reckless Charge"],"picked":"SKIP","floor":8},{"not_picked":["Perfected Strike","Shrug It Off"],"picked":"Inflame","floor":11},{"not_picked":["Anger","Heavy Blade","Twin Strike"],"picked":"SKIP","floor":13},{"not_picked":["Battle Trance","Heavy Blade","Armaments"],"picked":"SKIP","floor":14},{"not_picked":["Heavy Blade","Armaments"],"picked":"Battle Trance","floor":14},{"not_picked":["Feed","Demon Form"],"picked":"Limit Break","floor":16},{"not_picked":["Thunderclap","Sentinel"],"picked":"Heavy Blade","floor":18},{"not_picked":["Wild Strike","Clothesline"],"picked":"Shrug It Off","floor":19},{"not_picked":["Dual Wield","Pummel"],"picked":"Havoc","floor":21},{"not_picked":["Clash","Armaments"],"picked":"Metallicize","floor":23},{"not_picked":["Warcry","Clash"],"picked":"Ghostly Armor+1","floor":25},{"not_picked":["Armaments","True Grit"],"picked":"Feel No Pain","floor":27},{"not_picked":["Clothesline","Warcry"],"picked":"Shrug It Off","floor":29}],"player_experience":381772,"relics_obtained":[{"floor":6,"key":"Bird Faced Urn"},{"floor":9,"key":"Pantograph"},{"floor":23,"key":"Tiny Chest"},{"floor":26,"key":"Boot"}],"event_choices":[{"damage_healed":1,"gold_gain":0,"player_choice":"Full Heal","damage_taken":0,"max_hp_gain":0,"max_hp_loss":0,"event_name":"Wheel of Change","floor":2,"gold_loss":0},{"damage_healed":0,"gold_gain":0,"player_choice":"Got Potions","damage_taken":0,"max_hp_gain":0,"max_hp_loss":0,"event_name":"Lab","floor":5,"gold_loss":0},{"cards_removed":["Strike_R"],"damage_healed":0,"gold_gain":0,"player_choice":"Offered Basic","damage_taken":0,"max_hp_gain":0,"max_hp_loss":0,"event_name":"Bonfire Elementals","floor":10,"gold_loss":0},{"damage_healed":0,"gold_gain":0,"player_choice":"Inject Mutagens","damage_taken":0,"relics_obtained":["MutagenicStrength"],"max_hp_gain":0,"max_hp_loss":0,"event_name":"Drug Dealer","floor":22,"gold_loss":0}],"is_beta":false,"boss_relics":[{"not_picked":["Sozu","Fusion Hammer"],"picked":"Philosopher\u0027s Stone"}],"items_purged_floors":[20,28],"is_endless":false,"potions_floor_spawned":[1,8,19,21,25],"killed_by":"3 Cultists","ascension_level":15}