{"gold_per_floor":[113,44,44,119,136,167,167,126,200,214,240,240,250,268,268,363,363,380,17,34,34,46,46,46],"floor_reached":24,"playtime":872,"items_purged":["Strike_G"],"score":216,"play_id":"f55c8e80-10b3-4ccf-a9e7-9eefe7518005","local_time":"20181009000748","is_ascension_mode":true,"campfire_choices":[{"floor":7,"key":"REST"},{"floor":12,"key":"REST"},{"floor":15,"key":"REST"},{"floor":23,"key":"REST"}],"neow_cost":"","seed_source_timestamp":1408219122018897,"circlet_count":0,"master_deck":["Defend_G+1","Defend_G","Defend_G","Defend_G","Defend_G","Strike_G","Strike_G","Strike_G","Survivor","Neutralize","Dagger Spray","Footwork","Flying Knee","Acrobatics","Noxious Fumes","Escape Plan","Dodge and Roll","Terror","Envenom","After Image","Dash","Well Laid Plans+1"],"relics":["Ring of the Snake","Pen Nib","Kunai","Bag of Preparation","Cursed Key","Boot"],"potions_floor_usage":[16,16],"damage_taken":[{"damage":9,"enemies":"Jaw Worm","floor":1,"turns":6},{"damage":0,"enemies":"Small Slimes","floor":5,"turns":3},{"damage":23,"enemies":"3 Sentries","floor":6,"turns":10},{"damage":0,"enemies":"2 Louse","floor":10,"turns":2},{"damage":24,"enemies":"Lagavulin","floor":11,"turns":7},{"damage":10,"enemies":"2 Fungi Beasts","floor":13,"turns":3},{"damage":2,"enemies":"Red Slaver","floor":14,"turns":4},{"damage":22,"enemies":"Slime Boss","floor":16,"turns":11},{"damage":25,"enemies":"3 Byrds","floor":18,"turns":4},{"damage":11,"enemies":"Spheric Guardian","floor":20,"turns":8},{"damage":5,"enemies":"Snecko","floor":22,"turns":6},{"damage":54,"enemies":"Slavers","floor":24,"turns":3}],"seed_played":"-3814593873252062080","potions_obtained":[{"floor":10,"key":"GamblersBrew"},{"floor":11,"key":"Dexterity Potion"},{"floor":13,"key":"Ancient Potion"},{"floor":18,"key":"GamblersBrew"},{"floor":20,"key":"Explosive Potion"}],"is_trial":false,"path_per_floor":["M","$","?","?","M","E","R","$","T","M","E","R","M","M","R","B",null,"M","$","M","?","M","R"],"character_chosen":"THE_SILENT","items_purchased":["Footwork","Noxious Fumes","After Image","Boot"],"campfire_rested":4,"item_purchase_floors":[2,8,19,19],"current_hp_per_floor":[61,61,47,40,40,17,38,38,38,38,14,35,25,23,44,22,70,45,45,34,34,29,50,0],"gold":46,"neow_bonus":"","is_prod":false,"is_daily":false,"chose_seed":false,"campfire_upgraded":0,"win_rate":0,"timestamp":1539014868,"path_taken":["M","$","?","?","?","E","R","?","T","M","E","R","?","M","R","BOSS","M","?","?","?","M","R","E"],"build_version":"2018-10-04v2","purchased_purges":1,"victory":false,"max_hp_per_floor":[70,70,70,70,70,70,70,70,70,70,70,70,70,70,70,70,70,70,70,70,70,70,70,70],"card_choices":[{"not_picked":["Slice","Tactician"],"picked":"Dagger Spray","floor":1},{"not_picked":["Bane","Eviscerate"],"picked":"Flying Knee","floor":5},{"not_picked":["Glass Knife","Outmaneuver"],"picked":"Acrobatics","floor":6},{"not_picked":["Masterful Stab","Acrobatics"],"picked":"Escape Plan","floor":10},{"not_picked":["Finisher","Deflect"],"picked":"Dodge and Roll","floor":11},{"not_picked":["Backstab","PiercingWail","Endless Agony"],"picked":"SKIP","floor":13},{"not_picked":["PiercingWail","Noxious Fumes"],"picked":"Terror","floor":14},{"not_picked":["Corpse Explosion","Glass Knife"],"picked":"Envenom","floor":16},{"not_picked":["Slice+1","Deflect+1","Deadly Poison"],"picked":"SKIP","floor":18},{"not_picked":["Reflex+1","Skewer"],"picked":"Dash","floor":20},{"not_picked":["Crippling Poison","Noxious Fumes"],"picked":"Well Laid Plans+1","floor":22}],"player_experience":27643,"relics_obtained":[{"floor":6,"key":"Pen Nib"},{"floor":9,"key":"Kunai"},{"floor":11,"key":"Bag of Preparation"}],"event_choices":[{"event_name":"Shining Light","player_choice":"Entered Light","floor":3,"damage_taken":0},{"event_name":"FaceTrader","player_choice":"Touch","floor":4,"damage_taken":0},{"event_name":"Purifier","player_choice":"One Purge","floor":21,"damage_taken":0}],"is_beta":false,"boss_relics":[{"not_picked":["Busted Crown","Runic Dome"],"picked":"Cursed Key"}],"items_purged_floors":[19],"is_endless":false,"potions_floor_spawned":[10,11,13,14,18,20],"killed_by":"Slavers","ascension_level":1}