{"gold_per_floor":[16,31,106,106,106,106,137,137,163,198,198,198,218,250,250,323,323,338,338,354,354],"floor_reached":21,"playtime":2744,"items_purged":[],"score":341,"play_id":"ba8dd56e-e156-43d4-8f06-c2ac84d4d5a7","local_time":"20190201181323","is_ascension_mode":true,"campfire_choices":[{"floor":6.0,"key":"REST"},{"floor":8.0,"key":"REST"},{"floor":11.0,"key":"REST"},{"floor":15.0,"key":"REST"}],"neow_cost":"NO_GOLD","seed_source_timestamp":454712307844593,"circlet_count":0,"master_deck":["AscendersBane","Strike_R","Strike_R","Strike_R","Strike_R+1","Defend_R","Defend_R","Defend_R","Defend_R","Bash+1","Panache","Panacea","Corruption","Infernal Blade","Hemokinesis","Evolve","Carnage","Intimidate","Exhume","Pummel","RitualDagger","Metallicize"],"special_seed":0,"relics":["Burning Blood","The Courier","Omamori","Strawberry","Red Skull","Juzu Bracelet","Sozu"],"potions_floor_usage":[],"damage_taken":[{"damage":4.0,"enemies":"Cultist","floor":1.0,"turns":5.0},{"damage":8.0,"enemies":"Small Slimes","floor":2.0,"turns":4.0},{"damage":40.0,"enemies":"3 Sentries","floor":7.0,"turns":10.0},{"damage":41.0,"enemies":"Lagavulin","floor":10.0,"turns":8.0},{"damage":7.0,"enemies":"Jaw Worm","floor":13.0,"turns":3.0},{"damage":36.0,"enemies":"3 Sentries","floor":14.0,"turns":6.0},{"damage":29.0,"enemies":"Slime Boss","floor":16.0,"turns":7.0},{"damage":12.0,"enemies":"Chosen","floor":18.0,"turns":5.0},{"damage":33,"enemies":"2 Thieves","floor":20,"turns":5},{"damage":34,"enemies":"Centurion and Healer","floor":21,"turns":2}],"seed_played":"-8038558762712920436","potions_obtained":[{"floor":2.0,"key":"LiquidBronze"},{"floor":7.0,"key":"BloodPotion"},{"floor":14.0,"key":"Regen Potion"}],"is_trial":false,"path_per_floor":["M","M","?","?","T","R","E","R","T","E","R","?","M","E","R","B",null,"M","?","M","M"],"character_chosen":"IRONCLAD","items_purchased":[],"campfire_rested":4,"item_purchase_floors":[],"current_hp_per_floor":[70,68,57,34,34,56,22,44,51,24,48,48,47,17,41,33,70,64,58,31,0],"gold":354,"neow_bonus":"RANDOM_COLORLESS_2","is_prod":false,"is_daily":false,"chose_seed":false,"campfire_upgraded":0,"win_rate":0,"timestamp":1549012403,"path_taken":["M","M","?","?","?","R","E","R","T","E","R","?","?","E","R","BOSS","M","?","M","M"],"build_version":"2019-01-23","purchased_purges":0,"victory":false,"max_hp_per_floor":[75,75,75,75,75,75,75,75,82,82,82,82,82,82,82,82,82,82,82,82,82],"card_choices":[{"not_picked":["Sword Boomerang","Body Slam"],"picked":"Corruption","floor":1.0},{"not_picked":["Iron Wave","Sword Boomerang"],"picked":"Infernal Blade","floor":2.0},{"not_picked":["Clash","Cleave"],"picked":"Hemokinesis","floor":7.0},{"not_picked":["Body Slam","Spot Weakness"],"picked":"Evolve","floor":10.0},{"not_picked":["Clash","Thunderclap"],"picked":"Carnage","floor":13.0},{"not_picked":["Rampage","Iron Wave"],"picked":"Intimidate","floor":14.0},{"not_picked":["Fiend Fire","Bludgeon"],"picked":"Exhume","floor":16.0},{"not_picked":["Uppercut","Clash"],"picked":"Pummel","floor":18.0},{"not_picked":["Hemokinesis","Pommel Strike"],"picked":"Metallicize","floor":20}],"player_experience":975923,"relics_obtained":[{"floor":5.0,"key":"The Courier"},{"floor":7.0,"key":"Omamori"},{"floor":9.0,"key":"Strawberry"},{"floor":10.0,"key":"Red Skull"},{"floor":14.0,"key":"Juzu Bracelet"}],"event_choices":[{"damage_healed":0.0,"max_hp_gain":0.0,"max_hp_loss":0.0,"gold_gain":75.0,"event_name":"World of Goop","player_choice":"Gather Gold","floor":3.0,"gold_loss":0.0,"damage_taken":11.0},{"damage_healed":0.0,"max_hp_gain":0.0,"max_hp_loss":0.0,"gold_gain":0.0,"event_name":"Shining Light","player_choice":"Entered Light","floor":4.0,"gold_loss":0.0,"damage_taken":23.0,"cards_upgraded":["Strike_R","Bash"]},{"cards_removed":["Strike_R"],"damage_healed":0.0,"max_hp_gain":0.0,"max_hp_loss":0.0,"gold_gain":0.0,"event_name":"Purifier","player_choice":"Purged","floor":12.0,"gold_loss":0.0,"damage_taken":0.0},{"damage_healed":0.0,"max_hp_gain":0.0,"max_hp_loss":0.0,"gold_gain":0.0,"event_name":"Nest","player_choice":"Joined the Cult","floor":19.0,"gold_loss":0.0,"damage_taken":6.0,"cards_obtained":["RitualDagger"]}],"is_beta":false,"boss_relics":[{"not_picked":["Eternal Feather","Ectoplasm"],"picked":"Sozu"}],"items_purged_floors":[],"is_endless":false,"potions_floor_spawned":[2,7,14,18],"killed_by":"Centurion and Healer","ascension_level":15}