{"gold_per_floor":[118,118,293,307,232,259,259,277,304,304,317,77,77,111,111,210,210,224,224,184,144,144,160,172,172,172,189,189,217,229,282,294,406,418,441,453,465,496,329,329,329,329,355,355,47,47,147,158,158,158],"floor_reached":51,"playtime":1529,"items_purged":["Doubt","Defend_B"],"score":762,"play_id":"c992bf16-a884-4173-b8cc-c21e87c11731","local_time":"20181228174133","is_ascension_mode":false,"campfire_choices":[{"data":"Dualcast","floor":7.0,"key":"SMITH"},{"data":"Zap","floor":15.0,"key":"SMITH"},{"data":"Cold Snap","floor":25.0,"key":"SMITH"},{"data":"Capacitor","floor":28.0,"key":"SMITH"},{"floor":30.0,"key":"REST"},{"data":"Defragment","floor":32,"key":"SMITH"},{"data":"Defragment","floor":40,"key":"SMITH"},{"data":"Echo Form","floor":42,"key":"SMITH"},{"data":"Capacitor","floor":44,"key":"SMITH"},{"floor":49,"key":"REST"}],"neow_cost":"NONE","seed_source_timestamp":337416357593065,"circlet_count":0,"master_deck":["Strike_B","Strike_B","Strike_B","Defend_B","Defend_B","Zap+1","Dualcast+1","Cold Snap+1","Undo","Ball Lightning+1","BootSequence","Conserve Battery","Conserve Battery","Auto Shields","Capacitor+1","Chill","Chaos+1","Defragment+1","Echo Form+1","Defragment+1","Capacitor+1","Electrodynamics","Go for the Eyes+1","Barrage+1"],"special_seed":0,"relics":["Cracked Core","Incense Burner","Ancient Tea Set","Bag of Marbles","Lantern","Dream Catcher","Sozu","Singing Bowl","MawBank","Regal Pillow","DataDisk"],"potions_floor_usage":[38],"damage_taken":[{"damage":6.0,"enemies":"Cultist","floor":1.0,"turns":3.0},{"damage":0.0,"enemies":"Small Slimes","floor":4.0,"turns":3.0},{"damage":21.0,"enemies":"Lagavulin","floor":6.0,"turns":8.0},{"damage":0.0,"enemies":"2 Louse","floor":8.0,"turns":2.0},{"damage":0.0,"enemies":"Exordium Wildlife","floor":11.0,"turns":4.0},{"damage":4.0,"enemies":"3 Sentries","floor":14.0,"turns":7.0},{"damage":25.0,"enemies":"Slime Boss","floor":16.0,"turns":12.0},{"damage":3.0,"enemies":"2 Thieves","floor":18.0,"turns":4.0},{"damage":5.0,"enemies":"Shell Parasite","floor":23.0,"turns":9.0},{"damage":8.0,"enemies":"Snake Plant","floor":24.0,"turns":6.0},{"damage":12.0,"enemies":"Centurion and Healer","floor":27.0,"turns":14.0},{"damage":39.0,"enemies":"Gremlin Leader","floor":29.0,"turns":11.0},{"damage":15.0,"enemies":"Book of Stabbing","floor":31.0,"turns":8.0},{"damage":0,"enemies":"Champ","floor":33,"turns":15},{"damage":4,"enemies":"3 Shapes","floor":35,"turns":5},{"damage":6,"enemies":"Orb Walker","floor":38,"turns":5},{"damage":20,"enemies":"Sphere and 2 Shapes","floor":48,"turns":4},{"damage":29,"enemies":"Donu and Deca","floor":50,"turns":9}],"seed_played":"8014629176230281408","potions_obtained":[{"floor":11.0,"key":"SpeedPotion"},{"floor":14.0,"key":"Block Potion"}],"is_trial":false,"path_per_floor":["M","T","?","M","$","E","R","M","T","?","M","$","?","E","R","B",null,"M","?","$","?","$","M","M","R","T","M","R","E","R","E","E","R","B",null,"M","?","$","M","$","R","?","R","T","R","$","$","?","M","R","B",null],"character_chosen":"DEFECT","items_purchased":["BootSequence","Conserve Battery","Lantern","Capacitor","Capacitor","DataDisk","Electrodynamics"],"campfire_rested":2,"item_purchase_floors":[12,12,12,20,39,45,45],"current_hp_per_floor":[69,69,69,69,69,48,48,48,48,53,53,53,53,49,49,24,80,77,77,77,77,77,72,64,64,64,52,52,15,41,26,26,26,84,82,82,82,76,76,76,78,78,78,78,78,78,78,58,88,59],"gold":158,"neow_bonus":"REMOVE_CARD","is_prod":false,"is_daily":false,"chose_seed":false,"campfire_upgraded":8,"win_rate":0,"timestamp":1546018893,"path_taken":["M","?","?","M","$","E","R","M","T","?","M","$","?","E","R","BOSS","M","?","?","?","$","?","M","R","T","M","R","E","R","E","R","BOSS","M","?","$","M","$","R","?","R","T","R","?","$","?","M","R","BOSS"],"build_version":"2018-12-20","purchased_purges":2,"victory":true,"max_hp_per_floor":[75,75,75,75,75,75,75,75,75,80,80,80,80,80,80,80,80,80,80,80,80,80,80,80,80,80,80,80,82,84,84,84,84,84,86,86,86,86,86,86,88,88,88,88,88,88,88,88,88,88],"card_choices":[{"not_picked":["Barrage","Tempest"],"picked":"Cold Snap","floor":1.0},{"not_picked":["Turbo","Cold Snap","Streamline"],"picked":"SKIP","floor":4.0},{"not_picked":["Double Energy","Turbo"],"picked":"Undo","floor":6.0},{"not_picked":["Capacitor","Reinforced Body"],"picked":"Ball Lightning","floor":8.0},{"not_picked":["Force Field","Steam Power","Sunder"],"picked":"SKIP","floor":11.0},{"not_picked":["Force Field","Fusion"],"picked":"Conserve Battery","floor":14.0},{"not_picked":["Hologram","Barrage"],"picked":"Auto Shields","floor":18.0},{"not_picked":["Turbo","Barrage","Doom and Gloom"],"picked":"SKIP","floor":23.0},{"not_picked":["Turbo","Redo+1"],"picked":"Chill","floor":24.0},{"not_picked":["Reinforced Body","Streamline+1"],"picked":"Chaos+1","floor":27.0},{"not_picked":["Sunder+1","Chaos","Lockon"],"picked":"Singing Bowl","floor":29.0},{"not_picked":["Stack","Lockon","Turbo"],"picked":"Singing Bowl","floor":30.0},{"not_picked":["Darkness","Turbo"],"picked":"Defragment","floor":31},{"not_picked":["All For One","Creative AI"],"picked":"Echo Form","floor":33},{"not_picked":["Recycle+1","Coolheaded","Leap"],"picked":"Singing Bowl","floor":35},{"not_picked":["Rebound","Leap+1"],"picked":"Defragment","floor":38},{"not_picked":["Enlightenment","Impatience","Secret Technique"],"picked":"Singing Bowl","floor":41},{"not_picked":["Ball Lightning+1","Sweeping Beam"],"picked":"Go for the Eyes+1","floor":48},{"not_picked":["Ball Lightning","Glacier"],"picked":"Barrage+1","floor":49}],"player_experience":919943,"relics_obtained":[{"floor":2.0,"key":"Incense Burner"},{"floor":6.0,"key":"Ancient Tea Set"},{"floor":9.0,"key":"Bag of Marbles"},{"floor":14.0,"key":"Dream Catcher"},{"floor":26.0,"key":"Singing Bowl"},{"floor":29.0,"key":"MawBank"},{"floor":43,"key":"Regal Pillow"}],"event_choices":[{"damage_healed":0.0,"max_hp_gain":0.0,"max_hp_loss":0.0,"gold_gain":175.0,"event_name":"Liars Game","player_choice":"AGREE","floor":3.0,"gold_loss":0.0,"damage_taken":0.0,"cards_obtained":["Doubt"]},{"damage_healed":0.0,"max_hp_gain":5.0,"max_hp_loss":0.0,"gold_gain":0.0,"event_name":"Big Fish","player_choice":"Donut","floor":10.0,"gold_loss":0.0,"damage_taken":0.0},{"cards_removed":["Strike_B"],"damage_healed":0.0,"max_hp_gain":0.0,"max_hp_loss":0.0,"gold_gain":0.0,"event_name":"Purifier","player_choice":"Purged","floor":13.0,"gold_loss":0.0,"damage_taken":0.0},{"damage_healed":0.0,"max_hp_gain":0.0,"max_hp_loss":0.0,"gold_gain":0.0,"event_name":"NoteForYourself","player_choice":"Ignored","floor":19.0,"gold_loss":0.0,"damage_taken":0.0},{"damage_healed":0.0,"max_hp_gain":0.0,"max_hp_loss":0.0,"gold_gain":0.0,"event_name":"Designer","player_choice":"Upgrade","floor":21.0,"gold_loss":40.0,"damage_taken":0.0,"cards_upgraded":["Ball Lightning"]},{"damage_healed":0,"gold_gain":0,"player_choice":"Ignored","damage_taken":0,"max_hp_gain":0,"max_hp_loss":0,"event_name":"Tomb of Lord Red Mask","floor":36,"gold_loss":0},{"damage_healed":0,"gold_gain":0,"player_choice":"Memory 1","damage_taken":0,"max_hp_gain":0,"max_hp_loss":0,"event_name":"SensoryStone","floor":41,"gold_loss":0},{"damage_healed":0,"gold_gain":100,"player_choice":"Pray","damage_taken":0,"max_hp_gain":0,"max_hp_loss":0,"event_name":"Golden Shrine","floor":47,"gold_loss":0}],"is_beta":false,"boss_relics":[{"not_picked":["FrozenCore","Astrolabe"],"picked":"Sozu"},{"not_picked":["White Beast Statue","Velvet Choker","Runic Pyramid"]}],"items_purged_floors":[5,39],"is_endless":false,"potions_floor_spawned":[11,14,27,29,33,35,48],"ascension_level":0}