{"gold_per_floor":[116,1,1,1,19,19,62,62,134,150,188,188,66,90,90,90],"floor_reached":16,"playtime":569,"items_purged":["Strike_R","Strike_R"],"score":146,"play_id":"fa863ffd-458b-47d1-b5c0-3329b1c07a60","local_time":"20190208231956","is_ascension_mode":true,"campfire_choices":[{"data":"Infernal Blade","floor":6,"key":"SMITH"},{"floor":8,"key":"REST"},{"floor":15,"key":"REST"}],"neow_cost":"NONE","seed_source_timestamp":16041031752212,"circlet_count":0,"master_deck":["Strike_R","Strike_R","Strike_R","Defend_R","Defend_R","Defend_R","Defend_R","Bash+1","Infernal Blade+1","Disarm","Shrug It Off","Shrug It Off","Cleave","Armaments","Shrug It Off"],"relics":["Burning Blood","Golden Idol","Art of War","Self Forming Clay","Gremlin Horn"],"potions_floor_usage":[7,11,16],"damage_taken":[{"damage":7,"enemies":"Jaw Worm","floor":1,"turns":3},{"damage":11,"enemies":"Small Slimes","floor":5,"turns":5},{"damage":42,"enemies":"Lagavulin","floor":7,"turns":9},{"damage":2,"enemies":"2 Louse","floor":10,"turns":3},{"damage":22,"enemies":"3 Sentries","floor":11,"turns":6},{"damage":0,"enemies":"Lots of Slimes","floor":14,"turns":2},{"damage":65,"enemies":"Slime Boss","floor":16,"turns":11}],"seed_played":"8051697898054441861","potions_obtained":[{"floor":5,"key":"SteroidPotion"},{"floor":7,"key":"Energy Potion"},{"floor":14,"key":"SpeedPotion"}],"is_trial":false,"path_per_floor":["M","$","?","?","M","R","E","R","T","M","E","?","$","M","R","B"],"character_chosen":"IRONCLAD","items_purchased":["Disarm","Shrug It Off"],"campfire_rested":2,"item_purchase_floors":[2,13],"current_hp_per_floor":[71,71,51,48,43,43,7,31,31,35,19,19,19,25,49,0],"gold":90,"neow_bonus":"UPGRADE_CARD","is_prod":false,"is_daily":false,"chose_seed":false,"campfire_upgraded":1,"win_rate":0,"timestamp":1549635596,"path_taken":["M","$","?","?","M","R","E","R","T","M","E","?","?","M","R","BOSS"],"build_version":"2019-01-23","purchased_purges":2,"victory":false,"max_hp_per_floor":[80,80,80,80,80,80,80,80,80,80,80,80,80,80,80,80],"card_choices":[{"not_picked":["Thunderclap","Rage"],"picked":"Infernal Blade","floor":1},{"not_picked":["Disarm","Headbutt"],"picked":"Shrug It Off","floor":5},{"not_picked":["Cleave","Thunderclap"],"picked":"Shrug It Off","floor":7},{"not_picked":["Twin Strike","Combust"],"picked":"Cleave","floor":10},{"not_picked":["Headbutt","Hemokinesis"],"picked":"Armaments","floor":11},{"not_picked":["Intimidate","Sword Boomerang","Anger"],"picked":"SKIP","floor":14}],"player_experience":841444,"relics_obtained":[{"floor":7,"key":"Self Forming Clay"},{"floor":11,"key":"Gremlin Horn"}],"event_choices":[{"damage_healed":0,"gold_gain":0,"player_choice":"Take Damage","damage_taken":20,"relics_obtained":["Golden Idol"],"max_hp_gain":0,"max_hp_loss":0,"event_name":"Golden Idol","floor":3,"gold_loss":0},{"damage_healed":0,"gold_gain":0,"player_choice":"Success","damage_taken":3,"relics_obtained":["Art of War"],"max_hp_gain":0,"max_hp_loss":0,"event_name":"Scrap Ooze","floor":4,"gold_loss":0},{"damage_healed":0,"gold_gain":0,"player_choice":"Searched \u00270\u0027 times","damage_taken":0,"max_hp_gain":0,"max_hp_loss":0,"event_name":"Dead Adventurer","floor":12,"gold_loss":0}],"is_beta":false,"boss_relics":[],"items_purged_floors":[2,13],"is_endless":false,"potions_floor_spawned":[5,7,14],"killed_by":"Slime Boss","ascension_level":7}