{"gold_per_floor":[215,226,239,9,28,28,59,59,59,59,59,75,100,9,9,138,138,163,188,18,41,41,41,140,140,140,15,51,22,22,40,40,169,169,194,38,38,51,74,113,113,136,136,149,170,75,98,112,112,112],"floor_reached":51,"playtime":7391,"items_purged":["Strike_B","Strike_B","Strike_B+1"],"score":701,"play_id":"ca09b8ed-3319-4e37-8604-1ed81f3c9526","local_time":"20181104210515","is_ascension_mode":false,"campfire_choices":[{"data":"Go for the Eyes","floor":6,"key":"SMITH"},{"data":"Zap","floor":8,"key":"SMITH"},{"data":"Hologram","floor":10,"key":"SMITH"},{"data":"Discovery","floor":15,"key":"SMITH"},{"data":"Defragment","floor":23,"key":"SMITH"},{"data":"Loop","floor":30,"key":"SMITH"},{"data":"Defragment","floor":32,"key":"SMITH"},{"floor":41,"key":"REST"},{"data":"Defragment","floor":49,"key":"SMITH"}],"neow_cost":"NONE","seed_source_timestamp":10219925599311,"circlet_count":0,"master_deck":["Strike_B+1","Defend_B+1","Defend_B+1","Defend_B+1","Defend_B+1","Zap+1","Dualcast","Ball Lightning","Cold Snap","Coolheaded","Go for the Eyes+1","Hologram+1","Chill","Electrodynamics","Steam","Melter","Discovery+1","Biased Cognition","Redo+1","Consume","Defragment+1","Conserve Battery","Defragment+1","Self Repair","Leap","Loop+1","Electrodynamics","Doom and Gloom+1","Undo","Chill","Cold Snap+1","Go for the Eyes+1","Defragment+1","Cold Snap+1","Coolheaded+1"],"relics":["Cracked Core","Turnip","Sundial","Golden Idol","Lizard Tail","The Courier","Molten Egg 2","Sozu","Gremlin Horn","Incense Burner","Omamori"],"potions_floor_usage":[16,28,28,38,39],"damage_taken":[{"damage":0,"enemies":"Small Slimes","floor":1,"turns":4},{"damage":1,"enemies":"Jaw Worm","floor":2,"turns":3},{"damage":0,"enemies":"2 Louse","floor":3,"turns":3},{"damage":0,"enemies":"Exordium Thugs","floor":5,"turns":3},{"damage":10,"enemies":"Lagavulin","floor":7,"turns":8},{"damage":5,"enemies":"Looter","floor":12,"turns":2},{"damage":0,"enemies":"2 Fungi Beasts","floor":13,"turns":3},{"damage":13,"enemies":"Hexaghost","floor":16,"turns":9},{"damage":5,"enemies":"3 Byrds","floor":18,"turns":2},{"damage":0,"enemies":"Shell Parasite","floor":19,"turns":4},{"damage":0,"enemies":"3 Cultists","floor":21,"turns":4},{"damage":41,"enemies":"Slavers","floor":28,"turns":4},{"damage":2,"enemies":"Cultist and Chosen","floor":31,"turns":8},{"damage":24,"enemies":"Automaton","floor":33,"turns":7},{"damage":21,"enemies":"3 Shapes","floor":35,"turns":3},{"damage":0,"enemies":"Orb Walker","floor":38,"turns":3},{"damage":0,"enemies":"Sphere and 2 Shapes","floor":39,"turns":10},{"damage":25,"enemies":"Reptomancer","floor":40,"turns":5},{"damage":22,"enemies":"Transient","floor":42,"turns":5},{"damage":0,"enemies":"Writhing Mass","floor":44,"turns":6},{"damage":11,"enemies":"4 Shapes","floor":45,"turns":4},{"damage":0,"enemies":"Sphere and 2 Shapes","floor":47,"turns":5},{"damage":0,"enemies":"Jaw Worm Horde","floor":48,"turns":4},{"damage":28,"enemies":"Awakened One","floor":50,"turns":23}],"seed_played":"681984802635893043","potions_obtained":[{"floor":3,"key":"Regen Potion"},{"floor":7,"key":"SkillPotion"},{"floor":19,"key":"Regen Potion"},{"floor":28,"key":"Block Potion"},{"floor":31,"key":"Regen Potion"}],"is_trial":false,"path_per_floor":["M","M","M","$","M","R","E","R","T","R","?","M","M","$","R","B",null,"M","M","$","M","?","R","?","?","T","$","E","$","R","M","R","B",null,"M","$","?","M","M","E","R","M","T","M","M","$","M","M","R","B",null],"character_chosen":"DEFECT","items_purchased":["Fire Potion","Go for the Eyes","Hologram","Discovery","Defragment","Defragment","Self Repair","Loop","Undo","Defragment","Cold Snap+1"],"campfire_rested":1,"item_purchase_floors":[4,4,4,14,20,27,27,29,36,46,46],"current_hp_per_floor":[75,74,74,74,74,74,64,64,64,64,46,41,41,41,41,28,75,70,70,70,70,70,70,70,70,70,70,51,51,51,56,56,32,75,54,54,54,54,75,57,75,60,60,67,63,63,70,70,70,42],"gold":112,"neow_bonus":"HUNDRED_GOLD","is_prod":false,"is_daily":false,"chose_seed":false,"campfire_upgraded":8,"win_rate":0,"timestamp":1541383515,"path_taken":["M","M","M","$","M","R","E","R","T","R","?","M","M","$","R","BOSS","M","M","$","M","?","R","?","?","T","$","E","$","R","?","R","BOSS","M","$","?","M","M","E","R","M","T","M","M","?","M","M","R","BOSS"],"build_version":"2018-11-01","purchased_purges":3,"victory":true,"max_hp_per_floor":[75,75,75,75,75,75,75,75,75,75,75,75,75,75,75,75,75,75,75,75,75,75,75,75,75,75,75,75,75,75,75,75,75,75,75,75,75,75,75,75,75,75,75,75,75,75,75,75,75,75],"card_choices":[{"not_picked":["Redo","Beam Cell"],"picked":"Ball Lightning","floor":1},{"not_picked":["Beam Cell","Stack"],"picked":"Cold Snap","floor":2},{"not_picked":["Turbo","Hologram"],"picked":"Coolheaded","floor":3},{"not_picked":["Tempest","Redo"],"picked":"Chill","floor":5},{"not_picked":["Beam Cell","Redo"],"picked":"Electrodynamics","floor":7},{"not_picked":["Redo","Scrape"],"picked":"Steam","floor":12},{"not_picked":["Tempest","Blizzard"],"picked":"Melter","floor":13},{"not_picked":["Rainbow","Reboot"],"picked":"Biased Cognition","floor":16},{"not_picked":["Cold Snap+1","Beam Cell"],"picked":"Redo+1","floor":18},{"not_picked":["Cold Snap","Melter+1"],"picked":"Consume","floor":19},{"not_picked":["Leap","Gash+1"],"picked":"Conserve Battery","floor":21},{"not_picked":["Ball Lightning","Self Repair"],"picked":"Leap","floor":28},{"not_picked":["Skim","Aggregate+1","Beam Cell+1"],"picked":"SKIP","floor":31},{"not_picked":["Hyperbeam+1","Reboot"],"picked":"Electrodynamics","floor":33},{"not_picked":["Rebound+1","Turbo+1"],"picked":"Doom and Gloom+1","floor":35},{"not_picked":["Leap","Gash+1","Chaos"],"picked":"SKIP","floor":38},{"not_picked":["Recycle+1","Double Energy+1","Ball Lightning+1"],"picked":"SKIP","floor":39},{"not_picked":["Darkness+1","Hello World+1"],"picked":"Chill","floor":40},{"not_picked":["Double Energy+1","Streamline+1"],"picked":"Cold Snap+1","floor":42},{"not_picked":["Sweeping Beam+1","Darkness+1","Turbo+1"],"picked":"SKIP","floor":44},{"not_picked":["Cold Snap+1","Compile Driver+1"],"picked":"Go for the Eyes+1","floor":45},{"not_picked":["Gash+1","Compile Driver+1","Turbo"],"picked":"SKIP","floor":47},{"not_picked":["Rebound+1","Gash+1"],"picked":"Coolheaded+1","floor":48}],"player_experience":3262728,"relics_obtained":[{"floor":7,"key":"Turnip"},{"floor":9,"key":"Sundial"},{"floor":26,"key":"The Courier"},{"floor":28,"key":"Molten Egg 2"},{"floor":40,"key":"Incense Burner"},{"floor":43,"key":"Omamori"}],"event_choices":[{"damage_healed":0,"gold_gain":0,"player_choice":"Take Damage","damage_taken":18,"relics_obtained":["Golden Idol"],"max_hp_gain":0,"max_hp_loss":0,"event_name":"Golden Idol","floor":11,"gold_loss":0},{"damage_healed":0,"gold_gain":0,"player_choice":"Ignored","damage_taken":0,"max_hp_gain":0,"max_hp_loss":0,"event_name":"Vampires","floor":22,"gold_loss":0},{"damage_healed":0,"gold_gain":99,"player_choice":"Stole From Cult","damage_taken":0,"max_hp_gain":0,"max_hp_loss":0,"event_name":"Nest","floor":24,"gold_loss":0},{"damage_healed":0,"gold_gain":0,"player_choice":"Simplicity","damage_taken":0,"max_hp_gain":0,"max_hp_loss":0,"event_name":"Back to Basics","floor":25,"gold_loss":0,"cards_upgraded":["Strike_B","Strike_B","Defend_B","Defend_B","Defend_B","Defend_B"]},{"damage_healed":0,"gold_gain":0,"player_choice":"Gave Potion","damage_taken":0,"relics_obtained":["Gremlin Horn"],"max_hp_gain":0,"max_hp_loss":0,"event_name":"WeMeetAgain","floor":37,"gold_loss":0}],"is_beta":false,"boss_relics":[{"not_picked":["Runic Dome","Philosopher\u0027s Stone"],"picked":"Lizard Tail"},{"not_picked":["Empty Cage","Calling Bell"],"picked":"Sozu"}],"items_purged_floors":[4,20,36],"is_endless":false,"potions_floor_spawned":[3,7,12,19,28,31,35,42,45,47],"ascension_level":0}