{"gold_per_floor":[110,110,124,138,138,138,138,176,176,176,189,203,203,218,218,218],"floor_reached":16,"playtime":692,"items_purged":[],"score":102,"play_id":"57521711-5f48-4815-878a-d2754a75b3ec","local_time":"20181014232257","is_ascension_mode":false,"campfire_choices":[{"data":"Clothesline","floor":6,"key":"SMITH"},{"data":"Bash","floor":10,"key":"SMITH"},{"data":"Cleave","floor":13,"key":"SMITH"},{"data":"Flex","floor":15,"key":"SMITH"}],"neow_cost":"NONE","seed_source_timestamp":12995786860099,"circlet_count":0,"master_deck":["Strike_R","Strike_R","Strike_R","Strike_R","Strike_R","Defend_R","Defend_R","Defend_R","Bash+1","Cleave+1","Flex+1","Clothesline+1","Intimidate","Shockwave+1","Battle Trance+1"],"relics":["Burning Blood","Golden Idol","Peace Pipe","Toxic Egg 2"],"potions_floor_usage":[],"damage_taken":[{"damage":8,"enemies":"Jaw Worm","floor":1,"turns":5},{"damage":0,"enemies":"2 Louse","floor":3,"turns":2},{"damage":0,"enemies":"Cultist","floor":4,"turns":2},{"damage":30,"enemies":"Lagavulin","floor":8,"turns":6},{"damage":9,"enemies":"Looter","floor":11,"turns":3},{"damage":17,"enemies":"Exordium Wildlife","floor":12,"turns":6},{"damage":0,"enemies":"3 Louse","floor":14,"turns":3},{"damage":20,"enemies":"Hexaghost","floor":16,"turns":9}],"seed_played":"2288290115337947491","potions_obtained":[{"floor":11,"key":"Dexterity Potion"},{"floor":12,"key":"LiquidBronze"}],"is_trial":false,"path_per_floor":["M","?","M","M","?","R","$","E","T","R","M","M","R","M","R"],"character_chosen":"IRONCLAD","items_purchased":[],"campfire_rested":0,"item_purchase_floors":[],"current_hp_per_floor":[78,71,77,80,60,60,60,36,36,36,33,22,22,28,28,8],"gold":218,"neow_bonus":"TRANSFORM_CARD","is_prod":false,"is_daily":false,"chose_seed":false,"campfire_upgraded":4,"win_rate":0,"timestamp":1539555777,"path_taken":["M","?","M","?","?","R","$","E","T","R","M","M","R","?","R","BOSS"],"build_version":"2018-10-11","purchased_purges":0,"victory":false,"max_hp_per_floor":[80,80,80,80,80,80,80,80,80,80,80,80,80,80,80,80],"card_choices":[{"not_picked":["Headbutt","Twin Strike"],"picked":"Cleave","floor":1},{"not_picked":["Wild Strike","Armaments"],"picked":"Flex","floor":3},{"not_picked":["Clash","Iron Wave"],"picked":"Clothesline","floor":4},{"not_picked":["Perfected Strike","Infernal Blade"],"picked":"Intimidate","floor":8},{"not_picked":["Evolve","Intimidate+1"],"picked":"Shockwave+1","floor":11},{"not_picked":["Pummel","Warcry+1"],"picked":"Battle Trance+1","floor":12},{"not_picked":["Perfected Strike","Fiend Fire","Body Slam"],"picked":"SKIP","floor":14}],"player_experience":699778,"relics_obtained":[{"floor":8,"key":"Peace Pipe"},{"floor":9,"key":"Toxic Egg 2"}],"event_choices":[{"event_name":"Golden Wing","player_choice":"Card Removal","floor":2,"damage_taken":0},{"event_name":"Golden Idol","player_choice":"Take Damage","floor":5,"damage_taken":0}],"is_beta":false,"boss_relics":[],"items_purged_floors":[],"is_endless":false,"potions_floor_spawned":[11,12],"killed_by":"Hexaghost","ascension_level":0}