{"gold_per_floor":[114,130,130,130,130,130,141,161,161,191,191,205,205,219,219,317,317,336,352,369,383,383,411,411,441,465,465,477,495,495,352,352,352],"floor_reached":33,"playtime":1209,"items_purged":[],"score":289,"play_id":"c0c2a3f9-551c-4b52-8177-88a90270443c","local_time":"20181207231445","is_ascension_mode":false,"campfire_choices":[{"data":"Dualcast","floor":6,"key":"SMITH"},{"data":"Zap","floor":11,"key":"SMITH"},{"data":"Coolheaded","floor":13,"key":"SMITH"},{"data":"Conserve Battery","floor":15,"key":"SMITH"},{"floor":24,"key":"REST"},{"data":"Rainbow","floor":27,"key":"SMITH"},{"floor":32,"key":"REST"}],"neow_cost":"NONE","seed_source_timestamp":777535848689673,"circlet_count":0,"master_deck":["Strike_B+1","Strike_B+1","Strike_B","Defend_B","Defend_B","Defend_B","Zap+1","Dualcast+1","Coolheaded+1","Conserve Battery+1","Ball Lightning+1","Rainbow+1","Auto Shields","Cold Snap+1","Glacier+1","Go for the Eyes+1"],"special_seed":0,"relics":["Cracked Core","Orichalcum","Molten Egg 2","Nuclear Battery","Pantograph","Vajra","Regal Pillow","Whetstone"],"potions_floor_usage":[19,20,25],"damage_taken":[{"damage":0,"enemies":"2 Louse","floor":1,"turns":3},{"damage":0,"enemies":"Cultist","floor":2,"turns":3},{"damage":0,"enemies":"Jaw Worm","floor":7,"turns":4},{"damage":1,"enemies":"2 Fungi Beasts","floor":8,"turns":4},{"damage":16,"enemies":"3 Sentries","floor":10,"turns":8},{"damage":5,"enemies":"Exordium Thugs","floor":12,"turns":5},{"damage":2,"enemies":"Exordium Wildlife","floor":14,"turns":3},{"damage":25,"enemies":"Slime Boss","floor":16,"turns":11},{"damage":0,"enemies":"Spheric Guardian","floor":18,"turns":3},{"damage":0,"enemies":"Shell Parasite","floor":19,"turns":3},{"damage":1,"enemies":"Snake Plant","floor":20,"turns":2},{"damage":14,"enemies":"Sentry and Sphere","floor":21,"turns":6},{"damage":46,"enemies":"Gremlin Leader","floor":23,"turns":11},{"damage":16,"enemies":"Slavers","floor":25,"turns":6},{"damage":0,"enemies":"Cultist and Chosen","floor":28,"turns":5},{"damage":8,"enemies":"Snecko","floor":29,"turns":4},{"damage":70,"enemies":"Champ","floor":33,"turns":12}],"seed_played":"8658054946944135320","potions_obtained":[{"floor":8,"key":"Fire Potion"},{"floor":12,"key":"Swift Potion"},{"floor":14,"key":"Ancient Potion"},{"floor":20,"key":"AttackPotion"},{"floor":28,"key":"Energy Potion"}],"is_trial":false,"path_per_floor":["M","M","?","$","?","R","M","M","T","E","R","M","R","M","R","B",null,"M","M","M","M","?","E","R","E","T","R","M","M","?","$","R","B"],"character_chosen":"DEFECT","items_purchased":["Whetstone"],"campfire_rested":2,"item_purchase_floors":[31],"current_hp_per_floor":[75,75,80,80,72,72,72,71,71,55,55,50,50,48,48,23,80,80,80,79,65,50,4,29,13,13,13,13,5,5,5,45,0],"gold":352,"neow_bonus":"REMOVE_CARD","is_prod":false,"is_daily":false,"chose_seed":false,"campfire_upgraded":5,"win_rate":0,"timestamp":1544224485,"path_taken":["M","M","?","$","?","R","M","M","T","E","R","M","R","M","R","BOSS","M","?","M","M","?","E","R","E","T","R","M","M","?","$","R","BOSS"],"build_version":"2018-12-06","purchased_purges":0,"victory":false,"max_hp_per_floor":[75,75,80,80,80,80,80,80,80,80,80,80,80,80,80,80,80,80,80,80,80,85,85,85,85,85,85,85,85,85,85,85,85],"card_choices":[{"not_picked":["Cold Snap","Consume"],"picked":"Coolheaded","floor":1},{"not_picked":["Doom and Gloom","Barrage","Compile Driver"],"picked":"SKIP","floor":2},{"not_picked":["Stack","Genetic Algorithm","Leap"],"picked":"SKIP","floor":7},{"not_picked":["Double Energy","Reinforced Body"],"picked":"Conserve Battery","floor":8},{"not_picked":["Consume","Reprogram"],"picked":"Ball Lightning","floor":10},{"not_picked":["Hologram","Reinforced Body","Loop"],"picked":"SKIP","floor":12},{"not_picked":["Coolheaded","Aggregate","Tempest"],"picked":"SKIP","floor":14},{"not_picked":["Amplify","Seek"],"picked":"Rainbow","floor":16},{"not_picked":["Coolheaded","Turbo+1","Reprogram"],"picked":"SKIP","floor":18},{"not_picked":["Chaos+1","Leap"],"picked":"Auto Shields","floor":19},{"not_picked":["Streamline+1","Ball Lightning+1"],"picked":"Cold Snap+1","floor":20},{"not_picked":["Redo+1","Cold Snap+1","Fusion"],"picked":"SKIP","floor":21},{"not_picked":["Multi-Cast","Doom and Gloom+1","Ball Lightning+1"],"picked":"SKIP","floor":23},{"not_picked":["Reprogram","Gash+1","Redo"],"picked":"SKIP","floor":25},{"not_picked":["Barrage+1","Reprogram"],"picked":"Glacier+1","floor":28},{"not_picked":["Ball Lightning+1","Sweeping Beam+1"],"picked":"Go for the Eyes+1","floor":29}],"player_experience":864802,"relics_obtained":[{"floor":9,"key":"Orichalcum"},{"floor":10,"key":"Molten Egg 2"},{"floor":23,"key":"Pantograph"},{"floor":25,"key":"Vajra"},{"floor":26,"key":"Regal Pillow"}],"event_choices":[{"damage_healed":0,"gold_gain":0,"player_choice":"Donut","damage_taken":0,"max_hp_gain":5,"max_hp_loss":0,"event_name":"Big Fish","floor":3,"gold_loss":0},{"damage_healed":0,"gold_gain":0,"player_choice":"Damaged","damage_taken":8,"max_hp_gain":0,"max_hp_loss":0,"event_name":"Wheel of Change","floor":5,"gold_loss":0},{"damage_healed":0,"gold_gain":0,"player_choice":"Shed Blood","damage_taken":20,"max_hp_gain":5,"max_hp_loss":0,"event_name":"Forgotten Altar","floor":22,"gold_loss":0},{"cards_removed":["Strike_B"],"damage_healed":0,"gold_gain":0,"player_choice":"Offered Basic","damage_taken":0,"max_hp_gain":0,"max_hp_loss":0,"event_name":"Bonfire Elementals","floor":30,"gold_loss":0}],"is_beta":false,"boss_relics":[{"not_picked":["Fusion Hammer","Lizard Tail"],"picked":"Nuclear Battery"}],"items_purged_floors":[],"is_endless":false,"potions_floor_spawned":[8,12,14,20,28],"killed_by":"Champ","ascension_level":0}