{"gold_per_floor":[117,130,141,216,230,230,249,249,249,249,260,330,330,359,359,359],"floor_reached":16,"playtime":471,"items_purged":[],"score":204,"play_id":"98e3f875-3394-4d9a-804e-4d00305ebd40","local_time":"20190104210713","is_ascension_mode":true,"campfire_choices":[{"data":"Neutralize","floor":6,"key":"SMITH"},{"data":"Deadly Poison","floor":8,"key":"SMITH"},{"floor":13,"key":"REST"},{"floor":15,"key":"REST"}],"neow_cost":"NONE","seed_source_timestamp":1594667736609815,"circlet_count":0,"master_deck":["AscendersBane","Defend_G","Defend_G","Defend_G","Defend_G","Defend_G","Strike_G","Strike_G","Strike_G","Strike_G","Strike_G","Survivor","Neutralize+1","Deflect","Flying Knee","Deadly Poison+1","Grand Finale","Deflect"],"relics":["Ring of the Snake","NeowsBlessing","Matryoshka","Smiling Mask","Dream Catcher","Turnip"],"potions_floor_usage":[],"damage_taken":[{"damage":0,"enemies":"Cultist","floor":1,"turns":1},{"damage":0,"enemies":"Jaw Worm","floor":2,"turns":1},{"damage":0,"enemies":"Small Slimes","floor":3,"turns":1},{"damage":13,"enemies":"Blue Slaver","floor":5,"turns":5},{"damage":6,"enemies":"Exordium Wildlife","floor":7,"turns":5},{"damage":16,"enemies":"Gremlin Gang","floor":11,"turns":3},{"damage":11,"enemies":"Lagavulin","floor":14,"turns":5},{"damage":44,"enemies":"The Guardian","floor":16,"turns":8}],"seed_played":"-7187980914046062300","potions_obtained":[{"floor":1,"key":"Energy Potion"},{"floor":7,"key":"SteroidPotion"}],"is_trial":false,"path_per_floor":["M","M","M","?","M","R","M","R","T","T","M","?","R","E","R","B"],"character_chosen":"THE_SILENT","items_purchased":[],"campfire_rested":2,"item_purchase_floors":[],"current_hp_per_floor":[59,59,59,48,35,35,29,29,29,29,13,13,32,21,40,0],"gold":359,"neow_bonus":"THREE_ENEMY_KILL","is_prod":false,"is_daily":false,"chose_seed":false,"campfire_upgraded":2,"win_rate":0,"timestamp":1546664833,"path_taken":["M","M","?","?","M","R","M","R","T","?","M","?","R","E","R","BOSS"],"build_version":"2019-01-03v4","purchased_purges":0,"victory":false,"max_hp_per_floor":[66,66,66,66,66,66,66,66,66,66,66,66,66,66,66,66],"card_choices":[{"not_picked":["Finisher","Expertise","Slice"],"picked":"SKIP","floor":1},{"not_picked":["Flechettes","Dagger Throw"],"picked":"Deflect","floor":2},{"not_picked":["Underhanded Strike","Outmaneuver"],"picked":"Flying Knee","floor":3},{"not_picked":["Dash","Dagger Spray"],"picked":"Deadly Poison","floor":5},{"not_picked":["Acrobatics","Setup"],"picked":"Grand Finale","floor":7},{"not_picked":["Endless Agony","Dash","Heel Hook"],"picked":"SKIP","floor":11},{"not_picked":["Poisoned Stab","Die Die Die"],"picked":"Deflect","floor":14}],"player_experience":351306,"relics_obtained":[{"floor":9,"key":"Matryoshka"},{"floor":10,"key":"Smiling Mask"},{"floor":10,"key":"Dream Catcher"},{"floor":14,"key":"Turnip"}],"event_choices":[{"damage_healed":0,"gold_gain":75,"player_choice":"Gather Gold","damage_taken":11,"max_hp_gain":0,"max_hp_loss":0,"event_name":"World of Goop","floor":4,"gold_loss":0},{"damage_healed":0,"gold_gain":70,"player_choice":"Gained Gold","damage_taken":0,"max_hp_gain":0,"max_hp_loss":0,"event_name":"Golden Wing","floor":12,"gold_loss":0}],"is_beta":false,"boss_relics":[],"items_purged_floors":[],"is_endless":false,"potions_floor_spawned":[1,7],"killed_by":"The Guardian","ascension_level":20}