{"gold_per_floor":[118,118,118,129,146,146,180,5,5,5,40,54,54,83,83,159,159,178,196,196,221,236,266,266,292,315,333,333,333,366,291,291,367,367,383,483,483,503,503,532,754,754,754,788,808,825,21,53,53,53],"floor_reached":51,"playtime":6409,"items_purged":[],"score":1560,"play_id":"57b72872-9267-4362-9305-dfe5c120ae91","local_time":"20190208030103","is_ascension_mode":true,"campfire_choices":[{"data":"Dual Wield","floor":6.0,"key":"SMITH"},{"data":"Enlightenment","floor":13.0,"key":"SMITH"},{"floor":15.0,"key":"REST"},{"floor":24.0,"key":"REST"},{"floor":28.0,"key":"REST"},{"floor":32.0,"key":"REST"},{"floor":42.0,"key":"REST"},{"floor":49.0,"key":"REST"}],"neow_cost":"NONE","seed_source_timestamp":173938713190952,"circlet_count":0,"master_deck":["AscendersBane","Strike_R+1","Strike_R","Defend_R","Defend_R","Defend_R","Defend_R","Bash","Infernal Blade","Heavy Blade+1","Dual Wield+1","Clothesline","Dark Embrace","Enlightenment+1","Sentinel","Disarm","Disarm","Impervious","Spot Weakness","Shrug It Off","Corruption","Body Slam","Evolve+1","Disarm","Fire Breathing+1","Havoc+1","Brutality","Juggernaut","Disarm+1","Rupture","Heavy Blade+1","Madness","Madness","Flame Barrier+1","Fire Breathing+1","Disarm","Shockwave","Infernal Blade"],"special_seed":0,"relics":["Burning Blood","Magic Flower","Pocketwatch","Question Card","Pear","Whetstone","Mark of Pain","Red Mask","Strawberry","Bottled Lightning","PreservedInsect","Bottled Flame","Runic Cube","Incense Burner","Thread and Needle","Juzu Bracelet","The Courier","Frozen Eye","Blood Vial","Shuriken","Bottled Tornado","Regal Pillow","Orichalcum"],"potions_floor_usage":[50,50],"damage_taken":[{"damage":15.0,"enemies":"Jaw Worm","floor":1.0,"turns":6.0},{"damage":4.0,"enemies":"2 Louse","floor":4.0,"turns":3.0},{"damage":4.0,"enemies":"Small Slimes","floor":5.0,"turns":4.0},{"damage":27.0,"enemies":"Gremlin Nob","floor":7.0,"turns":5.0},{"damage":26.0,"enemies":"Lagavulin","floor":11.0,"turns":8.0},{"damage":6.0,"enemies":"2 Fungi Beasts","floor":12.0,"turns":4.0},{"damage":30.0,"enemies":"3 Sentries","floor":14.0,"turns":11.0},{"damage":7.0,"enemies":"The Guardian","floor":16.0,"turns":10.0},{"damage":28.0,"enemies":"3 Byrds","floor":18.0,"turns":7.0},{"damage":2.0,"enemies":"Chosen","floor":19.0,"turns":6.0},{"damage":26.0,"enemies":"Masked Bandits","floor":21.0,"turns":5.0},{"damage":13.0,"enemies":"Shelled Parasite and Fungi","floor":22.0,"turns":8.0},{"damage":26.0,"enemies":"Gremlin Leader","floor":23.0,"turns":7.0},{"damage":31.0,"enemies":"Slavers","floor":25.0,"turns":7.0},{"damage":52.0,"enemies":"3 Cultists","floor":27.0,"turns":6.0},{"damage":26.0,"enemies":"Colosseum Slavers","floor":29.0,"turns":6.0},{"damage":4.0,"enemies":"Book of Stabbing","floor":30.0,"turns":5.0},{"damage":33.0,"enemies":"Collector","floor":33.0,"turns":6.0},{"damage":12.0,"enemies":"Orb Walker","floor":35.0,"turns":2.0},{"damage":13.0,"enemies":"Mind Bloom Boss Battle","floor":36.0,"turns":7.0},{"damage":16.0,"enemies":"3 Shapes","floor":38.0,"turns":4.0},{"damage":20.0,"enemies":"Nemesis","floor":40.0,"turns":7.0},{"damage":2.0,"enemies":"Giant Head","floor":44.0,"turns":6.0},{"damage":6.0,"enemies":"3 Darklings","floor":45.0,"turns":5.0},{"damage":34.0,"enemies":"Maw","floor":46.0,"turns":9.0},{"damage":55.0,"enemies":"Nemesis","floor":48.0,"turns":9.0},{"damage":47,"enemies":"Donu and Deca","floor":50,"turns":8}],"seed_played":"-7831366278572096569","potions_obtained":[{"floor":1.0,"key":"Ancient Potion"},{"floor":4.0,"key":"LiquidBronze"},{"floor":12.0,"key":"GamblersBrew"},{"floor":14.0,"key":"Swift Potion"},{"floor":16.0,"key":"BloodPotion"},{"floor":18.0,"key":"Dexterity Potion"},{"floor":25.0,"key":"GamblersBrew"},{"floor":33.0,"key":"BloodPotion"},{"floor":36.0,"key":"AttackPotion"},{"floor":38.0,"key":"Strength Potion"},{"floor":44.0,"key":"SteroidPotion"}],"is_trial":false,"path_per_floor":["M","?","T","M","M","R","E","$","T","?","E","M","R","E","R","B",null,"M","M","?","?","M","E","R","E","T","M","R","?","E","?","R","B",null,"M","?","?","M","?","E","?","R","T","E","M","M","$","E","R","B",null],"character_chosen":"IRONCLAD","items_purchased":["Regen Potion","Enlightenment","Frozen Eye","Blood Vial","Shuriken","Bottled Tornado","Regal Pillow"],"campfire_rested":6,"item_purchase_floors":[8,8,47,47,47,47,47],"current_hp_per_floor":[66,66,66,71,76,76,58,58,58,58,75,78,78,57,84,86,91,86,92,92,75,71,61,90,68,68,25,54,37,42,42,71,47,86,83,93,93,86,68,57,57,86,86,93,96,71,71,28,72,37],"gold":53,"neow_bonus":"TEN_PERCENT_HP_BONUS","is_prod":false,"is_daily":false,"chose_seed":false,"campfire_upgraded":2,"win_rate":0,"timestamp":1549562463,"path_taken":["M","?","?","M","M","R","E","$","T","?","E","M","R","E","R","BOSS","M","M","?","?","M","E","R","E","T","M","R","?","E","?","R","BOSS","M","?","?","?","?","E","?","R","T","E","M","M","$","E","R","BOSS"],"build_version":"2019-01-23","purchased_purges":0,"victory":true,"max_hp_per_floor":[82,82,82,82,82,82,82,82,82,82,92,92,92,92,92,92,92,92,92,92,92,92,99,99,99,99,99,99,99,99,99,99,99,99,99,99,99,99,99,99,99,99,99,99,99,99,99,99,99,99],"card_choices":[{"not_picked":["Heavy Blade","Clothesline"],"picked":"Infernal Blade","floor":1.0},{"not_picked":["Sword Boomerang","Iron Wave"],"picked":"Dual Wield","floor":4.0},{"not_picked":["Thunderclap","Shrug It Off"],"picked":"Clothesline","floor":5.0},{"not_picked":["Searing Blow","Cleave"],"picked":"Dark Embrace","floor":7.0},{"not_picked":["Battle Trance","Flex","Cleave"],"picked":"Sentinel","floor":11.0},{"not_picked":["Dropkick","Clothesline","Perfected Strike"],"picked":"Disarm","floor":12.0},{"not_picked":["Armaments","Havoc","Whirlwind"],"picked":"Disarm","floor":14.0},{"not_picked":["Limit Break","Offering","Berserk"],"picked":"Impervious","floor":16.0},{"not_picked":["Iron Wave","Warcry","True Grit"],"picked":"Spot Weakness","floor":18.0},{"not_picked":["Flex","Thunderclap","Havoc"],"picked":"Shrug It Off","floor":19.0},{"not_picked":["Heavy Blade","Clash","Wild Strike"],"picked":"Body Slam","floor":21.0},{"not_picked":["Havoc","Body Slam","Impervious"],"picked":"Evolve+1","floor":22.0},{"not_picked":["Pommel Strike","Headbutt","Shockwave"],"picked":"Disarm","floor":23.0},{"not_picked":["Second Wind+1","Rage","Hemokinesis"],"picked":"Fire Breathing+1","floor":25.0},{"not_picked":["Shockwave","Fire Breathing","Perfected Strike"],"picked":"Havoc+1","floor":27.0},{"not_picked":["Thunderclap","Pummel","Burning Pact"],"picked":"Brutality","floor":30.0},{"not_picked":["Brutality","Offering","Bludgeon"],"picked":"Juggernaut","floor":33.0},{"not_picked":["Second Wind","Cleave+1","Reckless Charge"],"picked":"Disarm+1","floor":35.0},{"not_picked":["Searing Blow","Inflame","Blood for Blood"],"picked":"Rupture","floor":36.0},{"not_picked":["Armaments","Spot Weakness","Rage"],"picked":"Heavy Blade+1","floor":38.0},{"not_picked":["Wild Strike+1","Heavy Blade","Iron Wave"],"picked":"Flame Barrier+1","floor":40.0},{"not_picked":["Clothesline+1","Rampage","Carnage+1"],"picked":"Fire Breathing+1","floor":44.0},{"not_picked":["Whirlwind","Sword Boomerang","Flex"],"picked":"Disarm","floor":45.0},{"not_picked":["Clash+1","Pommel Strike","Dropkick"],"picked":"Shockwave","floor":46.0},{"not_picked":["Bloodletting","True Grit","Seeing Red"],"picked":"Infernal Blade","floor":48.0}],"player_experience":981969,"relics_obtained":[{"floor":3.0,"key":"Magic Flower"},{"floor":7.0,"key":"Pocketwatch"},{"floor":9.0,"key":"Question Card"},{"floor":11.0,"key":"Pear"},{"floor":14.0,"key":"Whetstone"},{"floor":21.0,"key":"Red Mask"},{"floor":23.0,"key":"Strawberry"},{"floor":25.0,"key":"Bottled Lightning"},{"floor":26.0,"key":"PreservedInsect"},{"floor":30.0,"key":"Bottled Flame"},{"floor":36.0,"key":"Incense Burner"},{"floor":40.0,"key":"Thread and Needle"},{"floor":43.0,"key":"Juzu Bracelet"},{"floor":44.0,"key":"The Courier"},{"floor":48.0,"key":"Orichalcum"}],"event_choices":[{"damage_healed":0.0,"max_hp_gain":0.0,"max_hp_loss":0.0,"gold_gain":0.0,"cards_transformed":["Strike_R"],"event_name":"Living Wall","player_choice":"Change","floor":2.0,"gold_loss":0.0,"damage_taken":0.0,"cards_obtained":["Heavy Blade"]},{"damage_healed":0.0,"max_hp_gain":0.0,"max_hp_loss":0.0,"gold_gain":0.0,"event_name":"The Cleric","player_choice":"Leave","floor":10.0,"gold_loss":0.0,"damage_taken":0.0},{"damage_healed":0.0,"max_hp_gain":0.0,"max_hp_loss":0.0,"gold_gain":0.0,"event_name":"The Library","player_choice":"Read","floor":20.0,"gold_loss":0.0,"damage_taken":0.0,"cards_obtained":["Corruption"]},{"damage_healed":0.0,"max_hp_gain":0.0,"max_hp_loss":0.0,"gold_gain":0.0,"event_name":"Masked Bandits","player_choice":"Fought Bandits","floor":21.0,"gold_loss":0.0,"damage_taken":0.0},{"damage_healed":0.0,"max_hp_gain":0.0,"max_hp_loss":0.0,"gold_gain":0.0,"event_name":"Colosseum","player_choice":"Fight","floor":29.0,"gold_loss":0.0,"damage_taken":0.0},{"damage_healed":0.0,"max_hp_gain":0.0,"max_hp_loss":0.0,"gold_gain":0.0,"event_name":"Colosseum","player_choice":"Fled From Nobs","floor":29.0,"gold_loss":0.0,"damage_taken":0.0},{"cards_removed":["Strike_R"],"damage_healed":0.0,"max_hp_gain":0.0,"max_hp_loss":0.0,"gold_gain":0.0,"event_name":"Beggar","player_choice":"Gave Gold","floor":31.0,"gold_loss":75.0,"damage_taken":0.0},{"damage_healed":0.0,"max_hp_gain":0.0,"max_hp_loss":0.0,"gold_gain":0.0,"event_name":"MindBloom","player_choice":"Fight","floor":36.0,"gold_loss":0.0,"damage_taken":0.0},{"cards_removed":["Strike_R"],"damage_healed":0.0,"max_hp_gain":0.0,"max_hp_loss":0.0,"gold_gain":0.0,"event_name":"Purifier","player_choice":"Purged","floor":37.0,"gold_loss":0.0,"damage_taken":0.0},{"damage_healed":0.0,"max_hp_gain":0.0,"max_hp_loss":0.0,"gold_gain":0.0,"event_name":"Winding Halls","player_choice":"Embrace Madness","floor":39.0,"gold_loss":0.0,"damage_taken":18.0,"cards_obtained":["Madness","Madness"]},{"damage_healed":0.0,"max_hp_gain":0.0,"max_hp_loss":0.0,"gold_gain":222.0,"event_name":"Tomb of Lord Red Mask","player_choice":"Wore Mask","floor":41.0,"gold_loss":0.0,"damage_taken":0.0}],"is_beta":false,"boss_relics":[{"not_picked":["Sozu","Fusion Hammer"],"picked":"Mark of Pain"},{"not_picked":["Snecko Eye","Velvet Choker"],"picked":"Runic Cube"}],"items_purged_floors":[],"is_endless":false,"potions_floor_spawned":[1,4,12,14,16,18,25,33,36,38,44],"ascension_level":15}