{"gold_per_floor":[110,110,123,123,139,139,150,166,218,250,250,200,212,229,229,327,327,345,365,365,313,325,360,360,360,385,410,429,131,131,155,155,155],"floor_reached":33,"playtime":835,"items_purged":["Strike_B"],"score":337,"play_id":"405ca450-963b-45a1-a5a6-4621c1277263","local_time":"20190107190717","is_ascension_mode":false,"campfire_choices":[{"data":"Zap","floor":6.0,"key":"SMITH"},{"data":"Ball Lightning","floor":11.0,"key":"SMITH"},{"data":"BootSequence","floor":15.0,"key":"SMITH"},{"data":"Rainbow","floor":25.0,"key":"SMITH"},{"data":"Glacier","floor":30,"key":"SMITH"},{"data":"Glacier","floor":32,"key":"SMITH"}],"neow_cost":"NONE","seed_source_timestamp":1207340503863765,"circlet_count":0,"master_deck":["Strike_B+1","Strike_B+1","Strike_B+1","Defend_B+1","Defend_B+1","Defend_B+1","Defend_B+1","Zap+1","Dualcast+1","Go for the Eyes+1","Ball Lightning+1","BootSequence+1","Rainbow+1","Conserve Battery","Glacier+1","Glacier+1"],"special_seed":0,"relics":["Cracked Core","Bag of Preparation","Cables","Whetstone","Smiling Mask","Lizard Tail","Pocketwatch","Boot","Incense Burner","Omamori"],"potions_floor_usage":[],"damage_taken":[{"damage":0.0,"enemies":"2 Louse","floor":1.0,"turns":1.0},{"damage":1.0,"enemies":"Jaw Worm","floor":3.0,"turns":3.0},{"damage":0.0,"enemies":"Cultist","floor":5.0,"turns":2.0},{"damage":9.0,"enemies":"Large Slime","floor":7.0,"turns":4.0},{"damage":4.0,"enemies":"Gremlin Gang","floor":8.0,"turns":3.0},{"damage":7.0,"enemies":"Gremlin Nob","floor":10.0,"turns":3.0},{"damage":0.0,"enemies":"Looter","floor":13.0,"turns":2.0},{"damage":0.0,"enemies":"2 Fungi Beasts","floor":14.0,"turns":2.0},{"damage":19.0,"enemies":"Hexaghost","floor":16.0,"turns":9.0},{"damage":4.0,"enemies":"Shell Parasite","floor":18.0,"turns":4.0},{"damage":13.0,"enemies":"3 Byrds","floor":19.0,"turns":4.0},{"damage":14.0,"enemies":"Snake Plant","floor":22.0,"turns":4.0},{"damage":0.0,"enemies":"Book of Stabbing","floor":23.0,"turns":6.0},{"damage":0,"enemies":"Gremlin Leader","floor":27,"turns":8},{"damage":2,"enemies":"Sentry and Sphere","floor":28,"turns":6},{"damage":0,"enemies":"Collector","floor":33,"turns":1}],"seed_played":"4105111579187932893","potions_obtained":[{"floor":3.0,"key":"SneckoOil"},{"floor":8.0,"key":"FocusPotion"},{"floor":13.0,"key":"Poison Potion"},{"floor":14.0,"key":"Fire Potion"}],"is_trial":false,"path_per_floor":["M","?","M","?","M","R","M","M","T","E","R","$","M","M","R","B",null,"M","M","?","$","M","E","?","R","T","E","M","$","R","T","R","B"],"character_chosen":"DEFECT","items_purchased":["Conserve Battery","Incense Burner"],"campfire_rested":0,"item_purchase_floors":[21,29],"current_hp_per_floor":[75,68,67,67,67,67,58,54,54,47,47,47,47,47,47,28,75,71,58,58,58,44,44,44,44,44,44,42,42,42,42,42,42],"gold":155,"neow_bonus":"RANDOM_COMMON_RELIC","is_prod":false,"is_daily":false,"chose_seed":false,"campfire_upgraded":6,"win_rate":0,"timestamp":1546888037,"path_taken":["M","?","M","?","M","R","?","M","T","E","R","$","M","M","R","BOSS","M","M","?","$","M","E","?","R","T","E","M","$","R","?","R","BOSS"],"build_version":"2019-01-03v4","purchased_purges":1,"victory":false,"max_hp_per_floor":[75,75,75,75,75,75,75,75,75,75,75,75,75,75,75,75,75,75,75,75,75,75,75,75,75,75,75,75,75,75,75,75,75],"card_choices":[{"not_picked":["Streamline","Cold Snap"],"picked":"Go for the Eyes","floor":1.0},{"not_picked":["Static Discharge","Chill"],"picked":"Ball Lightning","floor":3.0},{"not_picked":["Heatsinks","Steam Power","Sunder"],"picked":"SKIP","floor":5.0},{"not_picked":["Heatsinks","Ball Lightning"],"picked":"BootSequence","floor":7.0},{"not_picked":["Barrage","Amplify","Recycle"],"picked":"SKIP","floor":8.0},{"not_picked":["Hologram","Coolheaded","Go for the Eyes"],"picked":"SKIP","floor":10.0},{"not_picked":["Double Energy","Rebound","Thunder Strike"],"picked":"SKIP","floor":13.0},{"not_picked":["Consume","Beam Cell","Gash"],"picked":"SKIP","floor":14.0},{"not_picked":["Fission","Meteor Strike"],"picked":"Rainbow","floor":16.0},{"not_picked":["Gash","Beam Cell","Ball Lightning"],"picked":"SKIP","floor":18.0},{"not_picked":["Turbo","Sweeping Beam","Steam"],"picked":"SKIP","floor":19.0},{"not_picked":["Reinforced Body+1","Redo"],"picked":"Glacier","floor":22.0},{"not_picked":["Turbo","Gash","Scrape"],"picked":"SKIP","floor":23.0},{"not_picked":["Lockon","Scrape"],"picked":"Glacier","floor":27},{"not_picked":["Rebound+1","Sweeping Beam","Fusion"],"picked":"SKIP","floor":28}],"player_experience":951090,"relics_obtained":[{"floor":9.0,"key":"Whetstone"},{"floor":10.0,"key":"Smiling Mask"},{"floor":23.0,"key":"Pocketwatch"},{"floor":26.0,"key":"Boot"},{"floor":31,"key":"Omamori"}],"event_choices":[{"damage_healed":0.0,"max_hp_gain":0.0,"max_hp_loss":0.0,"gold_gain":0.0,"event_name":"Scrap Ooze","player_choice":"Success","floor":2.0,"gold_loss":0.0,"damage_taken":7.0,"relics_obtained":["Cables"]},{"damage_healed":0.0,"max_hp_gain":0.0,"max_hp_loss":0.0,"gold_gain":0.0,"event_name":"Living Wall","player_choice":"Grow","floor":4.0,"gold_loss":0.0,"damage_taken":0.0,"cards_upgraded":["Dualcast"]},{"damage_healed":0.0,"max_hp_gain":0.0,"max_hp_loss":0.0,"gold_gain":0.0,"event_name":"Back to Basics","player_choice":"Simplicity","floor":20.0,"gold_loss":0.0,"damage_taken":0.0,"cards_upgraded":["Strike_B","Strike_B","Defend_B","Defend_B","Defend_B","Defend_B"]},{"damage_healed":0.0,"max_hp_gain":0.0,"max_hp_loss":0.0,"gold_gain":0.0,"event_name":"Cursed Tome","player_choice":"Ignored","floor":24.0,"gold_loss":0.0,"damage_taken":0.0}],"is_beta":false,"boss_relics":[{"not_picked":["Coffee Dripper","Runic Dome"],"picked":"Lizard Tail"}],"items_purged_floors":[12],"is_endless":false,"potions_floor_spawned":[3,8,13,14,16,22,23,27,28],"killed_by":"Collector","ascension_level":0}