{"gold_per_floor":[118,118,137,14,32,59,89,89,112,112,38,54,15,43,43,146,146,156,156,156,167,167,167,180,101,101,101,117,117,145,174,186,298,310,342,454,466,478,192,192,192],"floor_reached":41,"playtime":1148,"items_purged":["Defend_B"],"score":465,"play_id":"f3fb74a7-e5cb-4174-aefd-4bd3baf7dff6","local_time":"20181108212922","is_ascension_mode":false,"campfire_choices":[{"data":"Dualcast","floor":8.0,"key":"SMITH"},{"data":"Zap","floor":10.0,"key":"SMITH"},{"data":"Rainbow","floor":15.0,"key":"SMITH"},{"data":"Beam Cell","floor":23,"key":"SMITH"},{"data":"Capacitor","floor":29,"key":"SMITH"},{"data":"Electrodynamics","floor":32,"key":"SMITH"},{"data":"Defragment","floor":40,"key":"SMITH"}],"neow_cost":"PERCENT_DAMAGE","seed_source_timestamp":2169348084200228,"circlet_count":0,"master_deck":["Strike_B","Strike_B","Strike_B","Strike_B","Defend_B","Defend_B","Defend_B","Zap+1","Dualcast+1","Undo","Beam Cell+1","Rainbow+1","Ball Lightning","FTL","Electrodynamics+1","BootSequence","Capacitor+1","Conserve Battery","Conserve Battery","Redo+1","Thunder Strike","Go for the Eyes+1","Coolheaded","Stack","Capacitor","Defragment+1","Blind"],"special_seed":0,"relics":["Cracked Core","Ice Cream","Boot","Tiny Chest","Orichalcum","Cables","Sozu","MutagenicStrength","Ginger","MawBank","Orrery","Emotion Chip","Incense Burner"],"potions_floor_usage":[33],"damage_taken":[{"damage":0.0,"enemies":"2 Louse","floor":1.0,"turns":1.0},{"damage":6.0,"enemies":"Jaw Worm","floor":3.0,"turns":3.0},{"damage":0.0,"enemies":"Small Slimes","floor":5.0,"turns":4.0},{"damage":31.0,"enemies":"Gremlin Nob","floor":6.0,"turns":4.0},{"damage":3.0,"enemies":"Looter","floor":12.0,"turns":2.0},{"damage":8.0,"enemies":"Lagavulin","floor":14.0,"turns":4.0},{"damage":0.0,"enemies":"Hexaghost","floor":16.0,"turns":8.0},{"damage":0.0,"enemies":"Chosen","floor":18.0,"turns":3.0},{"damage":5,"enemies":"2 Thieves","floor":21,"turns":2},{"damage":8,"enemies":"Centurion and Healer","floor":24,"turns":3},{"damage":8,"enemies":"Snecko","floor":28,"turns":5},{"damage":7,"enemies":"Gremlin Leader","floor":30,"turns":5},{"damage":15,"enemies":"Snake Plant","floor":31,"turns":3},{"damage":32,"enemies":"Champ","floor":33,"turns":11},{"damage":34,"enemies":"3 Darklings","floor":35,"turns":4},{"damage":0,"enemies":"Mind Bloom Boss Battle","floor":36,"turns":7},{"damage":0,"enemies":"Reptomancer","floor":41,"turns":2}],"seed_played":"-6980799348922645595","potions_obtained":[{"floor":3.0,"key":"Energy Potion"},{"floor":12.0,"key":"SpeedPotion"}],"is_trial":false,"path_per_floor":["M","?","M","M","$","M","E","?","R","T","R","$","M","$","E","R","B",null,"M","?","?","M","$","R","M","$","T","$","M","R","E","M","R","B",null,"M","?","?","?","$","R","E"],"character_chosen":"DEFECT","items_purchased":["Beam Cell","Melter","FTL","Capacitor","Conserve Battery","Incense Burner"],"campfire_rested":0,"item_purchase_floors":[4,11,13,25,25,39],"current_hp_per_floor":[54,59,53,53,53,22,22,22,22,22,22,19,19,11,11,11,80,80,80,80,75,75,75,67,67,67,67,59,59,52,37,37,5,80,46,46,46,46,46,46,46],"gold":192,"neow_bonus":"ONE_RARE_RELIC","is_prod":false,"is_daily":false,"chose_seed":false,"campfire_upgraded":7,"win_rate":0,"timestamp":1541712562,"path_taken":["M","?","M","$","M","E","?","R","T","R","$","M","?","E","R","BOSS","M","?","?","?","?","R","M","$","T","$","M","R","E","M","R","BOSS","M","?","?","?","$","R","E"],"build_version":"2018-11-01","purchased_purges":1,"victory":false,"max_hp_per_floor":[75,80,80,80,80,80,80,80,80,80,80,80,80,80,80,80,80,80,80,80,80,80,80,80,80,80,80,80,80,80,80,80,80,80,80,80,80,80,80,80,80],"card_choices":[{"not_picked":["Redo","Genetic Algorithm","White Noise"],"picked":"SKIP","floor":1.0},{"not_picked":["Barrage","Cold Snap"],"picked":"Undo","floor":3.0},{"not_picked":["Turbo","Beam Cell","Static Discharge"],"picked":"SKIP","floor":5.0},{"not_picked":["Beam Cell","Redo"],"picked":"Rainbow","floor":6.0},{"not_picked":["Barrage","Turbo"],"picked":"Ball Lightning","floor":12.0},{"not_picked":["Melter","Redo","Rip and Tear"],"picked":"SKIP","floor":14.0},{"not_picked":["Rainbow","Hyperbeam"],"picked":"Electrodynamics","floor":16.0},{"not_picked":["Beam Cell+1","Cold Snap","Coolheaded"],"picked":"SKIP","floor":18.0},{"not_picked":["Cold Snap","Gash","Consume"],"picked":"SKIP","floor":21},{"not_picked":["Turbo","Leap","Force Field"],"picked":"SKIP","floor":24},{"not_picked":["Steam","Skim+1"],"picked":"Conserve Battery","floor":28},{"not_picked":["Gash","Scrape+1"],"picked":"Redo+1","floor":30},{"not_picked":["Hologram","Coolheaded","Beam Cell+1"],"picked":"SKIP","floor":31},{"not_picked":["Creative AI","Amplify"],"picked":"Thunder Strike","floor":33},{"not_picked":["White Noise","Turbo"],"picked":"Go for the Eyes+1","floor":34},{"not_picked":["Ball Lightning","Aggregate"],"picked":"Coolheaded","floor":34},{"not_picked":["Cold Snap","Hologram"],"picked":"Stack","floor":34},{"not_picked":["Leap","Turbo"],"picked":"Capacitor","floor":34},{"not_picked":["Ball Lightning","Capacitor+1"],"picked":"Defragment","floor":35},{"not_picked":["Panacea","Finesse"],"picked":"Blind","floor":37}],"player_experience":769772,"relics_obtained":[{"floor":6.0,"key":"Boot"},{"floor":9.0,"key":"Orichalcum"},{"floor":14.0,"key":"Cables"},{"floor":26,"key":"Ginger"},{"floor":30,"key":"MawBank"},{"floor":36,"key":"Emotion Chip"}],"event_choices":[{"damage_healed":0.0,"max_hp_gain":5.0,"max_hp_loss":0.0,"gold_gain":0.0,"event_name":"Big Fish","player_choice":"Donut","floor":2.0,"gold_loss":0.0,"damage_taken":0.0},{"damage_healed":0.0,"max_hp_gain":0.0,"max_hp_loss":0.0,"gold_gain":0.0,"event_name":"Dead Adventurer","player_choice":"Searched \u00271\u0027 times","floor":7.0,"gold_loss":0.0,"damage_taken":0.0,"relics_obtained":["Tiny Chest"]},{"damage_healed":0,"gold_gain":0,"player_choice":"Inject Mutagens","damage_taken":0,"relics_obtained":["MutagenicStrength"],"max_hp_gain":0,"max_hp_loss":0,"event_name":"Drug Dealer","floor":19,"gold_loss":0},{"damage_healed":0,"gold_gain":0,"player_choice":"Read","damage_taken":0,"max_hp_gain":0,"max_hp_loss":0,"event_name":"The Library","floor":20,"gold_loss":0,"cards_obtained":["BootSequence"]},{"damage_healed":0,"gold_gain":0,"player_choice":"Fight","damage_taken":0,"max_hp_gain":0,"max_hp_loss":0,"event_name":"MindBloom","floor":36,"gold_loss":0},{"damage_healed":0,"gold_gain":0,"player_choice":"Memory 1","damage_taken":0,"max_hp_gain":0,"max_hp_loss":0,"event_name":"SensoryStone","floor":37,"gold_loss":0},{"cards_removed":["Melter"],"damage_healed":0,"gold_gain":0,"player_choice":"Removed Attack","damage_taken":0,"max_hp_gain":0,"max_hp_loss":0,"event_name":"Falling","floor":38,"gold_loss":0}],"is_beta":false,"boss_relics":[{"not_picked":["Coffee Dripper","Inserter"],"picked":"Sozu"},{"not_picked":["Runic Pyramid","White Beast Statue"],"picked":"Orrery"}],"items_purged_floors":[4],"is_endless":false,"potions_floor_spawned":[3,12,30,31,33,36],"killed_by":"Reptomancer","ascension_level":0}