{"gold_per_floor":[115,115,115,115,115,115,115,135,162,16,29,29,54,74,74,177,177,196,120,137,137,7,7,24,24,24,42,42,68,68],"floor_reached":30,"playtime":1385,"items_purged":["Strike_B","Defend_B","Defend_B"],"score":344,"play_id":"58481846-9479-4963-bb6d-585a4a52e81f","local_time":"20180725190006","is_ascension_mode":true,"campfire_choices":[{"floor":6,"key":"REST"},{"floor":12,"key":"REST"},{"floor":15,"key":"REST"},{"data":"Zap","floor":23,"key":"SMITH"},{"floor":25,"key":"REST"},{"floor":28,"key":"REST"}],"neow_cost":"FIFTY_PERCENT_DAMAGE","seed_source_timestamp":91329454881043,"circlet_count":0,"master_deck":["Strike_B","Strike_B","Strike_B","Defend_B","Defend_B","Zap+1","Dualcast","All For One","Defragment","Stack","Reboot","Gash","Streamline","BootSequence","Gash","Steam","Electrodynamics","Defragment+1","Leap","Leap","Zap","Static Discharge","Turbo","Steam","Defragment+1"],"relics":["Cracked Core","Orichalcum","Smiling Mask","Bag of Marbles","Oddly Smooth Stone","Sozu","The Courier","Pantograph"],"potions_floor_usage":[13],"damage_taken":[{"damage":0,"enemies":"Small Slimes","floor":1,"turns":3},{"damage":1,"enemies":"Cultist","floor":8,"turns":3},{"damage":0,"enemies":"2 Louse","floor":11,"turns":2},{"damage":8,"enemies":"Gremlin Nob","floor":13,"turns":3},{"damage":8,"enemies":"Large Slime","floor":14,"turns":4},{"damage":24,"enemies":"Hexaghost","floor":16,"turns":9},{"damage":0,"enemies":"Chosen","floor":18,"turns":4},{"damage":0,"enemies":"3 Byrds","floor":20,"turns":2},{"damage":17,"enemies":"Centurion and Healer","floor":24,"turns":5},{"damage":46,"enemies":"Slaver and Parasite","floor":27,"turns":6},{"damage":25,"enemies":"Slavers","floor":29,"turns":4},{"damage":24,"enemies":"Snake Plant","floor":30,"turns":3}],"seed_played":"-7791081325951499236","potions_obtained":[{"floor":1,"key":"Swift Potion"},{"floor":11,"key":"SteroidPotion"}],"is_trial":false,"path_per_floor":["M","?","?","?","T","R","?","M","T","$","M","R","E","M","R","B",null,"M","$","M","?","$","R","M","R","T","M","R","E"],"character_chosen":"DEFECT","items_purchased":["Streamline","BootSequence","Leap","Static Discharge"],"campfire_rested":5,"item_purchase_floors":[10,10,19,22],"current_hp_per_floor":[34,27,9,9,9,31,31,30,30,30,30,52,44,36,58,34,65,65,65,65,65,65,65,48,70,70,24,46,21,0],"gold":68,"neow_bonus":"THREE_RARE_CARDS","is_prod":false,"is_daily":false,"chose_seed":false,"campfire_upgraded":1,"win_rate":0,"timestamp":1532559606,"path_taken":["M","?","?","?","?","R","?","M","T","?","M","R","E","M","R","BOSS","M","$","M","?","$","R","M","R","T","M","R","E","?"],"build_version":"2018-07-19v2","purchased_purges":3,"victory":false,"max_hp_per_floor":[75,75,75,75,75,75,75,75,75,75,75,75,75,75,75,75,75,75,75,75,75,75,75,75,75,75,75,75,75,75],"card_choices":[{"not_picked":["Machine Learning","Buffer"],"picked":"All For One","floor":0},{"not_picked":["Rip and Tear","Streamline"],"picked":"Defragment","floor":1},{"not_picked":["Steam","Redo"],"picked":"Gash","floor":8},{"not_picked":["Coolheaded","Rainbow"],"picked":"Gash","floor":11},{"not_picked":["Hyperbeam","Consume"],"picked":"Steam","floor":13},{"not_picked":["Barrage","Aggregate","Steam"],"picked":"SKIP","floor":14},{"not_picked":["Amplify","Rainbow"],"picked":"Electrodynamics","floor":16},{"not_picked":["Coolheaded","Rip and Tear"],"picked":"Defragment+1","floor":18},{"not_picked":["Rip and Tear+1","Sweeping Beam+1"],"picked":"Leap","floor":20},{"not_picked":["Chaos","Streamline"],"picked":"Turbo","floor":24},{"not_picked":["Consume","Stack"],"picked":"Steam","floor":27},{"not_picked":["Coolheaded+1","Stack"],"picked":"Defragment+1","floor":29}],"player_experience":491863,"relics_obtained":[{"floor":5,"key":"Smiling Mask"},{"floor":9,"key":"Bag of Marbles"},{"floor":13,"key":"Oddly Smooth Stone"},{"floor":26,"key":"The Courier"},{"floor":29,"key":"Pantograph"}],"event_choices":[{"event_name":"Wheel of Change","player_choice":"Damage","floor":2,"damage_taken":0},{"event_name":"Scrap Ooze","player_choice":"success","floor":3,"damage_taken":18},{"event_name":"Match and Keep!","player_choice":"2 cards matched","floor":4,"damage_taken":0},{"event_name":"Shining Light","player_choice":"Ignored","floor":7,"damage_taken":0},{"event_name":"Match and Keep!","player_choice":"1 cards matched","floor":21,"damage_taken":0}],"is_beta":false,"boss_relics":[{"not_picked":["Runic Pyramid","Snecko Eye"],"picked":"Sozu"}],"items_purged_floors":[10,19,22],"is_endless":false,"potions_floor_spawned":[1,11,18,24],"killed_by":"Snake Plant","ascension_level":8}