{"gold_per_floor":[119,132,43,43,43,43,76,89,89,0,35,53,53,53,53,53],"floor_reached":16,"playtime":707,"items_purged":[],"score":216,"play_id":"cde03a68-ff6c-470e-b1af-c3eff0f10663","local_time":"20190209230022","is_ascension_mode":true,"campfire_choices":[{"floor":6,"key":"REST"},{"data":"Dark Embrace","floor":13,"key":"SMITH"},{"floor":15,"key":"REST"}],"neow_cost":"NONE","seed_source_timestamp":189781612167239,"circlet_count":0,"master_deck":["AscendersBane","Strike_R","Strike_R","Strike_R","Strike_R","Strike_R","Defend_R","Defend_R","Defend_R","Defend_R","Bash","Headbutt","Cleave","Whirlwind+1","Corruption","Anger+1","Metallicize","Dark Embrace+1","Battle Trance"],"relics":["Burning Blood","Kunai","Molten Egg 2","Strawberry","Dream Catcher"],"potions_floor_usage":[16,16],"damage_taken":[{"damage":18,"enemies":"Small Slimes","floor":1,"turns":4},{"damage":9,"enemies":"Jaw Worm","floor":2,"turns":4},{"damage":32,"enemies":"Gremlin Nob","floor":7,"turns":4},{"damage":6,"enemies":"Cultist","floor":8,"turns":3},{"damage":20,"enemies":"3 Sentries","floor":11,"turns":4},{"damage":10,"enemies":"Blue Slaver","floor":12,"turns":3},{"damage":50,"enemies":"Slime Boss","floor":16,"turns":7}],"seed_played":"6278924275438984747","potions_obtained":[{"floor":0,"key":"Swift Potion"},{"floor":0,"key":"FairyPotion"},{"floor":2,"key":"Weak Potion"},{"floor":7,"key":"Dexterity Potion"},{"floor":12,"key":"Fire Potion"}],"is_trial":false,"path_per_floor":["M","M","$","?","?","R","E","M","T","$","E","M","R","$","R","B"],"character_chosen":"IRONCLAD","items_purchased":["Whirlwind","Metallicize"],"campfire_rested":2,"item_purchase_floors":[3,10],"current_hp_per_floor":[56,53,53,53,35,57,31,31,38,38,24,20,20,20,44,0],"gold":53,"neow_bonus":"THREE_SMALL_POTIONS","is_prod":false,"is_daily":false,"chose_seed":false,"campfire_upgraded":1,"win_rate":0,"timestamp":1549713622,"path_taken":["M","M","$","?","?","R","E","M","T","?","E","?","R","?","R","BOSS"],"build_version":"2019-01-23","purchased_purges":0,"victory":false,"max_hp_per_floor":[75,75,75,75,75,75,75,75,82,82,82,82,82,82,82,82],"card_choices":[{"not_picked":["Perfected Strike","Sword Boomerang"],"picked":"Headbutt","floor":1},{"not_picked":["Headbutt","Thunderclap"],"picked":"Cleave","floor":2},{"not_picked":["Bloodletting","Entrench"],"picked":"Corruption","floor":7},{"not_picked":["Evolve","Twin Strike+1"],"picked":"Anger+1","floor":8},{"not_picked":["Wild Strike+1","Cleave+1"],"picked":"Dark Embrace","floor":11},{"not_picked":["Anger+1","Second Wind"],"picked":"Battle Trance","floor":12}],"player_experience":733289,"relics_obtained":[{"floor":7,"key":"Molten Egg 2"},{"floor":9,"key":"Strawberry"},{"floor":11,"key":"Dream Catcher"}],"event_choices":[{"damage_healed":0,"gold_gain":0,"player_choice":"Grow","damage_taken":0,"max_hp_gain":0,"max_hp_loss":0,"event_name":"Living Wall","floor":4,"gold_loss":0,"cards_upgraded":["Whirlwind"]},{"damage_healed":0,"gold_gain":0,"player_choice":"Success","damage_taken":18,"relics_obtained":["Kunai"],"max_hp_gain":0,"max_hp_loss":0,"event_name":"Scrap Ooze","floor":5,"gold_loss":0}],"is_beta":false,"boss_relics":[],"items_purged_floors":[],"is_endless":false,"potions_floor_spawned":[2,7,12],"killed_by":"Slime Boss","ascension_level":20}