{"gold_per_floor":[114,129,148,158,171,171,171,171,219,169,194,205,233,253,253,253],"floor_reached":16,"playtime":609,"items_purged":[],"score":139,"play_id":"55f5a377-e5b7-404d-b0db-473d810eff09","local_time":"20180710220328","is_ascension_mode":false,"campfire_choices":[{"data":"Dagger Spray","floor":6,"key":"SMITH"},{"data":"Neutralize","floor":8,"key":"SMITH"},{"data":"Backflip","floor":15,"key":"SMITH"}],"neow_cost":"NONE","seed_source_timestamp":956219966501569,"circlet_count":0,"master_deck":["Defend_G","Defend_G","Defend_G","Defend_G","Defend_G","Strike_G","Strike_G","Strike_G","Strike_G","Survivor","Neutralize+1","Outmaneuver","Dagger Spray+1","Terror","Dagger Spray","PiercingWail","Deadly Poison","Riddle With Holes","Dash","Die Die Die","Backflip+1"],"relics":["Ring of the Snake","Paper Crane","Happy Flower","Snake Skull","Centennial Puzzle"],"potions_floor_usage":[16,16],"damage_taken":[{"damage":0,"enemies":"Cultist","floor":1,"turns":5},{"damage":5,"enemies":"Jaw Worm","floor":2,"turns":5},{"damage":0,"enemies":"2 Louse","floor":3,"turns":2},{"damage":0,"enemies":"Blue Slaver","floor":4,"turns":5},{"damage":1,"enemies":"3 Louse","floor":5,"turns":3},{"damage":20,"enemies":"Gremlin Nob","floor":11,"turns":4},{"damage":12,"enemies":"Gremlin Gang","floor":12,"turns":4},{"damage":0,"enemies":"Lagavulin","floor":13,"turns":4},{"damage":0,"enemies":"Exordium Wildlife","floor":14,"turns":3},{"damage":20,"enemies":"Hexaghost","floor":16,"turns":11}],"seed_played":"835581040597993453","potions_obtained":[{"floor":2,"key":"EssenceOfSteel"},{"floor":5,"key":"FearPotion"},{"floor":13,"key":"Ancient Potion"},{"floor":14,"key":"EssenceOfSteel"}],"is_trial":false,"path_per_floor":["M","M","M","M","M","R","?","R","T","?","E","M","E","M","R"],"character_chosen":"THE_SILENT","items_purchased":[],"campfire_rested":0,"item_purchase_floors":[],"current_hp_per_floor":[70,65,65,65,64,64,52,52,52,52,32,20,20,20,20,0],"gold":253,"neow_bonus":"THREE_CARDS","is_prod":false,"is_daily":false,"chose_seed":false,"campfire_upgraded":3,"win_rate":0,"timestamp":1531256608,"path_taken":["M","M","M","M","M","R","?","R","T","?","E","M","E","?","R","BOSS"],"build_version":"2018-07-05","purchased_purges":0,"victory":false,"max_hp_per_floor":[70,70,70,70,70,70,70,70,70,70,70,70,70,70,70,70],"card_choices":[{"not_picked":["Dodge and Roll","Eviscerate"],"picked":"Outmaneuver","floor":0},{"not_picked":["Deflect","Deadly Poison"],"picked":"Dagger Spray","floor":1},{"not_picked":["Heel Hook","PiercingWail"],"picked":"Terror","floor":2},{"not_picked":["Deadly Poison","PiercingWail"],"picked":"Dagger Spray","floor":3},{"not_picked":["Poisoned Stab","Masterful Stab"],"picked":"PiercingWail","floor":4},{"not_picked":["Slice","Footwork"],"picked":"Deadly Poison","floor":5},{"not_picked":["Deflect","Underhanded Strike"],"picked":"Riddle With Holes","floor":11},{"not_picked":["Dodge and Roll","Riddle With Holes"],"picked":"Dash","floor":12},{"not_picked":["Dagger Throw","Dodge and Roll"],"picked":"Die Die Die","floor":13},{"not_picked":["Finisher","Quick Slash"],"picked":"Backflip","floor":14}],"player_experience":455913,"relics_obtained":[{"floor":9,"key":"Happy Flower"},{"floor":11,"key":"Snake Skull"},{"floor":13,"key":"Centennial Puzzle"}],"event_choices":[{"event_name":"Scrap Ooze","player_choice":"success","floor":7,"damage_taken":12},{"event_name":"The Cleric","player_choice":"Card Removal","floor":10,"damage_taken":0}],"boss_relics":[],"items_purged_floors":[],"is_endless":false,"potions_floor_spawned":[2,5,13,14],"killed_by":"Hexaghost","ascension_level":0}