{"gold_per_floor":[111,111,111,126,143,143,158,158,158,187,187,202,216,235,235,333,383,397,147,181,181,181,181,192,192,192,192,208,208,222,239,239,239],"floor_reached":33,"playtime":966,"items_purged":[],"score":349,"play_id":"b55ab9f3-eae4-4c72-a17b-fe919e2c05dd","local_time":"20181221220548","is_ascension_mode":false,"campfire_choices":[{"data":"Strike_B","floor":6.0,"key":"SMITH"},{"data":"Defend_B","floor":8.0,"key":"SMITH"},{"data":"Chaos","floor":11.0,"key":"SMITH"},{"data":"Electrodynamics","floor":15.0,"key":"SMITH"},{"data":"Thunder Strike","floor":23.0,"key":"SMITH"},{"data":"Capacitor","floor":25.0,"key":"SMITH"},{"data":"Defend_B","floor":27.0,"key":"SMITH"},{"data":"Defend_B","floor":29,"key":"SMITH"},{"floor":32,"key":"REST"}],"neow_cost":"NONE","seed_source_timestamp":1983190563062618,"circlet_count":0,"master_deck":["Strike_B","Strike_B+1","Strike_B","Strike_B","Defend_B+1","Defend_B+1","Defend_B+1","Defend_B","Zap+1","Dualcast+1","Chaos+1","Conserve Battery+1","Electrodynamics+1","Thunder Strike+1","Capacitor+1","Auto Shields"],"special_seed":0,"relics":["Cracked Core","Regal Pillow","Shuriken","Tiny House","Singing Bowl","Red Mask","Ornamental Fan"],"potions_floor_usage":[31,33],"damage_taken":[{"damage":2.0,"enemies":"2 Louse","floor":1.0,"turns":3.0},{"damage":1.0,"enemies":"Jaw Worm","floor":4.0,"turns":3.0},{"damage":0.0,"enemies":"Small Slimes","floor":5.0,"turns":3.0},{"damage":0.0,"enemies":"2 Fungi Beasts","floor":7.0,"turns":3.0},{"damage":17.0,"enemies":"3 Sentries","floor":10.0,"turns":7.0},{"damage":9.0,"enemies":"Large Slime","floor":12.0,"turns":5.0},{"damage":11.0,"enemies":"Lots of Slimes","floor":13.0,"turns":5.0},{"damage":4.0,"enemies":"3 Louse","floor":14.0,"turns":3.0},{"damage":23.0,"enemies":"The Guardian","floor":16.0,"turns":10.0},{"damage":8.0,"enemies":"3 Byrds","floor":18.0,"turns":3.0},{"damage":10.0,"enemies":"Masked Bandits","floor":20.0,"turns":2.0},{"damage":7.0,"enemies":"Spheric Guardian","floor":24.0,"turns":4.0},{"damage":9,"enemies":"Centurion and Healer","floor":28,"turns":8},{"damage":8,"enemies":"Shelled Parasite and Fungi","floor":30,"turns":5},{"damage":17,"enemies":"Snake Plant","floor":31,"turns":5}],"seed_played":"-2461147468767289863","potions_obtained":[{"floor":1.0,"key":"GamblersBrew"},{"floor":10.0,"key":"Fire Potion"},{"floor":12.0,"key":"GamblersBrew"},{"floor":16.0,"key":"Ancient Potion"},{"floor":20.0,"key":"AttackPotion"},{"floor":30,"key":"AttackPotion"},{"floor":31,"key":"Block Potion"}],"is_trial":false,"path_per_floor":["M","?","$","M","M","R","M","M","R","T","E","R","M","M","M","R","B",null,"M","$","?","?","$","R","M","R","T","R","M","R","M","M","R","B"],"character_chosen":"DEFECT","items_purchased":["Singing Bowl"],"campfire_rested":1,"item_purchase_floors":[19],"current_hp_per_floor":[73,73,73,72,72,72,72,72,72,55,55,46,35,31,31,8,80,72,72,64,64,64,64,59,59,59,59,52,52,46,29,70,8],"gold":239,"neow_bonus":"UPGRADE_CARD","is_prod":false,"is_daily":false,"chose_seed":false,"campfire_upgraded":8,"win_rate":0,"timestamp":1545429948,"path_taken":["M","?","$","M","M","R","M","R","T","E","R","M","M","M","R","BOSS","M","$","?","?","$","R","M","R","T","R","M","R","M","M","R","BOSS"],"build_version":"2018-12-20","purchased_purges":0,"victory":false,"max_hp_per_floor":[75,75,75,75,75,75,75,75,75,75,75,75,75,75,75,75,80,80,80,82,82,82,82,84,84,84,84,86,86,88,88,88,88],"card_choices":[{"not_picked":["Self Repair","Loop","FTL"],"picked":"SKIP","floor":1.0},{"not_picked":["Turbo","Stack","Self Repair"],"picked":"SKIP","floor":4.0},{"not_picked":["Double Energy","Storm","Turbo"],"picked":"SKIP","floor":5.0},{"not_picked":["Streamline","Double Energy","Rebound"],"picked":"SKIP","floor":7.0},{"not_picked":["Recycle","Streamline"],"picked":"Chaos","floor":10.0},{"not_picked":["Heatsinks","Compile Driver"],"picked":"Conserve Battery","floor":12.0},{"not_picked":["White Noise","Gash"],"picked":"Electrodynamics","floor":13.0},{"not_picked":["Aggregate","Go for the Eyes","Steam"],"picked":"SKIP","floor":14.0},{"not_picked":["Electrodynamics","Meteor Strike"],"picked":"Thunder Strike","floor":16.0},{"not_picked":["Conserve Battery","Cold Snap"],"picked":"Capacitor","floor":17.0},{"not_picked":["Darkness","Skim","Aggregate"],"picked":"SKIP","floor":18.0},{"not_picked":["Compile Driver","Coolheaded","Double Energy"],"picked":"Singing Bowl","floor":20.0},{"not_picked":["Lockon","Coolheaded","Steam Power"],"picked":"Singing Bowl","floor":24.0},{"not_picked":["Beam Cell+1","Steam","Lockon"],"picked":"Singing Bowl","floor":28},{"not_picked":["Rebound","Gash","Fusion"],"picked":"Singing Bowl","floor":30},{"not_picked":["Turbo","Leap+1"],"picked":"Auto Shields","floor":31}],"player_experience":900136,"relics_obtained":[{"floor":9.0,"key":"Regal Pillow"},{"floor":10.0,"key":"Shuriken"},{"floor":20.0,"key":"Red Mask"},{"floor":26.0,"key":"Ornamental Fan"}],"event_choices":[{"damage_healed":0.0,"max_hp_gain":0.0,"max_hp_loss":0.0,"gold_gain":0.0,"event_name":"Living Wall","player_choice":"Grow","floor":2.0,"gold_loss":0.0,"damage_taken":0.0,"cards_upgraded":["Zap"]},{"damage_healed":0.0,"max_hp_gain":0.0,"max_hp_loss":0.0,"gold_gain":0.0,"event_name":"Masked Bandits","player_choice":"Fought Bandits","floor":20.0,"gold_loss":0.0,"damage_taken":0.0},{"damage_healed":0.0,"max_hp_gain":0.0,"max_hp_loss":0.0,"gold_gain":0.0,"event_name":"Ghosts","player_choice":"Ignored","floor":21.0,"gold_loss":0.0,"damage_taken":0.0}],"is_beta":false,"boss_relics":[{"not_picked":["Empty Cage","Eternal Feather"],"picked":"Tiny House"}],"items_purged_floors":[],"is_endless":false,"potions_floor_spawned":[1,10,12,16,20,30,31],"killed_by":"Collector","ascension_level":0}