{"gold_per_floor":[109,34,54,66,81,81,109,120,197,215,290,290,321,321,321,416,416,435,485,495,240,260,260,67,85,108,108,127,152,152,152,152,254,254,265,282,282,51,65,65,99,99,99,99,99,99,0,0,0,0],"floor_reached":50,"playtime":4718,"items_purged":["Strike_G","Strike_G","Strike_G","Strike_G"],"score":527,"play_id":"30af4005-e92f-46da-a113-8aaa496f4b22","local_time":"20190208120312","is_ascension_mode":false,"campfire_choices":[{"data":"Neutralize","floor":6,"key":"SMITH"},{"data":"Footwork","floor":12,"key":"SMITH"},{"floor":15,"key":"REST"},{"data":"Burst","floor":23,"key":"SMITH"},{"data":"Malaise","floor":27,"key":"SMITH"},{"data":"Leg Sweep","floor":30,"key":"SMITH"},{"floor":32,"key":"REST"},{"data":"Blade Dance","floor":40,"key":"SMITH"},{"floor":44,"key":"REST"},{"floor":46,"key":"REST"},{"floor":49,"key":"REST"}],"neow_cost":"NONE","seed_source_timestamp":405791760931495,"circlet_count":0,"master_deck":["Defend_G","Defend_G","Defend_G","Defend_G","Defend_G","Survivor","Neutralize+1","Malaise+1","Blade Dance","Dash","Blade Dance+1","Outmaneuver","Footwork+1","Deflect","Burst+1","Corpse Explosion","Backstab+1","Infinite Blades","Cloak And Dagger+1","Caltrops","Bouncing Flask+1","Leg Sweep+1","Phantasmal Killer","Backflip+1","Acrobatics+1","Madness","Madness","Noxious Fumes","Accuracy+1","Deadly Poison+1"],"relics":["Ring of the Snake","Ancient Tea Set","Gremlin Horn","The Specimen","White Beast Statue","Potion Belt","PreservedInsect","Bronze Scales","Black Star","Strawberry","Ginger","Happy Flower","Red Mask"],"potions_floor_usage":[5,7,7,13,16,18,25,29,33,39,39,41,41,42,45],"damage_taken":[{"damage":0,"enemies":"Cultist","floor":1,"turns":5},{"damage":5,"enemies":"2 Louse","floor":3,"turns":4},{"damage":0,"enemies":"Small Slimes","floor":4,"turns":4},{"damage":0,"enemies":"Red Slaver","floor":5,"turns":5},{"damage":6,"enemies":"3 Sentries","floor":7,"turns":12},{"damage":1,"enemies":"Lots of Slimes","floor":8,"turns":7},{"damage":0,"enemies":"Looter","floor":10,"turns":4},{"damage":39,"enemies":"Gremlin Nob","floor":13,"turns":7},{"damage":8,"enemies":"The Guardian","floor":16,"turns":25},{"damage":9,"enemies":"2 Thieves","floor":18,"turns":5},{"damage":6,"enemies":"3 Byrds","floor":20,"turns":5},{"damage":1,"enemies":"Centurion and Healer","floor":22,"turns":9},{"damage":20,"enemies":"Sentry and Sphere","floor":25,"turns":10},{"damage":1,"enemies":"Snecko","floor":28,"turns":7},{"damage":19,"enemies":"Gremlin Leader","floor":29,"turns":7},{"damage":12,"enemies":"Collector","floor":33,"turns":8},{"damage":1,"enemies":"3 Darklings","floor":35,"turns":6},{"damage":15,"enemies":"Orb Walker","floor":36,"turns":5},{"damage":0,"enemies":"Maw","floor":39,"turns":12},{"damage":36,"enemies":"Giant Head","floor":41,"turns":10},{"damage":11,"enemies":"Jaw Worm Horde","floor":42,"turns":3},{"damage":0,"enemies":"Sphere and 2 Shapes","floor":45,"turns":3},{"damage":77,"enemies":"Awakened One","floor":50,"turns":14}],"seed_played":"2533623398929892538","potions_obtained":[{"floor":1,"key":"Swift Potion"},{"floor":3,"key":"EntropicBrew"},{"floor":7,"key":"PowerPotion"},{"floor":13,"key":"Block Potion"},{"floor":16,"key":"GhostInAJar"},{"floor":18,"key":"SmokeBomb"},{"floor":22,"key":"Dexterity Potion"},{"floor":25,"key":"GamblersBrew"},{"floor":28,"key":"AttackPotion"},{"floor":33,"key":"SteroidPotion"},{"floor":35,"key":"PowerPotion"},{"floor":36,"key":"SkillPotion"},{"floor":39,"key":"Block Potion"},{"floor":41,"key":"SpeedPotion"}],"is_trial":false,"path_per_floor":["M","$","M","M","M","R","E","M","T","M","?","R","E","?","R","B",null,"M","?","M","$","M","R","$","M","T","R","M","E","R","?","R","B",null,"M","M","?","$","M","R","E","M","T","R","M","R","?","?","R","B"],"character_chosen":"THE_SILENT","items_purchased":["Potion Belt","Caltrops","Noxious Fumes"],"campfire_rested":5,"item_purchase_floors":[21,24,38],"current_hp_per_floor":[70,70,65,65,65,65,59,58,58,58,47,47,8,1,22,14,70,61,61,55,55,54,54,54,34,34,34,33,14,14,14,35,23,70,69,54,45,45,45,45,16,5,5,28,28,51,51,51,74,0],"gold":0,"neow_bonus":"ONE_RANDOM_RARE_CARD","is_prod":false,"is_daily":false,"chose_seed":false,"campfire_upgraded":6,"win_rate":0,"timestamp":1549623792,"path_taken":["M","$","M","?","M","R","E","M","T","M","?","R","E","?","R","BOSS","M","?","?","?","M","R","$","M","T","R","M","E","R","?","R","BOSS","M","M","?","$","M","R","E","M","T","R","M","R","?","?","R","BOSS"],"build_version":"2019-01-23","purchased_purges":4,"victory":false,"max_hp_per_floor":[70,70,70,70,70,70,70,70,70,70,70,70,70,70,70,70,70,70,70,70,70,70,70,70,70,70,70,70,70,70,70,70,70,70,70,70,70,70,70,70,77,77,77,77,77,77,77,77,77,77],"card_choices":[{"not_picked":["Predator","Outmaneuver"],"picked":"Blade Dance","floor":1},{"not_picked":["Flechettes","Deflect"],"picked":"Dash","floor":3},{"not_picked":["Dagger Throw","Slice"],"picked":"Blade Dance","floor":4},{"not_picked":["Flechettes","Sucker Punch"],"picked":"Outmaneuver","floor":5},{"not_picked":["Envenom","Acrobatics"],"picked":"Footwork","floor":7},{"not_picked":["Escape Plan","Flying Knee","Dagger Throw"],"picked":"SKIP","floor":8},{"not_picked":["Bane","Underhanded Strike"],"picked":"Deflect","floor":10},{"not_picked":["Dagger Throw","Endless Agony"],"picked":"Burst","floor":13},{"not_picked":["Adrenaline","Doppelganger"],"picked":"Corpse Explosion","floor":16},{"not_picked":["Flying Knee+1","Slice"],"picked":"Backstab+1","floor":18},{"not_picked":["Sucker Punch","Endless Agony"],"picked":"Infinite Blades","floor":20},{"not_picked":["Outmaneuver","Backstab"],"picked":"Cloak And Dagger+1","floor":22},{"not_picked":["Slice","Corpse Explosion","Sucker Punch+1"],"picked":"SKIP","floor":25},{"not_picked":["Dodge and Roll","Caltrops+1"],"picked":"Bouncing Flask+1","floor":28},{"not_picked":["Flechettes","Calculated Gamble"],"picked":"Leg Sweep","floor":29},{"not_picked":["Storm of Steel","Bullet Time"],"picked":"Phantasmal Killer","floor":33},{"not_picked":["Dagger Throw","Escape Plan+1"],"picked":"Backflip+1","floor":35},{"not_picked":["Escape Plan","Prepared"],"picked":"Acrobatics+1","floor":36},{"not_picked":["All Out Attack+1","Backstab+1"],"picked":"Accuracy+1","floor":39},{"not_picked":["Sucker Punch+1","Acrobatics+1"],"picked":"Deadly Poison+1","floor":41}],"player_experience":69009,"relics_obtained":[{"floor":7,"key":"Ancient Tea Set"},{"floor":9,"key":"Gremlin Horn"},{"floor":13,"key":"The Specimen"},{"floor":26,"key":"PreservedInsect"},{"floor":29,"key":"Bronze Scales"},{"floor":41,"key":"Strawberry"},{"floor":41,"key":"Ginger"},{"floor":43,"key":"Happy Flower"}],"event_choices":[{"damage_healed":0,"gold_gain":75,"player_choice":"Gather Gold","damage_taken":11,"max_hp_gain":0,"max_hp_loss":0,"event_name":"World of Goop","floor":11,"gold_loss":0},{"cards_removed":["Strike_G"],"damage_healed":0,"gold_gain":0,"player_choice":"Card Removal","damage_taken":7,"max_hp_gain":0,"max_hp_loss":0,"event_name":"Golden Wing","floor":14,"gold_loss":0},{"damage_healed":0,"gold_gain":100,"player_choice":"Bet on Murderer","damage_taken":0,"max_hp_gain":0,"max_hp_loss":0,"event_name":"The Joust","floor":19,"gold_loss":50},{"damage_healed":0,"gold_gain":0,"player_choice":"Ignored","damage_taken":0,"max_hp_gain":0,"max_hp_loss":0,"event_name":"Vampires","floor":31,"gold_loss":0},{"damage_healed":0,"gold_gain":0,"player_choice":"Embrace Madness","damage_taken":9,"max_hp_gain":0,"max_hp_loss":0,"event_name":"Winding Halls","floor":37,"gold_loss":0,"cards_obtained":["Madness","Madness"]},{"damage_healed":0,"gold_gain":0,"player_choice":"Paid","damage_taken":0,"relics_obtained":["Red Mask"],"max_hp_gain":0,"max_hp_loss":0,"event_name":"Tomb of Lord Red Mask","floor":47,"gold_loss":99},{"damage_healed":0,"gold_gain":0,"player_choice":"Ignored","damage_taken":0,"max_hp_gain":0,"max_hp_loss":0,"event_name":"Mysterious Sphere","floor":48,"gold_loss":0}],"is_beta":false,"boss_relics":[{"not_picked":["Philosopher\u0027s Stone","Velvet Choker"],"picked":"White Beast Statue"},{"not_picked":["Lizard Tail","Coffee Dripper"],"picked":"Black Star"}],"items_purged_floors":[2,21,24,38],"is_endless":false,"potions_floor_spawned":[1,3,7,13,16,18,20,22,25,28,29,33,35,36,39,41,42,45],"killed_by":"Awakened One","ascension_level":0}