{"gold_per_floor":[116,133,146,161,161,186,186,219,246,246,275,290,305,321,321,416,416,416,112,112,112,112,112,112,112,112,112,112,112,12,12,12,12,12,12,12,12,12,12,12,12,12,12,12,12,12,12,12,12,12,12,12,12,12,12],"floor_reached":55,"playtime":6594,"items_purged":["Strike_B","Strike_B"],"score":1187,"play_id":"f77e3a04-2237-41d1-9e83-5c1d7429d2ef","local_time":"20190121222628","is_ascension_mode":true,"campfire_choices":[{"data":"Zap","floor":7,"key":"SMITH"},{"floor":10,"key":"REST"},{"floor":15,"key":"REST"},{"data":"Biased Cognition","floor":23,"key":"SMITH"},{"floor":25,"key":"REST"},{"data":"Defragment","floor":32,"key":"SMITH"},{"floor":40,"key":"DIG"},{"data":"Thinking Ahead","floor":44,"key":"SMITH"},{"floor":47,"key":"DIG"},{"floor":49,"key":"RECALL"},{"floor":52,"key":"DIG"}],"neow_cost":"NONE","seed_source_timestamp":990733357121464,"circlet_count":0,"master_deck":["AscendersBane","Strike_B+1","Defend_B","Defend_B","Defend_B","Zap+1","Dualcast","Ball Lightning","Go for the Eyes","Core Surge","Sweeping Beam+1","Hologram","Reinforced Body","Conserve Battery","Ball Lightning","Echo Form","Biased Cognition+1","Conserve Battery+1","Defragment+1","Steam+1","Coolheaded+1","Chill","Glacier","Coolheaded+1","All For One","Hologram+1","Thinking Ahead+1","Reboot","Capacitor"],"relics":["Cracked Core","Letter Opener","Happy Flower","Whetstone","Art of War","Ectoplasm","Regal Pillow","Nunchaku","Meat on the Bone","Shovel","Philosopher\u0027s Stone","Girya","Lantern","Symbiotic Virus","Vajra","Turnip","Mercury Hourglass","Bottled Lightning"],"potions_floor_usage":[6,24,24,50,55],"damage_taken":[{"damage":3,"enemies":"2 Louse","floor":1,"turns":3},{"damage":0,"enemies":"Cultist","floor":2,"turns":3},{"damage":0,"enemies":"Small Slimes","floor":3,"turns":2},{"damage":7,"enemies":"Blue Slaver","floor":4,"turns":4},{"damage":34,"enemies":"3 Sentries","floor":6,"turns":9},{"damage":22,"enemies":"Gremlin Nob","floor":8,"turns":4},{"damage":12,"enemies":"3 Sentries","floor":11,"turns":5},{"damage":6,"enemies":"Looter","floor":12,"turns":2},{"damage":11,"enemies":"Large Slime","floor":13,"turns":4},{"damage":0,"enemies":"Blue Slaver","floor":14,"turns":2},{"damage":5,"enemies":"Hexaghost","floor":16,"turns":9},{"damage":1,"enemies":"Chosen","floor":18,"turns":3},{"damage":0,"enemies":"3 Byrds","floor":20,"turns":4},{"damage":23,"enemies":"Shelled Parasite and Fungi","floor":21,"turns":5},{"damage":8,"enemies":"Sentry and Sphere","floor":22,"turns":4},{"damage":23,"enemies":"Gremlin Leader","floor":24,"turns":5},{"damage":34,"enemies":"Slavers","floor":27,"turns":4},{"damage":0,"enemies":"Centurion and Healer","floor":28,"turns":6},{"damage":1,"enemies":"Snecko","floor":29,"turns":5},{"damage":1,"enemies":"Chosen and Byrds","floor":31,"turns":6},{"damage":10,"enemies":"Champ","floor":33,"turns":9},{"damage":28,"enemies":"3 Darklings","floor":35,"turns":5},{"damage":12,"enemies":"2 Orb Walkers","floor":37,"turns":6},{"damage":7,"enemies":"3 Shapes","floor":41,"turns":4},{"damage":11,"enemies":"Nemesis","floor":42,"turns":9},{"damage":0,"enemies":"Maw","floor":45,"turns":7},{"damage":0,"enemies":"Sphere and 2 Shapes","floor":46,"turns":5},{"damage":0,"enemies":"Reptomancer","floor":48,"turns":5},{"damage":14,"enemies":"Donu and Deca","floor":50,"turns":10},{"damage":29,"enemies":"Shield and Spear","floor":54,"turns":10},{"damage":51,"enemies":"The Heart","floor":55,"turns":6}],"seed_played":"-2396220524932679968","potions_obtained":[{"floor":2,"key":"Weak Potion"},{"floor":4,"key":"SkillPotion"},{"floor":8,"key":"Block Potion"},{"floor":22,"key":"Regen Potion"},{"floor":29,"key":"FocusPotion"},{"floor":33,"key":"Strength Potion"},{"floor":37,"key":"SkillPotion"}],"is_trial":false,"path_per_floor":["M","M","M","M","?","E","R","E","T","R","E","M","M","M","R","B",null,"M","$","M","M","M","R","E","R","T","E","M","M","$","M","R","B",null,"M","?","?","?","?","R","M","E","T","R","M","M","R","E","R","B",null,"R","$","E","B"],"character_chosen":"DEFECT","items_purchased":["Defragment","Regal Pillow"],"campfire_rested":3,"item_purchase_floors":[19,19],"current_hp_per_floor":[72,72,72,65,65,31,31,9,9,33,21,15,4,4,28,23,67,66,66,66,43,35,35,26,65,65,43,43,42,42,53,53,43,72,44,44,44,34,34,34,39,40,40,40,40,40,40,40,40,38,68,68,68,51,0],"gold":12,"neow_bonus":"TEN_PERCENT_HP_BONUS","is_prod":false,"is_daily":false,"chose_seed":false,"campfire_upgraded":4,"win_rate":0,"timestamp":1548138388,"path_taken":["M","M","M","M","?","E","R","E","T","R","E","?","M","M","R","BOSS","M","$","M","M","M","R","E","R","T","E","M","M","$","M","R","BOSS","M","?","?","?","?","R","M","E","T","R","M","?","R","E","R","BOSS","R","$","E","BOSS"],"build_version":"2019-01-17v2","purchased_purges":2,"victory":false,"max_hp_per_floor":[82,82,82,82,82,82,82,82,82,82,82,82,82,82,82,82,82,82,82,82,82,82,82,82,82,82,82,82,82,82,82,82,82,82,82,78,78,78,78,78,78,78,78,78,78,78,78,78,78,78,78,78,78,78,78],"card_choices":[{"not_picked":["Redo","Self Repair"],"picked":"Ball Lightning","floor":1},{"not_picked":["Beam Cell","Rebound"],"picked":"Go for the Eyes","floor":2},{"not_picked":["Double Energy","Tempest"],"picked":"Core Surge","floor":3},{"not_picked":["Cold Snap","Chaos"],"picked":"Sweeping Beam","floor":4},{"not_picked":["Redo","Blizzard"],"picked":"Hologram","floor":6},{"not_picked":["Hologram","Rip and Tear"],"picked":"Reinforced Body","floor":8},{"not_picked":["Gash","Steam"],"picked":"Conserve Battery","floor":11},{"not_picked":["Gash","Streamline"],"picked":"Ball Lightning","floor":12},{"not_picked":["Cold Snap","Redo","Barrage"],"picked":"SKIP","floor":13},{"not_picked":["Conserve Battery","Coolheaded"],"picked":"Echo Form","floor":14},{"not_picked":["Rainbow","Echo Form"],"picked":"Biased Cognition","floor":16},{"not_picked":["Compile Driver","BootSequence+1"],"picked":"Conserve Battery+1","floor":18},{"not_picked":["Beam Cell","Loop"],"picked":"Steam+1","floor":20},{"not_picked":["Stack","Reprogram","Hello World"],"picked":"SKIP","floor":21},{"not_picked":["Force Field","Leap","Barrage+1"],"picked":"SKIP","floor":22},{"not_picked":["Cold Snap+1","Barrage"],"picked":"Coolheaded+1","floor":24},{"not_picked":["Doom and Gloom","Barrage+1"],"picked":"Chill","floor":27},{"not_picked":["Fission","Aggregate+1"],"picked":"Glacier","floor":28},{"not_picked":["FTL","Beam Cell","Sweeping Beam"],"picked":"SKIP","floor":29},{"not_picked":["BootSequence","Sweeping Beam+1"],"picked":"Coolheaded+1","floor":31},{"not_picked":["Buffer","Fission"],"picked":"All For One","floor":33},{"not_picked":["Beam Cell+1","Rebound+1"],"picked":"Hologram+1","floor":35},{"not_picked":["Dramatic Entrance","Impatience"],"picked":"Thinking Ahead","floor":38},{"not_picked":["Aggregate","Chaos","Gash"],"picked":"SKIP","floor":41},{"not_picked":["Leap+1","Melter","Hologram+1"],"picked":"SKIP","floor":42},{"not_picked":["Sweeping Beam+1","Doom and Gloom","Stack+1"],"picked":"SKIP","floor":45},{"not_picked":["White Noise+1","Go for the Eyes+1","Stack"],"picked":"SKIP","floor":46},{"not_picked":["Ball Lightning+1","Redo+1"],"picked":"Reboot","floor":48},{"not_picked":["Skim+1","Recycle+1"],"picked":"Capacitor","floor":54}],"player_experience":446341,"relics_obtained":[{"floor":6,"key":"Letter Opener"},{"floor":8,"key":"Happy Flower"},{"floor":9,"key":"Whetstone"},{"floor":11,"key":"Art of War"},{"floor":24,"key":"Nunchaku"},{"floor":26,"key":"Meat on the Bone"},{"floor":27,"key":"Shovel"},{"floor":37,"key":"Girya"},{"floor":40,"key":"Lantern"},{"floor":42,"key":"Symbiotic Virus"},{"floor":47,"key":"Vajra"},{"floor":48,"key":"Turnip"},{"floor":52,"key":"Mercury Hourglass"},{"floor":54,"key":"Bottled Lightning"}],"event_choices":[{"cards_removed":["Strike_B"],"damage_healed":0,"gold_gain":0,"player_choice":"Offered Basic","damage_taken":0,"max_hp_gain":0,"max_hp_loss":0,"event_name":"Bonfire Elementals","floor":5,"gold_loss":0},{"damage_healed":0,"gold_gain":0,"player_choice":"Max HP","damage_taken":0,"max_hp_gain":0,"max_hp_loss":4,"event_name":"Winding Halls","floor":36,"gold_loss":0},{"damage_healed":0,"gold_gain":0,"player_choice":"Fight","damage_taken":0,"max_hp_gain":0,"max_hp_loss":0,"event_name":"Mysterious Sphere","floor":37,"gold_loss":0},{"damage_healed":0,"gold_gain":0,"player_choice":"Memory 3","damage_taken":10,"max_hp_gain":0,"max_hp_loss":0,"event_name":"SensoryStone","floor":38,"gold_loss":0},{"cards_removed":["Defend_B"],"damage_healed":0,"gold_gain":0,"player_choice":"Removed Skill","damage_taken":0,"max_hp_gain":0,"max_hp_loss":0,"event_name":"Falling","floor":39,"gold_loss":0}],"is_beta":false,"boss_relics":[{"not_picked":["Snecko Eye","Black Star"],"picked":"Ectoplasm"},{"not_picked":["Calling Bell","Orrery"],"picked":"Philosopher\u0027s Stone"}],"items_purged_floors":[19,30],"is_endless":false,"potions_floor_spawned":[2,4,8,14,16,18,21,22,29,33,37,45,46],"killed_by":"The Heart","ascension_level":11}