{"gold_per_floor":[418,428,503,503,307,337,355,355,355,195,212,231,231,246,246,324,324,338,353,366,366,5,5,30,30,30,60,79,79,79,99,99,173,173,187,7,19,19],"floor_reached":38,"playtime":1598,"items_purged":["Strike_R","Decay"],"score":811,"play_id":"b2790404-a3c7-4dc8-80cd-6feb106c2380","local_time":"20190210230234","is_ascension_mode":true,"campfire_choices":[{"data":"Limit Break","floor":8.0,"key":"SMITH"},{"floor":15.0,"key":"REST"},{"data":"Uppercut","floor":23.0,"key":"SMITH"},{"floor":25.0,"key":"REST"},{"data":"Disarm","floor":30.0,"key":"SMITH"},{"data":"Immolate","floor":32.0,"key":"SMITH"}],"neow_cost":"TEN_PERCENT_HP_LOSS","seed_source_timestamp":267439528278018,"circlet_count":0,"master_deck":["AscendersBane","Strike_R","Strike_R","Strike_R","Strike_R","Defend_R","Defend_R","Defend_R","Defend_R","Bash+1","Clash","Headbutt","Inflame","Limit Break+1","Disarm+1","Shrug It Off","Immolate+1","Disarm+1","Bash","Uppercut+1","Immolate","Battle Trance","Corruption+1","Shrug It Off","True Grit","Flame Barrier","Battle Trance"],"special_seed":0,"relics":["Burning Blood","Old Coin","Vajra","Self Forming Clay","PreservedInsect","Bag of Marbles","Velvet Choker","Membership Card","Omamori","The Courier","Kunai","Potion Belt","Calling Bell","Pen Nib","Dodecahedron","Calipers","Strawberry"],"potions_floor_usage":[38],"damage_taken":[{"damage":5.0,"enemies":"2 Louse","floor":1.0,"turns":4.0},{"damage":4.0,"enemies":"Small Slimes","floor":2.0,"turns":4.0},{"damage":8.0,"enemies":"Gremlin Nob","floor":6.0,"turns":3.0},{"damage":7.0,"enemies":"Jaw Worm","floor":7.0,"turns":3.0},{"damage":8.0,"enemies":"Blue Slaver","floor":11.0,"turns":3.0},{"damage":16.0,"enemies":"Exordium Thugs","floor":12.0,"turns":4.0},{"damage":9.0,"enemies":"Gremlin Gang","floor":14.0,"turns":3.0},{"damage":35.0,"enemies":"Hexaghost","floor":16.0,"turns":10.0},{"damage":0.0,"enemies":"Chosen","floor":18.0,"turns":3.0},{"damage":21.0,"enemies":"Shell Parasite","floor":19.0,"turns":2.0},{"damage":15.0,"enemies":"Snake Plant","floor":20.0,"turns":4.0},{"damage":12.0,"enemies":"Gremlin Leader","floor":24.0,"turns":3.0},{"damage":10.0,"enemies":"Book of Stabbing","floor":27.0,"turns":5.0},{"damage":2.0,"enemies":"Centurion and Healer","floor":28.0,"turns":4.0},{"damage":9.0,"enemies":"Snecko","floor":31.0,"turns":5.0},{"damage":45.0,"enemies":"Collector","floor":33.0,"turns":7.0},{"damage":19.0,"enemies":"Orb Walker","floor":35.0,"turns":4.0},{"damage":30.0,"enemies":"3 Darklings","floor":37.0,"turns":5.0},{"damage":49,"enemies":"Transient","floor":38,"turns":6}],"seed_played":"-5453105395322674572","potions_obtained":[{"floor":1.0,"key":"Energy Potion"},{"floor":6.0,"key":"PowerPotion"},{"floor":11.0,"key":"EssenceOfSteel"},{"floor":18.0,"key":"SteroidPotion"},{"floor":20.0,"key":"AttackPotion"},{"floor":28.0,"key":"Weak Potion"},{"floor":31.0,"key":"SteroidPotion"},{"floor":33.0,"key":"FairyPotion"},{"floor":35.0,"key":"EssenceOfSteel"}],"is_trial":false,"path_per_floor":["M","M","?","?","$","E","M","R","T","$","M","M","?","M","R","B",null,"M","M","M","?","$","R","E","R","T","E","M","T","R","M","R","B",null,"M","$","M","M"],"character_chosen":"IRONCLAD","items_purchased":["Vajra","Inflame","Bag of Marbles","Membership Card","Uppercut","Immolate","Shrug It Off","True Grit","Flame Barrier","Strawberry"],"campfire_rested":2,"item_purchase_floors":[5,5,10,22,22,22,36,36,36,36],"current_hp_per_floor":[68,68,57,57,57,55,54,54,54,54,52,42,42,39,59,30,59,65,50,41,41,41,41,35,55,55,51,55,55,55,52,52,13,54,41,48,24,0],"gold":19,"neow_bonus":"ONE_RARE_RELIC","is_prod":false,"is_daily":false,"chose_seed":false,"campfire_upgraded":4,"win_rate":0,"timestamp":1549857754,"path_taken":["M","M","?","?","$","E","M","R","T","$","?","M","?","M","R","BOSS","M","M","M","?","$","R","E","R","T","E","?","?","R","M","R","BOSS","M","$","M","M"],"build_version":"2019-01-23","purchased_purges":2,"victory":false,"max_hp_per_floor":[68,68,68,68,68,68,68,68,68,68,68,68,68,68,68,68,68,68,68,68,68,68,68,68,68,68,68,68,68,68,68,68,68,68,68,75,75,75],"card_choices":[{"not_picked":["Dual Wield","Cleave"],"picked":"Clash","floor":1.0},{"not_picked":["Perfected Strike","Dual Wield"],"picked":"Headbutt","floor":2.0},{"not_picked":["Havoc","Clothesline"],"picked":"Limit Break","floor":6.0},{"not_picked":["Blood for Blood","Seeing Red","Rupture"],"picked":"SKIP","floor":7.0},{"not_picked":["Clash","Twin Strike"],"picked":"Disarm","floor":11.0},{"not_picked":["Rupture","Rage"],"picked":"Shrug It Off","floor":12.0},{"not_picked":["Spot Weakness","Cleave","Sword Boomerang"],"picked":"SKIP","floor":14.0},{"not_picked":["Barricade","Impervious"],"picked":"Immolate","floor":16.0},{"not_picked":["Clothesline+1","Anger"],"picked":"Disarm","floor":18.0},{"not_picked":["Fire Breathing","Anger","Spot Weakness"],"picked":"SKIP","floor":19.0},{"not_picked":["Cleave","Anger+1","Perfected Strike"],"picked":"SKIP","floor":20.0},{"not_picked":["Havoc","Clothesline"],"picked":"Battle Trance","floor":24.0},{"not_picked":["Clash","Headbutt","Berserk"],"picked":"SKIP","floor":27.0},{"not_picked":["Entrench","Pommel Strike","Headbutt"],"picked":"SKIP","floor":28.0},{"not_picked":["Flex","Thunderclap","Pommel Strike"],"picked":"SKIP","floor":31.0},{"not_picked":["Iron Wave","Perfected Strike"],"picked":"Corruption+1","floor":35.0},{"not_picked":["Metallicize","Flex+1"],"picked":"Battle Trance","floor":37.0}],"player_experience":445107,"relics_obtained":[{"floor":6.0,"key":"Self Forming Clay"},{"floor":9.0,"key":"PreservedInsect"},{"floor":24.0,"key":"Omamori"},{"floor":26.0,"key":"The Courier"},{"floor":27.0,"key":"Kunai"},{"floor":29.0,"key":"Potion Belt"},{"floor":34.0,"key":"Pen Nib"},{"floor":34.0,"key":"Dodecahedron"},{"floor":34.0,"key":"Calipers"}],"event_choices":[{"damage_healed":0.0,"max_hp_gain":0.0,"max_hp_loss":0.0,"gold_gain":75.0,"event_name":"World of Goop","player_choice":"Gather Gold","floor":3.0,"gold_loss":0.0,"damage_taken":11.0},{"damage_healed":0.0,"max_hp_gain":0.0,"max_hp_loss":0.0,"gold_gain":0.0,"event_name":"Living Wall","player_choice":"Grow","floor":4.0,"gold_loss":0.0,"damage_taken":0.0,"cards_upgraded":["Bash"]},{"damage_healed":0.0,"max_hp_gain":0.0,"max_hp_loss":0.0,"gold_gain":0.0,"event_name":"Upgrade Shrine","player_choice":"Upgraded","floor":13.0,"gold_loss":0.0,"damage_taken":0.0,"cards_upgraded":["Disarm"]},{"damage_healed":0.0,"max_hp_gain":0.0,"max_hp_loss":0.0,"gold_gain":0.0,"event_name":"Match and Keep!","player_choice":"1 cards matched","floor":21.0,"gold_loss":0.0,"damage_taken":0.0,"cards_obtained":["Bash"]}],"is_beta":false,"boss_relics":[{"not_picked":["Black Blood","Mark of Pain"],"picked":"Velvet Choker"},{"not_picked":["Runic Cube","Tiny House"],"picked":"Calling Bell"}],"items_purged_floors":[22,36],"is_endless":false,"potions_floor_spawned":[1,6,11,18,20,28,31,33,35],"killed_by":"Transient","ascension_level":19}