{"gold_per_floor":[115,126,9,0,14,14,39,39,39,70,88,88,167,200,200,296,296,321,45,45,58,58],"floor_reached":22,"playtime":1863,"items_purged":["Strike_G"],"score":419,"play_id":"cbe26a70-52f5-4349-8fd3-6c1155856d8c","local_time":"20190203074335","is_ascension_mode":true,"campfire_choices":[{"data":"Deadly Poison","floor":6,"key":"SMITH"},{"data":"Noxious Fumes","floor":12,"key":"SMITH"},{"floor":15,"key":"REST"}],"neow_cost":"NONE","seed_source_timestamp":122830168467200,"circlet_count":0,"master_deck":["AscendersBane","Defend_G","Defend_G","Defend_G","Defend_G","Defend_G","Survivor","Neutralize","Deadly Poison+1","Sucker Punch","Noxious Fumes+1","Dagger Spray","Cloak And Dagger","Dodge and Roll","Noxious Fumes","Envenom","Footwork","Bite","Bite","Bite","Bite","Bite","Dodge and Roll"],"relics":["Ring of the Snake","Meat on the Bone","Golden Idol","Mercury Hourglass","Ornamental Fan","Shuriken","Orichalcum","WristBlade","Paper Crane"],"potions_floor_usage":[7,7,10,14,22],"damage_taken":[{"damage":8,"enemies":"Jaw Worm","floor":1,"turns":7},{"damage":1,"enemies":"Small Slimes","floor":2,"turns":3},{"damage":3,"enemies":"2 Louse","floor":5,"turns":4},{"damage":1,"enemies":"Lagavulin","floor":7,"turns":7},{"damage":31,"enemies":"Gremlin Nob","floor":10,"turns":4},{"damage":0,"enemies":"Exordium Wildlife","floor":11,"turns":4},{"damage":18,"enemies":"3 Sentries","floor":13,"turns":4},{"damage":10,"enemies":"3 Sentries","floor":14,"turns":4},{"damage":45,"enemies":"Slime Boss","floor":16,"turns":8},{"damage":23,"enemies":"2 Thieves","floor":18,"turns":4},{"damage":2,"enemies":"3 Byrds","floor":21,"turns":4},{"damage":10,"enemies":"Colosseum Slavers","floor":22,"turns":4},{"damage":40,"enemies":"Colosseum Nobs","floor":22,"turns":3}],"seed_played":"-3155513453526597028","potions_obtained":[{"floor":2,"key":"SpeedPotion"},{"floor":5,"key":"Block Potion"},{"floor":7,"key":"AttackPotion"},{"floor":13,"key":"SpeedPotion"},{"floor":21,"key":"SmokeBomb"}],"is_trial":false,"path_per_floor":["M","M","$","?","M","R","E","?","T","E","M","R","?","E","R","B",null,"M","$","?","M","?"],"character_chosen":"THE_SILENT","items_purchased":["Noxious Fumes","Paper Crane"],"campfire_rested":1,"item_purchase_floors":[3,19],"current_hp_per_floor":[57,56,56,56,53,53,52,52,52,33,33,33,27,29,48,15,53,42,42,42,45,0],"gold":58,"neow_bonus":"TEN_PERCENT_HP_BONUS","is_prod":false,"is_daily":false,"chose_seed":false,"campfire_upgraded":2,"win_rate":0,"timestamp":1549176215,"path_taken":["M","M","$","?","M","R","E","?","T","E","M","R","?","E","R","BOSS","M","$","?","M","?"],"build_version":"2019-01-23","purchased_purges":1,"victory":false,"max_hp_per_floor":[72,72,72,72,72,72,72,65,65,65,65,65,65,65,65,65,65,65,65,45,45,45],"card_choices":[{"not_picked":["Slice","Deflect"],"picked":"Deadly Poison","floor":1},{"not_picked":["Acrobatics","Cloak And Dagger"],"picked":"Sucker Punch","floor":2},{"not_picked":["Deadly Poison","Underhanded Strike"],"picked":"Dagger Spray","floor":5},{"not_picked":["Masterful Stab","Dagger Throw","Accuracy"],"picked":"SKIP","floor":7},{"not_picked":["Skewer","Outmaneuver","Night Terror"],"picked":"SKIP","floor":10},{"not_picked":["Blur","PiercingWail"],"picked":"Cloak And Dagger","floor":11},{"not_picked":["Tactician","Bouncing Flask"],"picked":"Dodge and Roll","floor":13},{"not_picked":["Caltrops","Riddle With Holes"],"picked":"Noxious Fumes","floor":14},{"not_picked":["Grand Finale","Tools of the Trade"],"picked":"Envenom","floor":16},{"not_picked":["Bane","Blade Dance"],"picked":"Footwork","floor":18},{"not_picked":["Bane","Skewer"],"picked":"Dodge and Roll","floor":21}],"player_experience":357201,"relics_obtained":[{"floor":7,"key":"Meat on the Bone"},{"floor":9,"key":"Mercury Hourglass"},{"floor":10,"key":"Ornamental Fan"},{"floor":13,"key":"Shuriken"},{"floor":14,"key":"Orichalcum"}],"event_choices":[{"damage_healed":0,"gold_gain":0,"player_choice":"Left Gold","damage_taken":0,"max_hp_gain":0,"max_hp_loss":0,"event_name":"World of Goop","floor":4,"gold_loss":9},{"damage_healed":0,"gold_gain":0,"player_choice":"Lose Max HP","damage_taken":0,"relics_obtained":["Golden Idol"],"max_hp_gain":0,"max_hp_loss":7,"event_name":"Golden Idol","floor":8,"gold_loss":0},{"damage_healed":0,"gold_gain":0,"player_choice":"Searched \u00271\u0027 times","damage_taken":0,"max_hp_gain":0,"max_hp_loss":0,"event_name":"Dead Adventurer","floor":13,"gold_loss":0},{"damage_healed":0,"gold_gain":0,"player_choice":"Became a vampire","damage_taken":0,"max_hp_gain":0,"max_hp_loss":20,"event_name":"Vampires","floor":20,"gold_loss":0,"cards_obtained":["Bite","Bite","Bite","Bite","Bite"]},{"damage_healed":0,"gold_gain":0,"player_choice":"Fight","damage_taken":0,"max_hp_gain":0,"max_hp_loss":0,"event_name":"Colosseum","floor":22,"gold_loss":0},{"damage_healed":0,"gold_gain":0,"player_choice":"Fought Nobs","damage_taken":0,"max_hp_gain":0,"max_hp_loss":0,"event_name":"Colosseum","floor":22,"gold_loss":0}],"is_beta":false,"boss_relics":[{"not_picked":["White Beast Statue","Coffee Dripper"],"picked":"WristBlade"}],"items_purged_floors":[3],"is_endless":false,"potions_floor_spawned":[2,5,7,13,21],"killed_by":"Colosseum Nobs","ascension_level":19}