{"gold_per_floor":[13,13,13,13,27,27,41,41,65,97,97,113,113,127,127,127],"floor_reached":16,"playtime":729,"items_purged":[],"score":185,"play_id":"89aab7df-db44-465d-b9b1-10fe45570b52","local_time":"20190210130821","is_ascension_mode":true,"campfire_choices":[{"data":"Twin Strike","floor":6,"key":"SMITH"},{"data":"Headbutt","floor":8,"key":"SMITH"},{"data":"Shockwave","floor":11,"key":"SMITH"},{"data":"Armaments","floor":13,"key":"SMITH"},{"data":"True Grit","floor":15,"key":"SMITH"}],"neow_cost":"NO_GOLD","seed_source_timestamp":442511643448200,"circlet_count":0,"master_deck":["AscendersBane","Strike_R","Strike_R","Strike_R","Strike_R","Strike_R","Defend_R","Defend_R","Defend_R","Defend_R","Bash+1","Headbutt+1","Twin Strike+1","Armaments+1","Shockwave+1","True Grit+1"],"relics":["Burning Blood","Du-Vu Doll","Bird Faced Urn","Omamori","Happy Flower"],"potions_floor_usage":[5,12],"damage_taken":[{"damage":17,"enemies":"Cultist","floor":1,"turns":5},{"damage":7,"enemies":"2 Louse","floor":5,"turns":3},{"damage":4,"enemies":"Small Slimes","floor":7,"turns":3},{"damage":25,"enemies":"Lagavulin","floor":10,"turns":7},{"damage":14,"enemies":"Exordium Thugs","floor":12,"turns":4},{"damage":7,"enemies":"Looter","floor":14,"turns":3},{"damage":34,"enemies":"Hexaghost","floor":16,"turns":9}],"seed_played":"8951713358979338356","potions_obtained":[{"floor":1,"key":"EssenceOfSteel"},{"floor":10,"key":"Block Potion"}],"is_trial":false,"path_per_floor":["M","T","?","?","M","R","M","R","T","E","R","M","R","M","R","B"],"character_chosen":"IRONCLAD","items_purchased":[],"campfire_rested":0,"item_purchase_floors":[],"current_hp_per_floor":[57,57,57,57,56,56,58,58,58,39,39,31,31,30,30,0],"gold":127,"neow_bonus":"ONE_RARE_RELIC","is_prod":false,"is_daily":false,"chose_seed":false,"campfire_upgraded":5,"win_rate":0,"timestamp":1549800501,"path_taken":["M","?","?","?","M","R","M","R","T","E","R","M","R","?","R","BOSS"],"build_version":"2019-01-23","purchased_purges":0,"victory":false,"max_hp_per_floor":[75,75,75,75,75,75,75,75,75,75,75,75,75,75,75,75],"card_choices":[{"not_picked":["Dual Wield","Flex"],"picked":"Headbutt","floor":1},{"not_picked":["Iron Wave","Thunderclap"],"picked":"Twin Strike","floor":5},{"not_picked":["Perfected Strike","Reckless Charge"],"picked":"Armaments","floor":7},{"not_picked":["Second Wind","Pummel"],"picked":"Shockwave","floor":10},{"not_picked":["Perfected Strike","Pummel","Cleave"],"picked":"SKIP","floor":12},{"not_picked":["Body Slam","Flex"],"picked":"True Grit","floor":14}],"player_experience":551538,"relics_obtained":[{"floor":2,"key":"Bird Faced Urn"},{"floor":9,"key":"Omamori"},{"floor":10,"key":"Happy Flower"}],"event_choices":[{"damage_healed":0,"gold_gain":0,"player_choice":"Leave","damage_taken":0,"max_hp_gain":0,"max_hp_loss":0,"event_name":"The Cleric","floor":3,"gold_loss":0},{"damage_healed":0,"gold_gain":0,"player_choice":"Upgraded","damage_taken":0,"max_hp_gain":0,"max_hp_loss":0,"event_name":"Upgrade Shrine","floor":4,"gold_loss":0,"cards_upgraded":["Bash"]}],"is_beta":false,"boss_relics":[],"items_purged_floors":[],"is_endless":false,"potions_floor_spawned":[1,10],"killed_by":"Hexaghost","ascension_level":17}