{"gold_per_floor":[116,266,281,351,16,41,41,57,108,108,16,32,32,59,59,59],"floor_reached":16,"playtime":1287,"items_purged":["Doubt","Strike_G"],"score":211,"play_id":"60e77b20-46a3-4e6b-8aec-3da0087b94bb","local_time":"20190205105956","is_ascension_mode":true,"campfire_choices":[{"data":"1","floor":7,"key":"LIFT"},{"data":"2","floor":10,"key":"LIFT"},{"data":"3","floor":13,"key":"LIFT"},{"floor":15,"key":"REST"}],"neow_cost":"NONE","seed_source_timestamp":2244403708600,"circlet_count":0,"master_deck":["AscendersBane","Defend_G","Defend_G","Defend_G","Defend_G+1","Defend_G","Strike_G","Strike_G","Strike_G","Strike_G","Survivor","Neutralize","After Image","Deadly Poison","Caltrops","Noxious Fumes","Dash","Blur","PiercingWail","Footwork","Backflip","Escape Plan+1"],"relics":["Ring of the Snake","Blue Candle","Membership Card","Girya","Orichalcum","War Paint"],"potions_floor_usage":[14,14],"damage_taken":[{"damage":0,"enemies":"2 Louse","floor":1,"turns":6},{"damage":1,"enemies":"Jaw Worm","floor":3,"turns":6},{"damage":17,"enemies":"Lagavulin","floor":6,"turns":8},{"damage":6,"enemies":"Small Slimes","floor":8,"turns":5},{"damage":0,"enemies":"Looter","floor":12,"turns":4},{"damage":19,"enemies":"Gremlin Nob","floor":14,"turns":4},{"damage":37,"enemies":"Hexaghost","floor":16,"turns":11}],"seed_played":"-3157239121697028909","potions_obtained":[{"floor":6,"key":"Poison Potion"},{"floor":8,"key":"FearPotion"}],"is_trial":false,"path_per_floor":["M","?","M","T","$","E","R","M","T","R","$","M","R","E","R","B"],"character_chosen":"THE_SILENT","items_purchased":["Membership Card","Noxious Fumes","Dash","Footwork"],"campfire_rested":1,"item_purchase_floors":[5,5,5,11],"current_hp_per_floor":[59,59,58,58,58,41,41,35,35,35,35,35,35,16,35,0],"gold":59,"neow_bonus":"ONE_RANDOM_RARE_CARD","is_prod":false,"is_daily":false,"chose_seed":false,"campfire_upgraded":0,"win_rate":0,"timestamp":1549360796,"path_taken":["M","?","M","?","$","E","R","M","T","R","$","M","R","E","R","BOSS"],"build_version":"2019-01-23","purchased_purges":2,"victory":false,"max_hp_per_floor":[66,66,66,66,66,66,66,66,66,66,66,66,66,66,66,66],"card_choices":[{"not_picked":["Cloak And Dagger","Blade Dance"],"picked":"Deadly Poison","floor":1},{"not_picked":["Blur","Accuracy"],"picked":"Caltrops","floor":3},{"not_picked":["Accuracy","Caltrops"],"picked":"Blur","floor":6},{"not_picked":["Bouncing Flask","Poisoned Stab"],"picked":"PiercingWail","floor":8},{"not_picked":["Acrobatics","Underhanded Strike"],"picked":"Backflip","floor":12},{"not_picked":["Distraction","Blur"],"picked":"Escape Plan","floor":14}],"player_experience":409024,"relics_obtained":[{"floor":4,"key":"Blue Candle"},{"floor":6,"key":"Girya"},{"floor":9,"key":"Orichalcum"},{"floor":14,"key":"War Paint"}],"event_choices":[{"damage_healed":0,"gold_gain":150,"player_choice":"AGREE","damage_taken":0,"max_hp_gain":0,"max_hp_loss":0,"event_name":"Liars Game","floor":2,"gold_loss":0,"cards_obtained":["Doubt"]}],"is_beta":false,"boss_relics":[],"items_purged_floors":[5,11],"is_endless":false,"potions_floor_spawned":[6,8,12],"killed_by":"Hexaghost","ascension_level":19}