{"gold_per_floor":[109,124,139,42,42,42,77,77,100,115,115,130,130,149,149,245,245,259,259,272,272,286,313,313,325,350,350,370,402,402,429,429,429],"floor_reached":33,"playtime":934,"items_purged":["Strike_B"],"score":382,"play_id":"e5d5d91d-b2fb-4de1-a705-bcb4c9a54e8f","local_time":"20181110230545","is_ascension_mode":false,"campfire_choices":[{"data":"Sunder","floor":6.0,"key":"SMITH"},{"data":"Beam Cell","floor":8.0,"key":"SMITH"},{"data":"Dualcast","floor":11.0,"key":"SMITH"},{"data":"Zap","floor":15.0,"key":"SMITH"},{"data":"Hyperbeam","floor":24.0,"key":"SMITH"},{"data":"Hyperbeam","floor":27.0,"key":"SMITH"},{"data":"Defend_B","floor":30,"key":"SMITH"},{"floor":32,"key":"REST"}],"neow_cost":"NONE","seed_source_timestamp":2348101472699341,"circlet_count":0,"master_deck":["Strike_B","Strike_B","Strike_B","Defend_B+1","Defend_B","Defend_B","Defend_B","Zap+1","Dualcast+1","Sunder+1","Beam Cell+1","Auto Shields","Gash","Hyperbeam+1","Steam","Hyperbeam+1","Steam+1","Conserve Battery","Reboot"],"special_seed":0,"relics":["Cracked Core","Bag of Marbles","Omamori","Pocketwatch","Philosopher\u0027s Stone","Regal Pillow","Bag of Preparation","Art of War","Symbiotic Virus"],"potions_floor_usage":[29,29,33],"damage_taken":[{"damage":0.0,"enemies":"Small Slimes","floor":1.0,"turns":3.0},{"damage":1.0,"enemies":"Cultist","floor":2.0,"turns":3.0},{"damage":6.0,"enemies":"2 Louse","floor":3.0,"turns":2.0},{"damage":16.0,"enemies":"Lagavulin","floor":7.0,"turns":5.0},{"damage":0.0,"enemies":"Looter","floor":10.0,"turns":1.0},{"damage":0.0,"enemies":"Red Slaver","floor":12.0,"turns":1.0},{"damage":0.0,"enemies":"Gremlin Gang","floor":14.0,"turns":3.0},{"damage":16.0,"enemies":"Slime Boss","floor":16.0,"turns":7.0},{"damage":4.0,"enemies":"Shell Parasite","floor":18.0,"turns":3.0},{"damage":0.0,"enemies":"3 Byrds","floor":20.0,"turns":3.0},{"damage":14.0,"enemies":"Snake Plant","floor":22.0,"turns":2.0},{"damage":0.0,"enemies":"Gremlin Leader","floor":23.0,"turns":3.0},{"damage":6.0,"enemies":"Chosen and Byrds","floor":25.0,"turns":2.0},{"damage":3.0,"enemies":"Centurion and Healer","floor":28.0,"turns":3.0},{"damage":0,"enemies":"Book of Stabbing","floor":29,"turns":2},{"damage":0,"enemies":"Slavers","floor":31,"turns":1},{"damage":78,"enemies":"Champ","floor":33,"turns":10}],"seed_played":"6131956488785317833","potions_obtained":[{"floor":3.0,"key":"PowerPotion"},{"floor":7.0,"key":"Energy Potion"},{"floor":10.0,"key":"Explosive Potion"},{"floor":25.0,"key":"Strength Potion"},{"floor":29,"key":"Dexterity Potion"}],"is_trial":false,"path_per_floor":["M","M","M","$","?","R","E","R","T","M","R","M","?","M","R","B",null,"M","?","M","?","M","E","R","M","T","R","M","E","R","E","R","B"],"character_chosen":"DEFECT","items_purchased":["Beam Cell"],"campfire_rested":1,"item_purchase_floors":[4],"current_hp_per_floor":[82,81,75,75,67,67,51,51,51,51,51,51,51,51,51,35,82,78,62,62,62,48,48,48,42,42,42,39,39,39,39,80,2],"gold":429,"neow_bonus":"TEN_PERCENT_HP_BONUS","is_prod":false,"is_daily":false,"chose_seed":false,"campfire_upgraded":7,"win_rate":0,"timestamp":1541891145,"path_taken":["M","M","M","$","?","R","E","R","T","M","R","?","?","M","R","BOSS","M","?","M","?","M","E","R","M","T","R","?","E","R","E","R","BOSS"],"build_version":"2018-11-08","purchased_purges":1,"victory":false,"max_hp_per_floor":[82,82,82,82,82,82,82,82,82,82,82,82,82,82,82,82,82,82,87,87,87,87,87,87,87,87,87,87,87,87,87,87,87],"card_choices":[{"not_picked":["Leap","Compile Driver","Hello World"],"picked":"SKIP","floor":1.0},{"not_picked":["Turbo","Storm","Barrage"],"picked":"SKIP","floor":2.0},{"not_picked":["Compile Driver","Chaos"],"picked":"Sunder","floor":3.0},{"not_picked":["Thunder Strike","Stack"],"picked":"Auto Shields","floor":7.0},{"not_picked":["Redo","Turbo","Sweeping Beam"],"picked":"SKIP","floor":10.0},{"not_picked":["Reprogram","Capacitor","Self Repair"],"picked":"SKIP","floor":12.0},{"not_picked":["Steam","Redo"],"picked":"Gash","floor":14.0},{"not_picked":["Buffer","Core Surge"],"picked":"Hyperbeam","floor":16.0},{"not_picked":["Coolheaded+1","Hologram"],"picked":"Steam","floor":18.0},{"not_picked":["Barrage+1","Coolheaded+1","Redo+1"],"picked":"SKIP","floor":20.0},{"not_picked":["Gash","Auto Shields+1"],"picked":"Hyperbeam","floor":22.0},{"not_picked":["Turbo","Blizzard+1","Machine Learning"],"picked":"SKIP","floor":23.0},{"not_picked":["Cold Snap","Ball Lightning+1","Beam Cell"],"picked":"SKIP","floor":25.0},{"not_picked":["Fusion","Leap"],"picked":"Steam+1","floor":28.0},{"not_picked":["Defragment","White Noise"],"picked":"Conserve Battery","floor":29},{"not_picked":["Blizzard","Turbo+1"],"picked":"Reboot","floor":31}],"player_experience":772843,"relics_obtained":[{"floor":7.0,"key":"Bag of Marbles"},{"floor":9.0,"key":"Omamori"},{"floor":23.0,"key":"Regal Pillow"},{"floor":26.0,"key":"Bag of Preparation"},{"floor":29,"key":"Art of War"},{"floor":31,"key":"Symbiotic Virus"}],"event_choices":[{"damage_healed":0.0,"max_hp_gain":0.0,"max_hp_loss":0.0,"gold_gain":0.0,"event_name":"Wheel of Change","player_choice":"Damaged","floor":5.0,"gold_loss":0.0,"damage_taken":8.0},{"damage_healed":0.0,"max_hp_gain":0.0,"max_hp_loss":0.0,"gold_gain":0.0,"event_name":"Dead Adventurer","player_choice":"Searched \u00271\u0027 times","floor":13.0,"gold_loss":0.0,"damage_taken":0.0,"relics_obtained":["Pocketwatch"]},{"damage_healed":0.0,"max_hp_gain":5.0,"max_hp_loss":0.0,"gold_gain":0.0,"event_name":"Forgotten Altar","player_choice":"Shed Blood","floor":19.0,"gold_loss":0.0,"damage_taken":21.0},{"damage_healed":0.0,"max_hp_gain":0.0,"max_hp_loss":0.0,"gold_gain":0.0,"event_name":"Wheel of Change","player_choice":"Cursed","floor":21.0,"gold_loss":0.0,"damage_taken":0.0,"cards_obtained":["Decay"]}],"is_beta":false,"boss_relics":[{"not_picked":["Busted Crown","Runic Dome"],"picked":"Philosopher\u0027s Stone"}],"items_purged_floors":[4],"is_endless":false,"potions_floor_spawned":[3,7,10,14,16,20,25,29],"killed_by":"Champ","ascension_level":0}