{"gold_per_floor":[117,117,46,62,62,62,89,108,155,184,184,197,216,227,227,328,328,345,345,22,41,53,78,78,97,120,134,34,34,48,73,73,168,168,186,61,61,79,92,92,127,143,169,200,200,200,5,0,0,0],"floor_reached":51,"playtime":4580,"items_purged":["Strike_B","Defend_B","Strike_B"],"score":1017,"play_id":"298d3322-24a6-4460-90a6-d090e50c6cb0","local_time":"20180714142806","is_ascension_mode":true,"campfire_choices":[{"data":"Defragment","floor":6,"key":"SMITH"},{"floor":11,"key":"REST"},{"data":"Self Repair","floor":15,"key":"SMITH"},{"data":"Echo Form","floor":24,"key":"SMITH"},{"floor":32,"key":"REST"},{"data":"White Noise","floor":40,"key":"SMITH"},{"data":"Buffer","floor":46,"key":"SMITH"},{"data":"Chill","floor":49,"key":"SMITH"}],"neow_cost":"TEN_PERCENT_HP_LOSS","seed_source_timestamp":6781918994114,"circlet_count":0,"master_deck":["Strike_B","Defend_B","Zap","Dualcast","Steam","Defragment+1","Self Repair+1","Steam Power","Conserve Battery","Sunder","Conserve Battery","Sunder","Cold Snap","Echo Form+1","White Noise+1","Coolheaded","Defragment+1","Cold Snap","Blizzard","Consume+1","Storm","Capacitor","Buffer+1","Fission","White Noise+1","Defragment+1","Tempest+1","Meteor Strike","Chill+1"],"relics":["FrozenCore","Thread and Needle","DataDisk","Vajra","Incense Burner","Sozu","DollysMirror","Blood Vial","Nloth\u0027s Gift","Bottled Flame","Pen Nib","Omamori","Blue Candle","HandDrill","Red Mask"],"potions_floor_usage":[13,16,16,18],"damage_taken":[{"damage":0,"enemies":"Jaw Worm","floor":1,"turns":3},{"damage":1,"enemies":"Cultist","floor":4,"turns":3},{"damage":21,"enemies":"3 Sentries","floor":7,"turns":7},{"damage":0,"enemies":"Small Slimes","floor":8,"turns":2},{"damage":10,"enemies":"Lagavulin","floor":10,"turns":5},{"damage":0,"enemies":"Exordium Wildlife","floor":12,"turns":3},{"damage":3,"enemies":"Large Slime","floor":13,"turns":4},{"damage":1,"enemies":"Exordium Thugs","floor":14,"turns":3},{"damage":15,"enemies":"Hexaghost","floor":16,"turns":10},{"damage":11,"enemies":"3 Byrds","floor":18,"turns":5},{"damage":9,"enemies":"Shell Parasite","floor":21,"turns":5},{"damage":5,"enemies":"Centurion and Healer","floor":22,"turns":7},{"damage":0,"enemies":"Book of Stabbing","floor":23,"turns":6},{"damage":0,"enemies":"Snecko","floor":25,"turns":5},{"damage":0,"enemies":"Sentry and Sphere","floor":27,"turns":5},{"damage":0,"enemies":"Cultist and Chosen","floor":30,"turns":4},{"damage":19,"enemies":"Slavers","floor":31,"turns":7},{"damage":11,"enemies":"Automaton","floor":33,"turns":9},{"damage":0,"enemies":"3 Shapes","floor":35,"turns":6},{"damage":10,"enemies":"3 Darklings","floor":38,"turns":8},{"damage":0,"enemies":"Spire Growth","floor":39,"turns":5},{"damage":0,"enemies":"Giant Head","floor":41,"turns":10},{"damage":0,"enemies":"Sphere and 2 Shapes","floor":42,"turns":7},{"damage":0,"enemies":"Nemesis","floor":44,"turns":7},{"damage":57,"enemies":"Awakened One","floor":50,"turns":11}],"seed_played":"-5929040356252500694","potions_obtained":[{"floor":4,"key":"Swift Potion"},{"floor":7,"key":"SpeedPotion"},{"floor":10,"key":"Weak Potion"},{"floor":13,"key":"SpeedPotion"}],"is_trial":false,"path_per_floor":["M","?","$","M","?","R","E","M","T","E","R","M","M","M","R","B",null,"M","?","$","M","M","E","R","M","T","M","$","?","M","E","R","B",null,"M","$","?","M","M","R","E","M","T","E","?","R","$","?","R","B"],"character_chosen":"DEFECT","items_purchased":["Self Repair","DollysMirror","Cold Snap","HandDrill"],"campfire_rested":2,"item_purchase_floors":[3,20,20,47],"current_hp_per_floor":[68,68,68,68,68,68,54,54,54,51,68,68,68,68,68,63,67,66,66,66,67,68,68,68,68,68,68,68,68,68,59,68,67,68,68,68,68,68,68,68,68,68,68,68,68,68,68,68,68,11],"gold":0,"neow_bonus":"ONE_RARE_RELIC","is_prod":false,"is_daily":false,"chose_seed":false,"campfire_upgraded":6,"win_rate":0,"timestamp":1531592886,"path_taken":["M","?","$","M","?","R","E","M","T","E","R","M","?","M","R","BOSS","M","?","$","M","M","E","R","M","T","M","$","?","?","E","R","BOSS","M","$","?","M","M","R","E","M","T","E","?","R","$","?","R","BOSS"],"build_version":"2018-07-12","purchased_purges":3,"victory":true,"max_hp_per_floor":[68,68,68,68,68,68,68,68,68,68,68,68,68,68,68,68,68,68,68,68,68,68,68,68,68,68,68,68,68,68,68,68,68,68,68,68,68,68,68,68,68,68,68,68,68,68,68,68,68,68],"card_choices":[{"not_picked":["Rip and Tear","Stack"],"picked":"Steam","floor":1},{"not_picked":["Compile Driver","Barrage","Scrape"],"picked":"SKIP","floor":4},{"not_picked":["Stack","Cold Snap"],"picked":"Conserve Battery","floor":7},{"not_picked":["Tempest","Leap"],"picked":"Sunder","floor":8},{"not_picked":["Compile Driver","Rainbow"],"picked":"Conserve Battery","floor":10},{"not_picked":["Compile Driver","Chaos"],"picked":"Sunder","floor":12},{"not_picked":["Reprogram","Sweeping Beam","Steam Power"],"picked":"SKIP","floor":13},{"not_picked":["Go for the Eyes","Hologram"],"picked":"Cold Snap","floor":14},{"not_picked":["Amplify","Biased Cognition"],"picked":"Echo Form","floor":16},{"not_picked":["Recycle","Redo"],"picked":"White Noise","floor":18},{"not_picked":["FTL","Barrage+1","Redo"],"picked":"SKIP","floor":21},{"not_picked":["Barrage","Conserve Battery"],"picked":"Blizzard","floor":22},{"not_picked":["Multi-Cast","Core Surge"],"picked":"Consume+1","floor":23},{"not_picked":["Hello World","Ball Lightning"],"picked":"Storm","floor":25},{"not_picked":["Static Discharge+1","Streamline+1"],"picked":"Capacitor","floor":27},{"not_picked":["Stack+1","Barrage+1","Go for the Eyes"],"picked":"SKIP","floor":30},{"not_picked":["Fission","Beam Cell"],"picked":"Buffer","floor":31},{"not_picked":["Machine Learning","Amplify"],"picked":"Fission","floor":33},{"not_picked":["Coolheaded+1","Ball Lightning"],"picked":"White Noise+1","floor":35},{"not_picked":["Go for the Eyes","Coolheaded"],"picked":"Tempest+1","floor":38},{"not_picked":["Hologram+1","Go for the Eyes","Rebound+1"],"picked":"SKIP","floor":39},{"not_picked":["Hologram+1","Aggregate"],"picked":"Meteor Strike","floor":41},{"not_picked":["Stack","Beam Cell+1"],"picked":"Chill","floor":42},{"not_picked":["Stack","Rebound+1","Hyperbeam"],"picked":"SKIP","floor":44}],"player_experience":356671,"relics_obtained":[{"floor":7,"key":"DataDisk"},{"floor":9,"key":"Vajra"},{"floor":10,"key":"Incense Burner"},{"floor":23,"key":"Darkstone Periapt"},{"floor":26,"key":"Blood Vial"},{"floor":31,"key":"Bottled Flame"},{"floor":41,"key":"Pen Nib"},{"floor":43,"key":"Omamori"},{"floor":44,"key":"Blue Candle"}],"event_choices":[{"event_name":"Transmorgrifier","player_choice":"Transform","floor":2,"damage_taken":0},{"event_name":"Living Wall","player_choice":"Change","floor":5,"damage_taken":0},{"event_name":"The Library","player_choice":"Read","floor":19,"damage_taken":0},{"event_name":"N\u0027loth","player_choice":"Traded a Darkstone Periapt","floor":29,"damage_taken":0},{"event_name":"Duplicator","player_choice":"One dupe","floor":37,"damage_taken":0},{"event_name":"Purifier","player_choice":"One Purge","floor":45,"damage_taken":0},{"event_name":"Tomb of Lord Red Mask","player_choice":"Paid","floor":48,"damage_taken":0}],"boss_relics":[{"not_picked":["Coffee Dripper","Empty Cage"],"picked":"Sozu"},{"not_picked":["Tiny House","Inserter"],"picked":"FrozenCore"}],"items_purged_floors":[20,28,36],"is_endless":false,"potions_floor_spawned":[4,7,10,13,22,23,31,39,42,44],"ascension_level":6}