{"gold_per_floor":[109,184,55,55,74,101,101,101,150,150,161,173,173,203,203,307,307,307,307,307],"floor_reached":20,"playtime":1659,"items_purged":["Strike_R"],"score":180,"play_id":"ea892e95-ca1c-4e76-acc4-b293ba767a69","local_time":"20190205110113","is_ascension_mode":false,"campfire_choices":[{"data":"Bash","floor":7,"key":"SMITH"},{"data":"Berserk","floor":10,"key":"SMITH"},{"floor":15,"key":"REST"}],"neow_cost":"NONE","seed_source_timestamp":322123576363782,"circlet_count":0,"master_deck":["Strike_R","Strike_R","Strike_R","Strike_R","Defend_R","Defend_R","Defend_R","Defend_R","Bash+1","Berserk+1","Pommel Strike","Impervious+1","Pommel Strike","Twin Strike","Offering","Juggernaut","Cleave"],"relics":["Burning Blood","Ornamental Fan","Letter Opener","Lantern","Potion Belt","Ectoplasm"],"potions_floor_usage":[16],"damage_taken":[{"damage":15,"enemies":"Small Slimes","floor":1,"turns":4},{"damage":6,"enemies":"Jaw Worm","floor":5,"turns":3},{"damage":39,"enemies":"Lagavulin","floor":6,"turns":6},{"damage":0,"enemies":"2 Louse","floor":11,"turns":2},{"damage":0,"enemies":"Blue Slaver","floor":12,"turns":3},{"damage":21,"enemies":"Gremlin Nob","floor":14,"turns":4},{"damage":18,"enemies":"Slime Boss","floor":16,"turns":8},{"damage":12,"enemies":"Shell Parasite","floor":18,"turns":4},{"damage":71,"enemies":"Masked Bandits","floor":20,"turns":3}],"seed_played":"2889747694066006285","potions_obtained":[{"floor":6,"key":"Swift Potion"},{"floor":11,"key":"Fire Potion"},{"floor":16,"key":"SkillPotion"}],"is_trial":false,"path_per_floor":["M","?","$","?","M","E","R","T","T","R","M","M","?","E","R","B",null,"M","?","?"],"character_chosen":"IRONCLAD","items_purchased":["Pommel Strike"],"campfire_rested":1,"item_purchase_floors":[3],"current_hp_per_floor":[71,60,60,65,65,32,32,32,32,32,38,44,44,29,54,42,85,79,63,0],"gold":307,"neow_bonus":"ONE_RANDOM_RARE_CARD","is_prod":false,"is_daily":false,"chose_seed":false,"campfire_upgraded":2,"win_rate":0,"timestamp":1549335673,"path_taken":["M","?","$","?","M","E","R","?","T","R","M","?","?","E","R","BOSS","M","?","?"],"build_version":"2019-01-23","purchased_purges":1,"victory":false,"max_hp_per_floor":[80,80,80,85,85,85,85,85,85,85,85,85,85,85,85,85,85,85,90,90],"card_choices":[{"not_picked":["Body Slam","Anger","Flex"],"picked":"SKIP","floor":1},{"not_picked":["Havoc","Corruption"],"picked":"Impervious","floor":5},{"not_picked":["Sword Boomerang","Body Slam"],"picked":"Pommel Strike","floor":6},{"not_picked":["Infernal Blade","Iron Wave"],"picked":"Twin Strike","floor":11},{"not_picked":["Havoc","Perfected Strike","Clash"],"picked":"SKIP","floor":12},{"not_picked":["Berserk","Infernal Blade"],"picked":"Offering","floor":14},{"not_picked":["Immolate","Impervious"],"picked":"Juggernaut","floor":16},{"not_picked":["Rage","Feel No Pain"],"picked":"Cleave","floor":18}],"player_experience":205213,"relics_obtained":[{"floor":6,"key":"Ornamental Fan"},{"floor":8,"key":"Letter Opener"},{"floor":9,"key":"Lantern"},{"floor":14,"key":"Potion Belt"}],"event_choices":[{"damage_healed":0,"gold_gain":75,"player_choice":"Gather Gold","damage_taken":11,"max_hp_gain":0,"max_hp_loss":0,"event_name":"World of Goop","floor":2,"gold_loss":0},{"damage_healed":0,"gold_gain":0,"player_choice":"Donut","damage_taken":0,"max_hp_gain":5,"max_hp_loss":0,"event_name":"Big Fish","floor":4,"gold_loss":0},{"damage_healed":0,"gold_gain":0,"player_choice":"Grow","damage_taken":0,"max_hp_gain":0,"max_hp_loss":0,"event_name":"Living Wall","floor":13,"gold_loss":0,"cards_upgraded":["Impervious"]},{"damage_healed":0,"gold_gain":0,"player_choice":"Shed Blood","damage_taken":21,"max_hp_gain":5,"max_hp_loss":0,"event_name":"Forgotten Altar","floor":19,"gold_loss":0},{"damage_healed":0,"gold_gain":0,"player_choice":"Fought Bandits","damage_taken":0,"max_hp_gain":0,"max_hp_loss":0,"event_name":"Masked Bandits","floor":20,"gold_loss":0}],"is_beta":false,"boss_relics":[{"not_picked":["Snecko Eye","Philosopher\u0027s Stone"],"picked":"Ectoplasm"}],"items_purged_floors":[3],"is_endless":false,"potions_floor_spawned":[6,11,16],"killed_by":"Masked Bandits","ascension_level":0}