{"gold_per_floor":[114,114,114,134,148,181,181,16,98,111,123,157,157,167,167,241,241,255,49,49,62,79,79,140,140],"floor_reached":25,"playtime":1671,"items_purged":[],"score":466,"play_id":"7306b13d-61a3-4d67-9271-f7231764a873","local_time":"20190115001927","is_ascension_mode":true,"campfire_choices":[{"floor":15.0,"key":"REST"},{"data":"Well Laid Plans","floor":23.0,"key":"SMITH"}],"neow_cost":"NONE","seed_source_timestamp":397161657110077,"circlet_count":0,"master_deck":["AscendersBane","Survivor","Neutralize","Deadly Poison","Skewer","Deadly Poison","Escape Plan","A Thousand Cuts","Leg Sweep","Well Laid Plans+1","Burst","Dash","Reflex","Prepared","Heel Hook","Catalyst","Blur","Venomology","Distraction","Noxious Fumes","Leg Sweep","Deflect","Calculated Gamble+1","Backflip","Blur"],"special_seed":0,"relics":["Ring of the Snake","NeowsBlessing","CultistMask","Centennial Puzzle","PreservedInsect","Question Card","Omamori","Pandora\u0027s Box","Snake Skull","Tiny Chest"],"potions_floor_usage":[25],"damage_taken":[{"damage":0.0,"enemies":"2 Louse","floor":1.0,"turns":1.0},{"damage":0.0,"enemies":"Cultist","floor":4.0,"turns":1.0},{"damage":0.0,"enemies":"Small Slimes","floor":5.0,"turns":1.0},{"damage":44.0,"enemies":"3 Sentries","floor":6.0,"turns":12.0},{"damage":0.0,"enemies":"Red Slaver","floor":10.0,"turns":4.0},{"damage":0.0,"enemies":"Blue Slaver","floor":11.0,"turns":5.0},{"damage":3.0,"enemies":"Lagavulin","floor":12.0,"turns":7.0},{"damage":2.0,"enemies":"Exordium Wildlife","floor":14.0,"turns":4.0},{"damage":3.0,"enemies":"The Guardian","floor":16.0,"turns":12.0},{"damage":16.0,"enemies":"Chosen","floor":18.0,"turns":5.0},{"damage":7.0,"enemies":"Shell Parasite","floor":21.0,"turns":8.0},{"damage":6.0,"enemies":"Snake Plant","floor":22.0,"turns":5.0},{"damage":1.0,"enemies":"Gremlin Leader","floor":24.0,"turns":5.0},{"damage":13,"enemies":"Masked Bandits","floor":25,"turns":3}],"seed_played":"3840824900985671753","potions_obtained":[{"floor":4.0,"key":"Swift Potion"},{"floor":5.0,"key":"PowerPotion"},{"floor":6.0,"key":"SteroidPotion"},{"floor":11.0,"key":"SpeedPotion"},{"floor":12.0,"key":"Regen Potion"},{"floor":22.0,"key":"Explosive Potion"}],"is_trial":false,"path_per_floor":["M","?","?","M","M","E","?","$","T","M","M","E","?","M","R","B",null,"M","$","?","M","M","R","E","?"],"character_chosen":"THE_SILENT","items_purchased":["PreservedInsect","Snake Skull","Leg Sweep"],"campfire_rested":1,"item_purchase_floors":[8,19,19],"current_hp_per_floor":[59,52,52,52,52,8,8,8,8,8,8,5,5,17,36,33,58,42,42,42,35,41,41,40,27],"gold":140,"neow_bonus":"THREE_ENEMY_KILL","is_prod":false,"is_daily":false,"chose_seed":false,"campfire_upgraded":1,"win_rate":0,"timestamp":1547540367,"path_taken":["M","?","?","?","?","E","?","$","T","M","M","E","?","M","R","BOSS","M","$","?","?","M","R","E","?"],"build_version":"2019-01-10","purchased_purges":0,"victory":false,"max_hp_per_floor":[66,66,66,66,66,66,66,66,66,66,66,66,66,66,66,66,66,66,66,66,66,66,66,66,66],"card_choices":[{"not_picked":["Backflip","Acrobatics"],"picked":"Deadly Poison","floor":1.0},{"not_picked":["Blade Dance","Caltrops"],"picked":"Skewer","floor":4.0},{"not_picked":["Dodge and Roll","Eviscerate"],"picked":"Deadly Poison","floor":5.0},{"not_picked":["Quick Slash","Sucker Punch"],"picked":"Escape Plan","floor":6.0},{"not_picked":["Sucker Punch","Deadly Poison","Acrobatics","Eviscerate"],"picked":"SKIP","floor":10.0},{"not_picked":["Deflect","A Thousand Cuts","Acrobatics"],"picked":"Leg Sweep","floor":11.0},{"not_picked":["Infinite Blades","Blur","Concentrate"],"picked":"Well Laid Plans","floor":12.0},{"not_picked":["Outmaneuver","Masterful Stab","Prepared","Finisher"],"picked":"SKIP","floor":14.0},{"not_picked":["A Thousand Cuts","Envenom","Night Terror"],"picked":"Burst","floor":16.0},{"not_picked":["Cloak And Dagger","Blade Dance","Predator"],"picked":"Noxious Fumes","floor":18.0},{"not_picked":["Quick Slash","Reflex","Flying Knee"],"picked":"Calculated Gamble+1","floor":21.0},{"not_picked":["Slice+1","Dagger Spray","Terror"],"picked":"Backflip","floor":22.0},{"not_picked":["Storm of Steel","Deadly Poison","Sucker Punch"],"picked":"Blur","floor":24.0}],"player_experience":423385,"relics_obtained":[{"floor":6.0,"key":"Centennial Puzzle"},{"floor":9.0,"key":"Question Card"},{"floor":12.0,"key":"Omamori"},{"floor":24.0,"key":"Tiny Chest"}],"event_choices":[{"cards_removed":["Strike_G"],"damage_healed":0.0,"max_hp_gain":0.0,"max_hp_loss":0.0,"gold_gain":0.0,"event_name":"Golden Wing","player_choice":"Card Removal","floor":2.0,"gold_loss":0.0,"damage_taken":7.0},{"damage_healed":0.0,"max_hp_gain":0.0,"max_hp_loss":0.0,"gold_gain":0.0,"event_name":"FaceTrader","player_choice":"Trade","floor":3.0,"gold_loss":0.0,"damage_taken":0.0,"relics_obtained":["CultistMask"]},{"damage_healed":0.0,"max_hp_gain":0.0,"max_hp_loss":0.0,"gold_gain":0.0,"cards_transformed":["Strike_G"],"event_name":"Living Wall","player_choice":"Change","floor":7.0,"gold_loss":0.0,"damage_taken":0.0,"cards_obtained":["A Thousand Cuts"]},{"damage_healed":0.0,"max_hp_gain":0.0,"max_hp_loss":0.0,"gold_gain":0.0,"event_name":"Shining Light","player_choice":"Ignored","floor":13.0,"gold_loss":0.0,"damage_taken":0.0},{"damage_healed":0.0,"max_hp_gain":0.0,"max_hp_loss":0.0,"gold_gain":0.0,"event_name":"Match and Keep!","player_choice":"1 cards matched","floor":20.0,"gold_loss":0.0,"damage_taken":0.0,"cards_obtained":["Deflect"]},{"damage_healed":0.0,"max_hp_gain":0.0,"max_hp_loss":0.0,"gold_gain":0.0,"event_name":"Match and Keep!","player_choice":"1 cards matched","floor":20.0,"gold_loss":0.0,"damage_taken":0.0,"cards_obtained":["Deflect"]},{"damage_healed":0,"gold_gain":0,"player_choice":"Fought Bandits","damage_taken":0,"max_hp_gain":0,"max_hp_loss":0,"event_name":"Masked Bandits","floor":25,"gold_loss":0}],"is_beta":false,"boss_relics":[{"not_picked":["Fusion Hammer","Snecko Eye"],"picked":"Pandora\u0027s Box"}],"items_purged_floors":[],"is_endless":false,"potions_floor_spawned":[4,5,6,11,12,22],"killed_by":"Masked Bandits","ascension_level":20}