{"gold_per_floor":[111,111,121,134,149,174,174,189,189,189,207,207,238,250,262,274],"floor_reached":16,"playtime":968,"items_purged":[],"score":224,"play_id":"ea9d7960-fd3f-4372-84c3-990ece1e1eae","local_time":"20181230111831","is_ascension_mode":true,"campfire_choices":[{"floor":7,"key":"REST"},{"floor":10,"key":"DIG"},{"floor":12,"key":"DIG"},{"floor":15,"key":"REST"}],"neow_cost":"NONE","seed_source_timestamp":1126729152220368,"circlet_count":0,"master_deck":["AscendersBane","Defend_G","Defend_G+1","Defend_G","Defend_G","Defend_G+1","Strike_G","Strike_G","Strike_G","Strike_G","Survivor","Neutralize","Caltrops","Flying Knee","Quick Slash","Endless Agony","Dodge and Roll","Distraction+1"],"special_seed":0,"relics":["Ring of the Snake","Boot","Shovel","War Paint","Omamori","Bottled Lightning","MawBank"],"potions_floor_usage":[6,6,13,16],"damage_taken":[{"damage":1,"enemies":"Small Slimes","floor":1,"turns":4},{"damage":0,"enemies":"Cultist","floor":3,"turns":4},{"damage":4,"enemies":"Jaw Worm","floor":4,"turns":5},{"damage":11,"enemies":"Large Slime","floor":5,"turns":9},{"damage":22,"enemies":"Lagavulin","floor":6,"turns":9},{"damage":1,"enemies":"2 Fungi Beasts","floor":8,"turns":4},{"damage":0,"enemies":"Blue Slaver","floor":11,"turns":4},{"damage":25,"enemies":"Gremlin Nob","floor":13,"turns":4},{"damage":44,"enemies":"The Guardian","floor":16,"turns":8}],"seed_played":"-6359518234678557503","potions_obtained":[{"floor":4,"key":"Weak Potion"},{"floor":5,"key":"Explosive Potion"},{"floor":11,"key":"PowerPotion"},{"floor":13,"key":"Weak Potion"}],"is_trial":false,"path_per_floor":["M","?","M","M","M","E","R","M","T","R","M","R","E","?","R","B"],"character_chosen":"THE_SILENT","items_purchased":[],"campfire_rested":2,"item_purchase_floors":[],"current_hp_per_floor":[58,51,51,47,36,14,33,32,32,32,32,32,7,7,26,0],"gold":274,"neow_bonus":"RANDOM_COMMON_RELIC","is_prod":false,"is_daily":false,"chose_seed":false,"campfire_upgraded":0,"win_rate":0,"timestamp":1546197511,"path_taken":["M","?","M","M","M","E","R","M","T","R","M","R","E","?","R","BOSS"],"build_version":"2018-12-20","purchased_purges":0,"victory":false,"max_hp_per_floor":[66,66,66,66,66,66,66,66,66,66,66,66,66,66,66,66],"card_choices":[{"not_picked":["Outmaneuver","Terror"],"picked":"Caltrops","floor":1},{"not_picked":["Dodge and Roll","Expertise"],"picked":"Flying Knee","floor":3},{"not_picked":["Distraction","Deflect","Footwork"],"picked":"SKIP","floor":4},{"not_picked":["Concentrate","Tactician"],"picked":"Quick Slash","floor":5},{"not_picked":["Tactician","Terror"],"picked":"Endless Agony","floor":6},{"not_picked":["Heel Hook","Slice"],"picked":"Dodge and Roll","floor":8},{"not_picked":["Quick Slash","Flying Knee","Tools of the Trade"],"picked":"SKIP","floor":11},{"not_picked":["PiercingWail","Acrobatics"],"picked":"Distraction","floor":13}],"player_experience":278495,"relics_obtained":[{"floor":6,"key":"Shovel"},{"floor":9,"key":"War Paint"},{"floor":10,"key":"Omamori"},{"floor":12,"key":"Bottled Lightning"},{"floor":13,"key":"MawBank"}],"event_choices":[{"cards_removed":["Strike_G"],"damage_healed":0,"gold_gain":0,"player_choice":"Card Removal","damage_taken":7,"max_hp_gain":0,"max_hp_loss":0,"event_name":"Golden Wing","floor":2,"gold_loss":0},{"damage_healed":0,"gold_gain":0,"player_choice":"Upgraded","damage_taken":0,"max_hp_gain":0,"max_hp_loss":0,"event_name":"Upgrade Shrine","floor":14,"gold_loss":0,"cards_upgraded":["Distraction"]}],"is_beta":false,"boss_relics":[],"items_purged_floors":[],"is_endless":false,"potions_floor_spawned":[4,5,11,13],"killed_by":"The Guardian","ascension_level":20}