{"gold_per_floor":[110,110,185,200,212,212,240,240,240,240,162,162,237,0,0,96,96,111,122,27,27,27,54,54,54,54,64,64,80,105,105,105,203,203,220,239,253,113,113,113,129,129,129,17,33,46,63,139,139,139],"floor_reached":51,"playtime":1471,"items_purged":[],"score":708,"play_id":"52c776dc-83b6-4168-8687-c0a1cc630130","local_time":"20181223214406","is_ascension_mode":false,"campfire_choices":[{"data":"Zap","floor":6.0,"key":"SMITH"},{"data":"Glacier","floor":12.0,"key":"SMITH"},{"data":"Defragment","floor":15.0,"key":"SMITH"},{"data":"Echo Form","floor":24.0,"key":"SMITH"},{"floor":32.0,"key":"REST"},{"floor":42.0,"key":"DIG"},{"floor":49,"key":"REST"}],"neow_cost":"NONE","seed_source_timestamp":2154210478516691,"circlet_count":0,"master_deck":["Strike_B","Strike_B","Defend_B+1","Defend_B","Defend_B+1","Defend_B","Zap+1","Dualcast+1","Glacier+1","Electrodynamics+1","Auto Shields","Defragment+1","Echo Form+1","Ball Lightning","Capacitor","Go for the Eyes+1","Hologram+1","Capacitor+1","Defragment+1","Biased Cognition+1","Fusion+1","Defragment+1","Chill+1","Conserve Battery","Barrage+1"],"special_seed":0,"relics":["Cracked Core","Nunchaku","Girya","Membership Card","Empty Cage","Happy Flower","Shovel","Frozen Egg 2","PreservedInsect","Nuclear Battery","DollysMirror","War Paint","Lantern","Lee\u0027s Waffle"],"potions_floor_usage":[50,50,50],"damage_taken":[{"damage":0.0,"enemies":"Small Slimes","floor":1.0,"turns":3.0},{"damage":0.0,"enemies":"Cultist","floor":4.0,"turns":3.0},{"damage":0.0,"enemies":"2 Louse","floor":5.0,"turns":2.0},{"damage":14.0,"enemies":"Lagavulin","floor":7.0,"turns":9.0},{"damage":15.0,"enemies":"Slime Boss","floor":16.0,"turns":12.0},{"damage":0.0,"enemies":"3 Byrds","floor":18.0,"turns":2.0},{"damage":10.0,"enemies":"Chosen","floor":19.0,"turns":4.0},{"damage":4.0,"enemies":"Colosseum Slavers","floor":21.0,"turns":4.0},{"damage":3.0,"enemies":"Gremlin Leader","floor":23.0,"turns":6.0},{"damage":7.0,"enemies":"Snake Plant","floor":27.0,"turns":4.0},{"damage":3.0,"enemies":"Shelled Parasite and Fungi","floor":29.0,"turns":5.0},{"damage":37.0,"enemies":"Book of Stabbing","floor":30.0,"turns":7.0},{"damage":10.0,"enemies":"Champ","floor":33.0,"turns":14.0},{"damage":0.0,"enemies":"3 Shapes","floor":35.0,"turns":1.0},{"damage":1.0,"enemies":"Orb Walker","floor":36.0,"turns":2.0},{"damage":0.0,"enemies":"3 Darklings","floor":37.0,"turns":5.0},{"damage":9.0,"enemies":"Sphere and 2 Shapes","floor":41.0,"turns":5.0},{"damage":23.0,"enemies":"Spire Growth","floor":45.0,"turns":6.0},{"damage":10.0,"enemies":"4 Shapes","floor":46.0,"turns":4.0},{"damage":0.0,"enemies":"3 Darklings","floor":47.0,"turns":3.0},{"damage":32,"enemies":"Time Eater","floor":50,"turns":13}],"seed_played":"1611853911803554003","potions_obtained":[{"floor":1.0,"key":"Ancient Potion"},{"floor":7.0,"key":"Dexterity Potion"},{"floor":16.0,"key":"Dexterity Potion"},{"floor":29.0,"key":"AttackPotion"},{"floor":33.0,"key":"EssenceOfSteel"},{"floor":35.0,"key":"Swift Potion"},{"floor":36.0,"key":"EssenceOfSteel"},{"floor":41.0,"key":"Strength Potion"}],"is_trial":false,"path_per_floor":["M","$","?","M","M","R","E","$","T","?","$","R","?","$","R","B",null,"M","M","$","?","?","E","R","?","T","M","$","M","E","?","R","B",null,"M","M","M","$","$","?","M","R","T","$","M","M","M","T","R","B",null],"character_chosen":"DEFECT","items_purchased":["Auto Shields","Membership Card","Defragment","Capacitor","Happy Flower","DollysMirror","Chill","Lee\u0027s Waffle","Conserve Battery"],"campfire_rested":2,"item_purchase_floors":[11,14,14,20,20,38,38,44,44],"current_hp_per_floor":[75,75,68,68,68,68,54,54,54,54,54,54,43,43,43,28,75,75,65,65,61,61,58,58,58,58,51,51,48,11,11,33,23,75,75,74,74,74,74,74,65,65,65,82,59,49,49,49,73,41],"gold":139,"neow_bonus":"UPGRADE_CARD","is_prod":false,"is_daily":false,"chose_seed":false,"campfire_upgraded":4,"win_rate":0,"timestamp":1545601446,"path_taken":["M","$","?","?","M","R","E","$","T","?","?","R","?","?","R","BOSS","M","M","$","?","?","E","R","?","T","M","$","?","E","?","R","BOSS","M","M","?","?","$","?","?","R","T","$","M","M","M","?","R","BOSS"],"build_version":"2018-12-20","purchased_purges":0,"victory":true,"max_hp_per_floor":[75,75,75,75,75,75,75,75,75,75,75,75,75,75,75,75,75,75,75,75,75,75,75,75,75,75,75,75,75,75,75,75,75,75,75,75,75,75,75,75,75,75,75,82,82,82,82,82,82,82],"card_choices":[{"not_picked":["Recycle","Sweeping Beam","Compile Driver"],"picked":"SKIP","floor":1.0},{"not_picked":["Coolheaded","Redo"],"picked":"Glacier","floor":4.0},{"not_picked":["Hello World","Heatsinks","Storm"],"picked":"SKIP","floor":5.0},{"not_picked":["Double Energy","Ball Lightning"],"picked":"Electrodynamics","floor":7.0},{"not_picked":["Hyperbeam","Multi-Cast"],"picked":"Echo Form","floor":16.0},{"not_picked":["Leap","Cold Snap","Force Field"],"picked":"SKIP","floor":18.0},{"not_picked":["Barrage+1","Cold Snap"],"picked":"Ball Lightning","floor":19.0},{"not_picked":["Double Energy","Cold Snap"],"picked":"Go for the Eyes+1","floor":23.0},{"not_picked":["Rebound+1","All For One"],"picked":"Hologram+1","floor":27.0},{"not_picked":["Steam","Sweeping Beam","Rebound"],"picked":"SKIP","floor":29.0},{"not_picked":["Stack","Beam Cell+1"],"picked":"Capacitor+1","floor":30.0},{"not_picked":["Amplify","Machine Learning+1"],"picked":"Biased Cognition+1","floor":33.0},{"not_picked":["Beam Cell+1","Rip and Tear+1"],"picked":"Fusion+1","floor":35.0},{"not_picked":["Stack","Go for the Eyes+1","Fusion"],"picked":"SKIP","floor":36.0},{"not_picked":["Compile Driver+1","Rebound+1","Sweeping Beam+1"],"picked":"SKIP","floor":37.0},{"not_picked":["Chaos","Turbo+1","Beam Cell+1"],"picked":"SKIP","floor":41.0},{"not_picked":["Genetic Algorithm+1","Force Field","Beam Cell+1"],"picked":"SKIP","floor":45.0},{"not_picked":["Heatsinks+1","Turbo","Hologram+1"],"picked":"SKIP","floor":46.0},{"not_picked":["Core Surge","Streamline+1"],"picked":"Barrage+1","floor":47.0}],"player_experience":909798,"relics_obtained":[{"floor":7.0,"key":"Nunchaku"},{"floor":9.0,"key":"Girya"},{"floor":23.0,"key":"Shovel"},{"floor":26.0,"key":"Frozen Egg 2"},{"floor":30.0,"key":"PreservedInsect"},{"floor":42.0,"key":"War Paint"},{"floor":43.0,"key":"Lantern"}],"event_choices":[{"damage_healed":0.0,"max_hp_gain":0.0,"max_hp_loss":0.0,"gold_gain":75.0,"event_name":"FaceTrader","player_choice":"Touch","floor":3.0,"gold_loss":0.0,"damage_taken":7.0},{"damage_healed":0.0,"max_hp_gain":0.0,"max_hp_loss":0.0,"gold_gain":0.0,"event_name":"Upgrade Shrine","player_choice":"Upgraded","floor":10.0,"gold_loss":0.0,"damage_taken":0.0,"cards_upgraded":["Electrodynamics"]},{"damage_healed":0.0,"max_hp_gain":0.0,"max_hp_loss":0.0,"gold_gain":75.0,"event_name":"World of Goop","player_choice":"Gather Gold","floor":13.0,"gold_loss":0.0,"damage_taken":11.0},{"damage_healed":0.0,"max_hp_gain":0.0,"max_hp_loss":0.0,"gold_gain":0.0,"event_name":"Colosseum","player_choice":"Fight","floor":21.0,"gold_loss":0.0,"damage_taken":0.0},{"damage_healed":0.0,"max_hp_gain":0.0,"max_hp_loss":0.0,"gold_gain":0.0,"event_name":"Colosseum","player_choice":"Fled From Nobs","floor":21.0,"gold_loss":0.0,"damage_taken":0.0},{"damage_healed":0.0,"max_hp_gain":0.0,"max_hp_loss":0.0,"gold_gain":0.0,"event_name":"Ghosts","player_choice":"Ignored","floor":25.0,"gold_loss":0.0,"damage_taken":0.0},{"damage_healed":0.0,"max_hp_gain":0.0,"max_hp_loss":0.0,"gold_gain":0.0,"event_name":"Duplicator","player_choice":"Copied","floor":31.0,"gold_loss":0.0,"damage_taken":0.0,"cards_obtained":["Defragment"]},{"damage_healed":0.0,"max_hp_gain":0.0,"max_hp_loss":0.0,"gold_gain":0.0,"event_name":"Accursed Blacksmith","player_choice":"Forge","floor":40.0,"gold_loss":0.0,"damage_taken":0.0,"cards_upgraded":["Chill"]}],"is_beta":false,"boss_relics":[{"not_picked":["Fusion Hammer","Busted Crown"],"picked":"Empty Cage"},{"not_picked":["Black Star","Astrolabe"],"picked":"Nuclear Battery"}],"items_purged_floors":[],"is_endless":false,"potions_floor_spawned":[1,7,16,21,27,29,33,35,36,41,47],"ascension_level":0}