{"gold_per_floor":[218,230,248,266,25,58,58,69,121,149,149,159,159,169,169,272,272,290,309,309,309,19,19,32,32,59,59,35,35,49,63,63,163,163,180,180,195,195,195,195,206,206,206,206,221,23,0,20,20,20],"floor_reached":51,"playtime":6760,"items_purged":[],"score":850,"play_id":"37fe3748-ca1e-434e-8443-e95eb2e19916","local_time":"20180906210311","is_ascension_mode":true,"campfire_choices":[{"data":"Footwork","floor":7,"key":"SMITH"},{"data":"Footwork","floor":11,"key":"SMITH"},{"data":"Deadly Poison","floor":13,"key":"SMITH"},{"data":"Deadly Poison","floor":15,"key":"SMITH"},{"floor":23,"key":"REST"},{"floor":29,"key":"REST"},{"floor":32,"key":"REST"},{"data":"Malaise","floor":42,"key":"SMITH"},{"data":"Neutralize","floor":44,"key":"SMITH"},{"floor":49,"key":"REST"}],"neow_cost":"NONE","seed_source_timestamp":598914322512759,"circlet_count":0,"master_deck":["Defend_G","Defend_G","Defend_G+1","Defend_G","Defend_G","Strike_G","Strike_G","Strike_G","Strike_G","Survivor+1","Neutralize+1","Sucker Punch","Crippling Poison","Footwork+1","Dash","Footwork+1","Flying Knee","PiercingWail","Deadly Poison+1","Deadly Poison+1","Bane","Night Terror+1","Deflect+1","Dodge and Roll","Finesse","Setup","Backflip","Backflip","Noxious Fumes","Malaise+1","Finesse","Backflip+1","Blade Dance"],"relics":["Ring of the Serpent","Bronze Scales","Boot","War Paint","Odd Mushroom","Lantern","Juzu Bracelet","Busted Crown","Bottled Lightning","Oddly Smooth Stone","Red Mask"],"potions_floor_usage":[6,6,35,37,40,50],"damage_taken":[{"damage":3,"enemies":"Jaw Worm","floor":1,"turns":7},{"damage":4,"enemies":"Small Slimes","floor":2,"turns":4},{"damage":2,"enemies":"2 Louse","floor":3,"turns":3},{"damage":9,"enemies":"Gremlin Gang","floor":4,"turns":5},{"damage":0,"enemies":"Lagavulin","floor":6,"turns":8},{"damage":11,"enemies":"3 Louse","floor":8,"turns":4},{"damage":0,"enemies":"The Mushroom Lair","floor":10,"turns":5},{"damage":0,"enemies":"Large Slime","floor":12,"turns":5},{"damage":0,"enemies":"2 Fungi Beasts","floor":14,"turns":3},{"damage":13,"enemies":"Hexaghost","floor":16,"turns":9},{"damage":21,"enemies":"2 Thieves","floor":18,"turns":5},{"damage":4,"enemies":"Shell Parasite","floor":19,"turns":6},{"damage":5,"enemies":"Shelled Parasite and Fungi","floor":24,"turns":5},{"damage":9,"enemies":"Snake Plant","floor":30,"turns":5},{"damage":0,"enemies":"Cultist and Chosen","floor":31,"turns":8},{"damage":16,"enemies":"Champ","floor":33,"turns":17},{"damage":0,"enemies":"3 Shapes","floor":35,"turns":5},{"damage":0,"enemies":"Orb Walker","floor":37,"turns":4},{"damage":0,"enemies":"2 Orb Walkers","floor":40,"turns":1},{"damage":10,"enemies":"Sphere and 2 Shapes","floor":41,"turns":6},{"damage":7,"enemies":"Spire Growth","floor":45,"turns":9},{"damage":9,"enemies":"4 Shapes","floor":48,"turns":5},{"damage":15,"enemies":"Time Eater","floor":50,"turns":20}],"seed_played":"8946367014258385182","potions_obtained":[{"floor":3,"key":"SkillPotion"},{"floor":4,"key":"Poison Potion"},{"floor":12,"key":"Fire Potion"},{"floor":16,"key":"SmokeBomb"},{"floor":24,"key":"Weak Potion"},{"floor":33,"key":"Fire Potion"},{"floor":37,"key":"Strength Potion"},{"floor":41,"key":"FairyPotion"},{"floor":45,"key":"FearPotion"}],"is_trial":false,"path_per_floor":["M","M","M","M","$","E","R","M","T","?","R","M","R","M","R","B",null,"M","M","?","?","$","R","M","?","T","?","$","R","M","M","R","B",null,"M","?","M","?","?","E","M","R","T","R","M","$","?","M","R","B"],"character_chosen":"THE_SILENT","items_purchased":["Footwork","Bronze Scales","Flying Knee","Lantern","Finesse","Setup","Backflip","Oddly Smooth Stone","Weak Potion"],"campfire_rested":4,"item_purchase_floors":[5,5,5,22,22,22,28,46,46],"current_hp_per_floor":[60,56,54,45,45,45,45,34,34,34,34,34,34,34,34,21,58,37,33,20,20,20,42,37,37,37,37,37,59,50,50,72,56,70,70,70,70,70,70,70,60,60,60,60,53,53,53,44,66,51],"gold":20,"neow_bonus":"HUNDRED_GOLD","is_prod":false,"is_daily":false,"chose_seed":false,"campfire_upgraded":6,"win_rate":0,"timestamp":1536282191,"path_taken":["M","M","M","M","$","E","R","M","T","?","R","M","R","M","R","BOSS","M","M","?","?","$","R","M","?","T","?","$","R","M","M","R","BOSS","M","?","M","?","?","E","M","R","T","R","M","$","?","M","R","BOSS"],"build_version":"2018-09-06","purchased_purges":0,"victory":true,"max_hp_per_floor":[70,70,70,70,70,70,70,70,70,70,70,70,70,70,70,70,70,70,70,75,75,75,75,75,75,75,75,75,75,75,75,75,75,75,75,75,75,75,75,75,75,75,75,75,75,75,75,75,75,75],"card_choices":[{"not_picked":["Dagger Throw","Infinite Blades"],"picked":"Sucker Punch","floor":1},{"not_picked":["Underhanded Strike","Choke"],"picked":"Crippling Poison","floor":2},{"not_picked":["Backflip","Quick Slash"],"picked":"Footwork","floor":3},{"not_picked":["Endless Agony","Dodge and Roll"],"picked":"Dash","floor":4},{"not_picked":["Terror","Endless Agony"],"picked":"PiercingWail","floor":6},{"not_picked":["Sucker Punch","Masterful Stab"],"picked":"Deadly Poison","floor":8},{"not_picked":["Reflex","Dagger Throw"],"picked":"Deadly Poison","floor":10},{"not_picked":["Dagger Throw","Quick Slash"],"picked":"Bane","floor":12},{"not_picked":["Setup","Outmaneuver","Crippling Poison"],"picked":"SKIP","floor":14},{"not_picked":["Wraith Form v2","Die Die Die"],"picked":"Night Terror","floor":16},{"not_picked":["Distraction","Setup"],"picked":"Deflect+1","floor":18},{"not_picked":["Dagger Spray","Poisoned Stab"],"picked":"Dodge and Roll","floor":19},{"not_picked":["Flying Knee","Blade Dance","Riddle With Holes"],"picked":"SKIP","floor":24},{"not_picked":["Accuracy","Prepared"],"picked":"Backflip","floor":30},{"not_picked":["Dagger Spray","PiercingWail+1"],"picked":"Noxious Fumes","floor":31},{"not_picked":["Burst","Tools of the Trade"],"picked":"Malaise","floor":33},{"not_picked":["Dagger Throw+1"],"picked":"SKIP","floor":35},{"not_picked":[],"picked":"Finesse","floor":36},{"not_picked":[],"picked":"Backflip+1","floor":37},{"not_picked":["Dagger Throw+1"],"picked":"SKIP","floor":41},{"not_picked":["Dagger Throw+1"],"picked":"SKIP","floor":41},{"not_picked":["Bane"],"picked":"SKIP","floor":45},{"not_picked":["Phantasmal Killer"],"picked":"SKIP","floor":48}],"player_experience":2657487,"relics_obtained":[{"floor":6,"key":"Boot"},{"floor":9,"key":"War Paint"},{"floor":10,"key":"Odd Mushroom"},{"floor":26,"key":"Juzu Bracelet"},{"floor":43,"key":"Bottled Lightning"}],"event_choices":[{"event_name":"Mushrooms","player_choice":"Fought Mushrooms","floor":10,"damage_taken":0},{"event_name":"Forgotten Altar","player_choice":"Shed Blood","floor":20,"damage_taken":0},{"event_name":"Beggar","player_choice":"Ignored","floor":21,"damage_taken":0},{"event_name":"The Mausoleum","player_choice":"No","floor":25,"damage_taken":0},{"event_name":"Upgrade Shrine","player_choice":"Upgraded","floor":27,"damage_taken":0},{"event_name":"SensoryStone","player_choice":"Memory 1","floor":36,"damage_taken":0},{"event_name":"Transmorgrifier","player_choice":"Transform","floor":38,"damage_taken":0},{"event_name":"Mysterious Sphere","player_choice":"Ignore","floor":39,"damage_taken":0},{"event_name":"Tomb of Lord Red Mask","player_choice":"Paid","floor":47,"damage_taken":0}],"is_beta":false,"boss_relics":[{"not_picked":["Eternal Feather","Coffee Dripper"],"picked":"Ring of the Serpent"},{"not_picked":["Orrery","Astrolabe"],"picked":"Busted Crown"}],"items_purged_floors":[],"is_endless":false,"potions_floor_spawned":[3,4,12,16,24,33,37,41,45],"ascension_level":6}