{"gold_per_floor":[109,109,32,32,48,78,96,96,96,115,132,147,166,166,166,244,244,263,263,27,46,46,46,57,57],"floor_reached":25,"playtime":1553,"items_purged":["Strike_G"],"score":437,"play_id":"873b2a1e-cf27-4028-bcd2-0465a5ea83f3","local_time":"20181219215013","is_ascension_mode":true,"campfire_choices":[{"data":"Noxious Fumes","floor":8,"key":"SMITH"},{"data":"Catalyst","floor":15,"key":"SMITH"},{"data":"Blur","floor":23,"key":"SMITH"}],"neow_cost":"NONE","seed_source_timestamp":213798385045183,"circlet_count":0,"master_deck":["AscendersBane","Defend_G","Defend_G","Defend_G","Defend_G","Defend_G","Strike_G","Strike_G","Strike_G","Strike_G","Survivor","Neutralize","Noxious Fumes+1","Blur+1","Blur","Dagger Spray","Deadly Poison","Crippling Poison","Blur","Dodge and Roll","Acrobatics","Tactician","Catalyst+1","Acrobatics","Tools of the Trade","Deflect+1","PiercingWail","Noxious Fumes"],"relics":["Ring of the Snake","NeowsBlessing","Prayer Wheel","CultistMask","Question Card","Ginger","Coffee Dripper","PreservedInsect"],"potions_floor_usage":[21],"damage_taken":[{"damage":0,"enemies":"2 Louse","floor":1,"turns":1},{"damage":0,"enemies":"Small Slimes","floor":5,"turns":1},{"damage":0,"enemies":"3 Sentries","floor":6,"turns":2},{"damage":2,"enemies":"Cultist","floor":7,"turns":5},{"damage":0,"enemies":"Looter","floor":10,"turns":4},{"damage":2,"enemies":"Exordium Thugs","floor":11,"turns":5},{"damage":10,"enemies":"Blue Slaver","floor":12,"turns":6},{"damage":0,"enemies":"2 Fungi Beasts","floor":13,"turns":3},{"damage":26,"enemies":"The Guardian","floor":16,"turns":8},{"damage":10,"enemies":"Shell Parasite","floor":18,"turns":7},{"damage":0,"enemies":"3 Byrds","floor":21,"turns":6},{"damage":13,"enemies":"Colosseum Slavers","floor":22,"turns":5},{"damage":8,"enemies":"Snecko","floor":24,"turns":8},{"damage":22,"enemies":"Cultist and Chosen","floor":25,"turns":4}],"seed_played":"7114054516186745245","potions_obtained":[{"floor":6,"key":"SteroidPotion"},{"floor":10,"key":"Strength Potion"},{"floor":11,"key":"Dexterity Potion"},{"floor":12,"key":"PowerPotion"},{"floor":21,"key":"FearPotion"},{"floor":24,"key":"Weak Potion"}],"is_trial":false,"path_per_floor":["M","?","$","?","M","E","M","R","T","M","M","M","M","?","R","B",null,"M","?","$","M","?","R","M","M"],"character_chosen":"THE_SILENT","items_purchased":["Noxious Fumes","PreservedInsect"],"campfire_rested":0,"item_purchase_floors":[3,20],"current_hp_per_floor":[59,54,54,54,54,54,52,52,52,52,50,40,40,40,40,14,53,43,43,43,43,30,30,22,0],"gold":57,"neow_bonus":"THREE_ENEMY_KILL","is_prod":false,"is_daily":false,"chose_seed":false,"campfire_upgraded":3,"win_rate":0,"timestamp":1545285013,"path_taken":["M","?","$","?","?","E","M","R","T","M","M","M","M","?","R","BOSS","M","?","$","M","?","R","M","M"],"build_version":"2018-12-13","purchased_purges":1,"victory":false,"max_hp_per_floor":[66,66,66,66,66,66,66,66,66,66,66,66,66,66,66,66,66,66,66,66,66,66,66,66,66],"card_choices":[{"not_picked":["Acrobatics","Poisoned Stab","Underhanded Strike"],"picked":"SKIP","floor":1},{"not_picked":["PiercingWail","Slice"],"picked":"Blur","floor":5},{"not_picked":["Blade Dance","Endless Agony"],"picked":"Blur","floor":5},{"not_picked":["A Thousand Cuts","Concentrate"],"picked":"Dagger Spray","floor":6},{"not_picked":["Outmaneuver","All Out Attack","Slice"],"picked":"Deadly Poison","floor":7},{"not_picked":["Calculated Gamble","Backflip","Tactician"],"picked":"Crippling Poison","floor":7},{"not_picked":["Distraction","PiercingWail","Well Laid Plans"],"picked":"Blur","floor":10},{"not_picked":["Slice","Sucker Punch","Caltrops","Tactician"],"picked":"SKIP","floor":10},{"not_picked":["Unload","Predator","Outmaneuver"],"picked":"Dodge and Roll","floor":11},{"not_picked":["Eviscerate","Dagger Spray","Poisoned Stab","Slice"],"picked":"SKIP","floor":11},{"not_picked":["Poisoned Stab","Endless Agony","Outmaneuver"],"picked":"Acrobatics","floor":12},{"not_picked":["Flying Knee","Dagger Spray","Blade Dance"],"picked":"Tactician","floor":12},{"not_picked":["Infinite Blades","Backflip","Dagger Throw"],"picked":"Catalyst","floor":13},{"not_picked":["Bane","Sucker Punch","Dagger Throw"],"picked":"Acrobatics","floor":13},{"not_picked":["Glass Knife","Venomology","Night Terror"],"picked":"Tools of the Trade","floor":16},{"not_picked":["Prepared+1","Backflip","Noxious Fumes"],"picked":"Deflect+1","floor":18},{"not_picked":["Dodge and Roll","Leg Sweep","Underhanded Strike"],"picked":"PiercingWail","floor":18},{"not_picked":["Dodge and Roll","Outmaneuver","Blade Dance","Distraction"],"picked":"SKIP","floor":21},{"not_picked":["Venomology","Slice","Blade Dance+1","Cloak And Dagger"],"picked":"SKIP","floor":21},{"not_picked":["Acrobatics","Predator","Bane"],"picked":"Noxious Fumes","floor":24},{"not_picked":["Flying Knee","Deadly Poison","Reflex","Predator"],"picked":"SKIP","floor":24}],"player_experience":176098,"relics_obtained":[{"floor":6,"key":"Question Card"},{"floor":9,"key":"Ginger"}],"event_choices":[{"damage_healed":0,"gold_gain":0,"player_choice":"Success","damage_taken":5,"relics_obtained":["Prayer Wheel"],"max_hp_gain":0,"max_hp_loss":0,"event_name":"Scrap Ooze","floor":2,"gold_loss":0},{"damage_healed":0,"gold_gain":0,"player_choice":"Trade","damage_taken":0,"relics_obtained":["CultistMask"],"max_hp_gain":0,"max_hp_loss":0,"event_name":"FaceTrader","floor":4,"gold_loss":0},{"damage_healed":0,"gold_gain":0,"player_choice":"0 cards matched","damage_taken":0,"max_hp_gain":0,"max_hp_loss":0,"event_name":"Match and Keep!","floor":14,"gold_loss":0,"cards_obtained":[]},{"damage_healed":0,"gold_gain":0,"player_choice":"Ignored","damage_taken":0,"max_hp_gain":0,"max_hp_loss":0,"event_name":"Cursed Tome","floor":19,"gold_loss":0},{"damage_healed":0,"gold_gain":0,"player_choice":"Fight","damage_taken":0,"max_hp_gain":0,"max_hp_loss":0,"event_name":"Colosseum","floor":22,"gold_loss":0},{"damage_healed":0,"gold_gain":0,"player_choice":"Fled From Nobs","damage_taken":0,"max_hp_gain":0,"max_hp_loss":0,"event_name":"Colosseum","floor":22,"gold_loss":0}],"is_beta":false,"boss_relics":[{"not_picked":["Philosopher\u0027s Stone","WristBlade"],"picked":"Coffee Dripper"}],"items_purged_floors":[20],"is_endless":false,"potions_floor_spawned":[6,10,11,12,13,18,21,24],"killed_by":"Cultist and Chosen","ascension_level":18}