{"gold_per_floor":[112,37,49,49,98,98,130,130,156,188,200,242,266,288,300,415,427,458,482,511,534,563,575,615,638,650,662,702,714,181,181,181,280,580,594,594],"floor_reached":36,"playtime":2685,"items_purged":["Strike_G","Defend_G"],"score":464,"play_id":"9c971fb7-a240-4ad0-92e1-70a65d360286","local_time":"20190103225339","is_ascension_mode":false,"campfire_choices":[{"data":"Quick Slash","floor":6.0,"key":"SMITH"},{"data":"Distraction","floor":8.0,"key":"SMITH"},{"data":"Survivor","floor":11.0,"key":"SMITH"},{"floor":15.0,"key":"REST"},{"data":"Glass Knife","floor":23.0,"key":"SMITH"},{"floor":27.0,"key":"REST"},{"floor":29.0,"key":"REST"},{"floor":32.0,"key":"REST"}],"neow_cost":"NONE","seed_source_timestamp":93670154192158,"circlet_count":0,"master_deck":["Defend_G+1","Defend_G+1","Defend_G+1","Defend_G+1","Strike_G+1","Survivor+1","Neutralize+1","Distraction+1","Quick Slash+1","Venomology","Terror","Flying Knee","Infinite Blades","Doppelganger","Glass Knife+1","Slice","Deflect+1","Quick Slash+1","Dagger Throw+1","Envenom","Backflip","Escape Plan+1","Glass Knife+1","Venomology","Normality","Decay","Regret","PiercingWail+1"],"special_seed":0,"relics":["Ring of the Snake","Whetstone","Question Card","MawBank","Bag of Preparation","Empty Cage","Oddly Smooth Stone","Darkstone Periapt","Happy Flower","Kunai","DollysMirror","Calling Bell","Vajra","Toxic Egg 2","Old Coin"],"potions_floor_usage":[35,35,36],"damage_taken":[{"damage":0.0,"enemies":"Cultist","floor":1.0,"turns":4.0},{"damage":3.0,"enemies":"Jaw Worm","floor":3.0,"turns":6.0},{"damage":15.0,"enemies":"Lagavulin","floor":7.0,"turns":7.0},{"damage":0.0,"enemies":"Small Slimes","floor":10.0,"turns":3.0},{"damage":20.0,"enemies":"3 Sentries","floor":12.0,"turns":10.0},{"damage":0.0,"enemies":"Exordium Wildlife","floor":13.0,"turns":2.0},{"damage":0.0,"enemies":"3 Louse","floor":14.0,"turns":4.0},{"damage":34.0,"enemies":"Slime Boss","floor":16.0,"turns":16.0},{"damage":10.0,"enemies":"3 Byrds","floor":18.0,"turns":6.0},{"damage":5.0,"enemies":"Chosen","floor":19.0,"turns":4.0},{"damage":11.0,"enemies":"Snake Plant","floor":20.0,"turns":5.0},{"damage":5.0,"enemies":"Centurion and Healer","floor":21.0,"turns":7.0},{"damage":2.0,"enemies":"Snecko","floor":22.0,"turns":4.0},{"damage":6.0,"enemies":"Book of Stabbing","floor":24.0,"turns":5.0},{"damage":12.0,"enemies":"Sentry and Sphere","floor":25.0,"turns":8.0},{"damage":27.0,"enemies":"Gremlin Leader","floor":28.0,"turns":12.0},{"damage":4.0,"enemies":"Champ","floor":33.0,"turns":9.0},{"damage":17,"enemies":"3 Shapes","floor":35,"turns":7},{"damage":82,"enemies":"2 Orb Walkers","floor":36,"turns":4}],"seed_played":"5157240874419227479","potions_obtained":[{"floor":0.0,"key":"SmokeBomb"},{"floor":0.0,"key":"Fire Potion"},{"floor":0.0,"key":"SpeedPotion"},{"floor":1.0,"key":"Dexterity Potion"},{"floor":14.0,"key":"GhostInAJar"},{"floor":18.0,"key":"FearPotion"},{"floor":22.0,"key":"GhostInAJar"},{"floor":25.0,"key":"PowerPotion"},{"floor":28.0,"key":"LiquidBronze"}],"is_trial":false,"path_per_floor":["M","$","M","?","T","R","E","R","T","M","R","E","M","M","R","B",null,"M","M","M","M","M","R","E","M","T","R","E","R","$","?","R","B",null,"M","?"],"character_chosen":"THE_SILENT","items_purchased":["Kunai","DollysMirror"],"campfire_rested":4,"item_purchase_floors":[30,30],"current_hp_per_floor":[70,70,67,67,67,67,52,52,52,52,52,32,32,32,53,19,70,60,55,44,39,37,37,31,19,19,40,13,34,34,34,55,51,88,71,0],"gold":594,"neow_bonus":"THREE_SMALL_POTIONS","is_prod":false,"is_daily":false,"chose_seed":false,"campfire_upgraded":4,"win_rate":0.0,"timestamp":1546552419,"path_taken":["M","$","M","?","?","R","E","R","T","M","R","E","M","M","R","BOSS","M","?","?","M","M","R","E","M","T","R","E","R","$","?","R","BOSS","M","?"],"build_version":"2018-12-20","purchased_purges":2,"victory":false,"max_hp_per_floor":[70,70,70,70,70,70,70,70,70,70,70,70,70,70,70,70,70,70,70,70,70,70,70,70,70,70,70,70,70,70,70,70,70,88,88,88],"card_choices":[{"not_picked":["Deflect","Prepared"],"picked":"Distraction","floor":1.0},{"not_picked":["Dodge and Roll","Poisoned Stab"],"picked":"Quick Slash","floor":3.0},{"not_picked":["Blade Dance","Dagger Throw"],"picked":"Venomology","floor":7.0},{"not_picked":["PiercingWail","Dodge and Roll","Underhanded Strike"],"picked":"Terror","floor":10.0},{"not_picked":["Blur","All Out Attack","Eviscerate"],"picked":"Flying Knee","floor":12.0},{"not_picked":["Distraction","Deadly Poison","Acrobatics"],"picked":"Infinite Blades","floor":13.0},{"not_picked":["Quick Slash","PiercingWail","Flying Knee"],"picked":"Doppelganger","floor":14.0},{"not_picked":["Phantasmal Killer","Bullet Time","After Image"],"picked":"Glass Knife","floor":16.0},{"not_picked":["Infinite Blades","Calculated Gamble","Tactician"],"picked":"Slice","floor":18.0},{"not_picked":["Flying Knee","Slice+1","Dagger Throw"],"picked":"Deflect+1","floor":19.0},{"not_picked":["Backflip","Dodge and Roll","Prepared"],"picked":"Quick Slash+1","floor":20.0},{"not_picked":["Underhanded Strike","Outmaneuver","Quick Slash","Slice"],"picked":"SKIP","floor":21.0},{"not_picked":["Blade Dance","Prepared","Doppelganger"],"picked":"Dagger Throw+1","floor":22.0},{"not_picked":["Expertise","Well Laid Plans","Dodge and Roll"],"picked":"Envenom","floor":24.0},{"not_picked":["Dodge and Roll","Quick Slash","Riddle With Holes"],"picked":"Backflip","floor":25.0},{"not_picked":["Calculated Gamble","Slice","Choke"],"picked":"Escape Plan+1","floor":28.0},{"not_picked":["Night Terror","Doppelganger","A Thousand Cuts"],"picked":"Venomology","floor":33.0},{"not_picked":["Deadly Poison+1","Underhanded Strike","Dagger Throw+1"],"picked":"PiercingWail+1","floor":35}],"player_experience":2149,"relics_obtained":[{"floor":5.0,"key":"Whetstone"},{"floor":7.0,"key":"Question Card"},{"floor":9.0,"key":"MawBank"},{"floor":12.0,"key":"Bag of Preparation"},{"floor":24.0,"key":"Oddly Smooth Stone"},{"floor":26.0,"key":"Darkstone Periapt"},{"floor":28.0,"key":"Happy Flower"},{"floor":34.0,"key":"Vajra"},{"floor":34.0,"key":"Toxic Egg 2"},{"floor":34.0,"key":"Old Coin"}],"event_choices":[{"cards_removed":["Strike_G"],"damage_healed":0.0,"max_hp_gain":0.0,"max_hp_loss":0.0,"gold_gain":0.0,"event_name":"Living Wall","player_choice":"Forget","floor":4.0,"gold_loss":0.0,"damage_taken":0.0},{"damage_healed":0.0,"max_hp_gain":0.0,"max_hp_loss":0.0,"gold_gain":0.0,"event_name":"Back to Basics","player_choice":"Simplicity","floor":31.0,"gold_loss":0.0,"damage_taken":0.0,"cards_upgraded":["Defend_G","Defend_G","Defend_G","Defend_G"]},{"damage_healed":0,"gold_gain":0,"player_choice":"Fight","damage_taken":0,"max_hp_gain":0,"max_hp_loss":0,"event_name":"Mysterious Sphere","floor":36,"gold_loss":0}],"is_beta":false,"boss_relics":[{"not_picked":["Black Star","Runic Pyramid"],"picked":"Empty Cage"},{"not_picked":["White Beast Statue","Tiny House"],"picked":"Calling Bell"}],"items_purged_floors":[2,30],"is_endless":false,"potions_floor_spawned":[1,3,14,18,19,22,25,28],"killed_by":"2 Orb Walkers","ascension_level":0}