{"gold_per_floor":[144,189,234,279,324,324,414,459,459,504,594,639,639,684,684,984,984,1029,1074,1119,1164,1209,1209,1254,1299,1324,1369,1414,1459,1459,1534,1534,2134,2134,2179,2224,2269,2314,2359,2359,2449,2494,2519,2519,2609,2609,106,151,151,151],"floor_reached":51,"playtime":4849,"items_purged":[],"score":964,"play_id":"6daed7cd-15a9-4e51-9dd5-2d407fe39e74","local_time":"20180702132927","daily_mods":["Insanity","Midas","Vintage"],"is_ascension_mode":false,"campfire_choices":[{"floor":6,"key":"REST"},{"floor":13,"key":"REST"},{"floor":15,"key":"REST"},{"floor":23,"key":"REST"},{"floor":32,"key":"REST"},{"floor":40,"key":"REST"},{"floor":44,"key":"REST"},{"floor":49,"key":"REST"}],"neow_cost":"","seed_source_timestamp":3910659487405,"circlet_count":0,"master_deck":["Compile Driver+1","Barrage","Hologram","Electrodynamics","White Noise","Self Repair","Seek","Chaos","Creative AI","Rebound","Auto Shields","Tempest","Loop","Rainbow","Heatsinks","Rebound","Lockon+1","Go for the Eyes","Capacitor","Steam Power","Darkness","Double Energy","Leap","Doom and Gloom","Biased Cognition","Defend_B","Darkness","Rebound","Fission","Thunder Strike","Lockon","Force Field","Buffer","Barrage","Amplify","Coolheaded","Lockon","Biased Cognition","Thunder Strike","Sunder","Meteor Strike","Core Surge","Auto Shields","Rainbow","Streamline","Reinforced Body","Fusion","Tempest","Coolheaded","Seek","Gash+1","Go for the Eyes+1","Go for the Eyes+1","Chill","Hologram","Ball Lightning+1","Meteor Strike+1","Biased Cognition+1","Aggregate+1","Skim+1","Redo+1","Storm+1","Thunder Strike+1","Writhe","Swift Strike+1","Deep Breath","Swift Strike+1","Swift Strike+1","Dramatic Entrance+1","Dramatic Entrance+1","Apotheosis","Redo"],"special_seed":17714,"relics":["Cracked Core","Lantern","Anchor","Pear","The Courier","Strawberry","Sundial","Gremlin Horn","Mercury Hourglass","Molten Egg 2","Ornamental Fan","Whetstone","Potion Belt","Orichalcum","Orrery","Bottled Lightning","Centennial Puzzle","Bottled Flame","Peace Pipe","Oddly Smooth Stone","Bottled Tornado","Darkstone Periapt","Regal Pillow","Letter Opener","Bag of Marbles","Meat on the Bone","Tiny Chest","Old Coin","Astrolabe","Bronze Scales","Blood Vial","DataDisk","Kunai","Matryoshka","Dream Catcher","Happy Flower","Mummified Hand","Bag of Preparation","Art of War","Turnip","Omamori","Juzu Bracelet","Blue Candle","Pantograph","Frozen Egg 2","Toolbox","Cables","Boot","Ancient Tea Set"],"potions_floor_usage":[20,21,33,33,33,41,45,50],"damage_taken":[{"damage":9,"enemies":"Jaw Worm","floor":1,"turns":2},{"damage":10,"enemies":"Small Slimes","floor":2,"turns":5},{"damage":4,"enemies":"Cultist","floor":3,"turns":3},{"damage":0,"enemies":"2 Fungi Beasts","floor":4,"turns":2},{"damage":12,"enemies":"Exordium Thugs","floor":5,"turns":5},{"damage":16,"enemies":"3 Sentries","floor":7,"turns":3},{"damage":1,"enemies":"Large Slime","floor":8,"turns":4},{"damage":0,"enemies":"3 Louse","floor":10,"turns":2},{"damage":20,"enemies":"Gremlin Nob","floor":11,"turns":4},{"damage":0,"enemies":"Lots of Slimes","floor":12,"turns":2},{"damage":12,"enemies":"Exordium Thugs","floor":14,"turns":3},{"damage":0,"enemies":"Slime Boss","floor":16,"turns":5},{"damage":0,"enemies":"Spheric Guardian","floor":18,"turns":3},{"damage":10,"enemies":"2 Thieves","floor":19,"turns":2},{"damage":0,"enemies":"Snecko","floor":20,"turns":2},{"damage":0,"enemies":"Centurion and Healer","floor":21,"turns":3},{"damage":7,"enemies":"Chosen and Byrds","floor":22,"turns":4},{"damage":1,"enemies":"Snake Plant","floor":24,"turns":3},{"damage":0,"enemies":"Centurion and Healer","floor":25,"turns":4},{"damage":1,"enemies":"Snecko","floor":27,"turns":3},{"damage":7,"enemies":"Snake Plant","floor":28,"turns":4},{"damage":12,"enemies":"Centurion and Healer","floor":29,"turns":4},{"damage":0,"enemies":"Cultist and Chosen","floor":31,"turns":3},{"damage":30,"enemies":"Automaton","floor":33,"turns":7},{"damage":0,"enemies":"3 Darklings","floor":35,"turns":2},{"damage":1,"enemies":"Orb Walker","floor":36,"turns":3},{"damage":13,"enemies":"3 Darklings","floor":37,"turns":2},{"damage":0,"enemies":"Sphere and 2 Shapes","floor":38,"turns":2},{"damage":22,"enemies":"Maw","floor":39,"turns":7},{"damage":72,"enemies":"Nemesis","floor":41,"turns":7},{"damage":19,"enemies":"3 Darklings","floor":42,"turns":3},{"damage":25,"enemies":"Giant Head","floor":45,"turns":6},{"damage":5,"enemies":"Sphere and 2 Shapes","floor":48,"turns":1},{"damage":0,"enemies":"Awakened One","floor":50,"turns":3}],"seed_played":"9042137749875392319","potions_obtained":[{"floor":2,"key":"Explosive Potion"},{"floor":4,"key":"SpeedPotion"},{"floor":7,"key":"Ancient Potion"},{"floor":11,"key":"Fire Potion"},{"floor":14,"key":"Swift Potion"},{"floor":16,"key":"FocusPotion"},{"floor":20,"key":"EntropicBrew"},{"floor":21,"key":"SteroidPotion"},{"floor":31,"key":"FocusPotion"},{"floor":35,"key":"SpeedPotion"},{"floor":39,"key":"Regen Potion"},{"floor":42,"key":"Fire Potion"},{"floor":45,"key":"Dexterity Potion"}],"is_trial":false,"path_per_floor":["M","M","M","M","M","R","E","M","T","M","E","M","R","M","R","B",null,"M","M","M","M","M","R","M","M","T","M","M","M","?","M","R","B",null,"M","M","M","M","M","R","E","M","T","R","E","?","$","M","R","B"],"character_chosen":"DEFECT","items_purchased":["Turnip","Omamori","Juzu Bracelet","Blue Candle","Pantograph","Frozen Egg 2","Swift Strike+1","Deep Breath","Swift Strike+1","Swift Strike+1","Dramatic Entrance+1","Dramatic Entrance+1","Apotheosis","Toolbox","Cables","Boot"],"campfire_rested":8,"item_purchase_floors":[47,47,47,47,47,47,47,47,47,47,47,47,47,47,47,47],"current_hp_per_floor":[66,56,62,62,57,84,68,74,74,74,61,61,88,76,92,92,92,92,82,82,82,75,92,91,91,91,90,83,71,71,71,92,62,92,92,91,79,81,68,92,48,43,43,85,69,98,98,93,98,98],"gold":151,"neow_bonus":"","is_prod":false,"is_daily":true,"chose_seed":false,"campfire_upgraded":0,"win_rate":0,"timestamp":1530552567,"path_taken":["M","M","M","M","M","R","E","M","T","M","E","M","R","M","R","BOSS","M","M","M","M","M","R","M","M","T","M","M","M","?","M","R","BOSS","M","M","M","M","M","R","E","M","T","R","E","?","$","M","R","BOSS"],"build_version":"2018-06-28","purchased_purges":0,"victory":true,"max_hp_per_floor":[75,75,85,85,92,92,92,92,92,92,92,92,92,92,92,92,92,92,92,92,92,92,92,92,92,92,92,92,92,92,92,92,92,92,92,92,92,92,92,92,92,92,92,92,92,98,98,98,98,98],"card_choices":[{"not_picked":["Leap","Scrape"],"picked":"Tempest","floor":7},{"not_picked":["Stack","All For One+1"],"picked":"Coolheaded","floor":11},{"not_picked":["Thunder Strike+1","Rainbow"],"picked":"Seek","floor":16},{"not_picked":["Leap","BootSequence"],"picked":"Gash+1","floor":17},{"not_picked":["Auto Shields","Chill"],"picked":"Go for the Eyes+1","floor":17},{"not_picked":["Turbo","Conserve Battery"],"picked":"Go for the Eyes+1","floor":17},{"not_picked":["Sweeping Beam+1","Reinforced Body"],"picked":"Chill","floor":17},{"not_picked":["Streamline+1","Stack"],"picked":"Hologram","floor":17},{"not_picked":["Hyperbeam+1","Core Surge+1"],"picked":"Meteor Strike+1","floor":33},{"not_picked":["Fission","Hologram"],"picked":"Redo+1","floor":41},{"not_picked":["Cold Snap+1","Coolheaded"],"picked":"Storm+1","floor":44},{"not_picked":["Steam+1","Compile Driver+1"],"picked":"Thunder Strike+1","floor":45},{"not_picked":["Doom and Gloom+1","Cold Snap+1"],"picked":"Redo","floor":49}],"player_experience":183254,"relics_obtained":[{"floor":1,"key":"Lantern"},{"floor":2,"key":"Anchor"},{"floor":3,"key":"Pear"},{"floor":4,"key":"The Courier"},{"floor":5,"key":"Strawberry"},{"floor":7,"key":"Sundial"},{"floor":8,"key":"Gremlin Horn"},{"floor":9,"key":"Mercury Hourglass"},{"floor":10,"key":"Molten Egg 2"},{"floor":11,"key":"Ornamental Fan"},{"floor":12,"key":"Whetstone"},{"floor":14,"key":"Potion Belt"},{"floor":16,"key":"Orichalcum"},{"floor":18,"key":"Bottled Lightning"},{"floor":19,"key":"Centennial Puzzle"},{"floor":20,"key":"Bottled Flame"},{"floor":21,"key":"Peace Pipe"},{"floor":22,"key":"Oddly Smooth Stone"},{"floor":24,"key":"Bottled Tornado"},{"floor":25,"key":"Darkstone Periapt"},{"floor":26,"key":"Regal Pillow"},{"floor":27,"key":"Letter Opener"},{"floor":28,"key":"Bag of Marbles"},{"floor":29,"key":"Meat on the Bone"},{"floor":31,"key":"Tiny Chest"},{"floor":33,"key":"Old Coin"},{"floor":35,"key":"Bronze Scales"},{"floor":36,"key":"Blood Vial"},{"floor":37,"key":"DataDisk"},{"floor":38,"key":"Kunai"},{"floor":39,"key":"Matryoshka"},{"floor":41,"key":"Dream Catcher"},{"floor":42,"key":"Happy Flower"},{"floor":43,"key":"Mummified Hand"},{"floor":43,"key":"Bag of Preparation"},{"floor":45,"key":"Art of War"},{"floor":48,"key":"Ancient Tea Set"}],"event_choices":[{"event_name":"The Library","player_choice":"Read","floor":30,"damage_taken":0},{"event_name":"Winding Halls","player_choice":"Writhe","floor":46,"damage_taken":0}],"boss_relics":[{"not_picked":["Ectoplasm","Inserter"],"picked":"Orrery"},{"not_picked":["Black Star","Calling Bell"],"picked":"Astrolabe"}],"items_purged_floors":[],"is_endless":false,"potions_floor_spawned":[2,4,7,11,14,16,20,21,25,31,35,39,42,45],"ascension_level":0}