{"gold_per_floor":[115,130,130,144,144,144,144,144,168,168,10,26,90,108,108,108],"floor_reached":16,"playtime":1194,"items_purged":["Strike_B"],"score":162,"play_id":"0af0fdd7-ee99-4f3a-8885-1579539b1e08","local_time":"20190126152120","is_ascension_mode":true,"campfire_choices":[{"floor":6,"key":"REST"},{"floor":8,"key":"REST"},{"data":"Loop","floor":15,"key":"SMITH"}],"neow_cost":"NONE","seed_source_timestamp":148239621649100,"circlet_count":0,"master_deck":["AscendersBane","Strike_B","Strike_B","Defend_B+1","Defend_B+1","Defend_B+1","Defend_B","Zap+1","Dualcast","BootSequence+1","Coolheaded","Loop+1","Glacier","All For One","Ball Lightning","Go for the Eyes"],"relics":["Cracked Core","Bag of Marbles","War Paint","Nunchaku","Darkstone Periapt"],"potions_floor_usage":[14,16,16],"damage_taken":[{"damage":2,"enemies":"Jaw Worm","floor":1,"turns":3},{"damage":0,"enemies":"2 Louse","floor":2,"turns":2},{"damage":0,"enemies":"Small Slimes","floor":4,"turns":3},{"damage":1,"enemies":"Looter","floor":12,"turns":4},{"damage":21,"enemies":"3 Sentries","floor":13,"turns":8},{"damage":0,"enemies":"Gremlin Gang","floor":14,"turns":3},{"damage":38,"enemies":"The Guardian","floor":16,"turns":6}],"seed_played":"4964390426369100321","potions_obtained":[{"floor":2,"key":"SkillPotion"},{"floor":4,"key":"Explosive Potion"},{"floor":14,"key":"Regen Potion"}],"is_trial":false,"path_per_floor":["M","M","?","M","?","R","?","R","T","T","$","M","?","M","R","B"],"character_chosen":"DEFECT","items_purchased":["Glacier"],"campfire_rested":2,"item_purchase_floors":[11],"current_hp_per_floor":[62,62,27,27,20,41,20,41,41,41,41,40,19,19,19,0],"gold":108,"neow_bonus":"UPGRADE_CARD","is_prod":false,"is_daily":false,"chose_seed":false,"campfire_upgraded":1,"win_rate":0,"timestamp":1548544880,"path_taken":["M","M","?","M","?","R","?","R","T","?","$","?","?","M","R","BOSS"],"build_version":"2019-01-23","purchased_purges":1,"victory":false,"max_hp_per_floor":[71,71,71,71,71,71,71,71,71,71,71,71,71,71,71,71],"card_choices":[{"not_picked":["Rebound","Blizzard"],"picked":"BootSequence","floor":1},{"not_picked":["Hologram","Tempest"],"picked":"Coolheaded","floor":2},{"not_picked":["Conserve Battery","Redo"],"picked":"Loop","floor":4},{"not_picked":["Scrape","Beam Cell"],"picked":"All For One","floor":12},{"not_picked":["Gash","Coolheaded"],"picked":"Ball Lightning","floor":13},{"not_picked":["Barrage","Beam Cell"],"picked":"Go for the Eyes","floor":14}],"player_experience":1189022,"relics_obtained":[{"floor":9,"key":"War Paint"},{"floor":10,"key":"Nunchaku"},{"floor":13,"key":"Darkstone Periapt"}],"event_choices":[{"damage_healed":0,"gold_gain":0,"player_choice":"Success","damage_taken":35,"relics_obtained":["Bag of Marbles"],"max_hp_gain":0,"max_hp_loss":0,"event_name":"Scrap Ooze","floor":3,"gold_loss":0},{"cards_removed":["Strike_B"],"damage_healed":0,"gold_gain":0,"player_choice":"Card Removal","damage_taken":7,"max_hp_gain":0,"max_hp_loss":0,"event_name":"Golden Wing","floor":5,"gold_loss":0},{"damage_healed":0,"gold_gain":0,"player_choice":"Entered Light","damage_taken":21,"max_hp_gain":0,"max_hp_loss":0,"event_name":"Shining Light","floor":7,"gold_loss":0,"cards_upgraded":["Defend_B","BootSequence"]},{"damage_healed":0,"gold_gain":0,"player_choice":"Searched \u00271\u0027 times","damage_taken":0,"max_hp_gain":0,"max_hp_loss":0,"event_name":"Dead Adventurer","floor":13,"gold_loss":0}],"is_beta":false,"boss_relics":[],"items_purged_floors":[11],"is_endless":false,"potions_floor_spawned":[2,4,12,13,14],"killed_by":"The Guardian","ascension_level":16}