{"gold_per_floor":[115,115,139,157,157,82,82,121,200,200],"floor_reached":10,"playtime":520,"items_purged":["Normality"],"score":116,"play_id":"492c5f77-889b-4add-85c9-a62ce1cc1e73","local_time":"20190201182234","is_ascension_mode":true,"campfire_choices":[{"floor":7,"key":"REST"}],"neow_cost":"CURSE","seed_source_timestamp":457693179218836,"circlet_count":0,"master_deck":["AscendersBane","Strike_R","Strike_R","Strike_R","Strike_R","Strike_R","Defend_R","Defend_R","Defend_R","Defend_R","Bash","Panacea","Mayhem","Burning Pact","Infernal Blade","Havoc","Whirlwind"],"special_seed":0,"relics":["Burning Blood","Golden Idol","Anchor","Pear"],"potions_floor_usage":[8,8],"damage_taken":[{"damage":4.0,"enemies":"2 Louse","floor":1.0,"turns":4.0},{"damage":0.0,"enemies":"Small Slimes","floor":3.0,"turns":2.0},{"damage":5.0,"enemies":"Cultist","floor":4.0,"turns":5.0},{"damage":60,"enemies":"Gremlin Nob","floor":8,"turns":6},{"damage":20,"enemies":"3 Sentries","floor":10,"turns":4}],"seed_played":"-1875646799180751993","potions_obtained":[{"floor":1.0,"key":"EntropicBrew"},{"floor":3.0,"key":"Weak Potion"},{"floor":4,"key":"Energy Potion"}],"is_trial":false,"path_per_floor":["M","?","M","M","?","$","R","E","T","E"],"character_chosen":"IRONCLAD","items_purchased":[],"campfire_rested":1,"item_purchase_floors":[],"current_hp_per_floor":[70,44,50,51,40,40,62,8,18,0],"gold":200,"neow_bonus":"RANDOM_COLORLESS_2","is_prod":false,"is_daily":false,"chose_seed":false,"campfire_upgraded":0,"win_rate":0,"timestamp":1549012954,"path_taken":["M","?","M","M","?","$","R","E","T","E"],"build_version":"2019-01-23","purchased_purges":1,"victory":false,"max_hp_per_floor":[75,75,75,75,75,75,75,75,85,85],"card_choices":[{"not_picked":["Body Slam","Warcry"],"picked":"Burning Pact","floor":1.0},{"not_picked":["Dual Wield","Warcry"],"picked":"Infernal Blade","floor":3.0},{"not_picked":["Shrug It Off","Headbutt"],"picked":"Havoc","floor":4},{"not_picked":["Clash","Cleave"],"picked":"Whirlwind","floor":8}],"player_experience":978667,"relics_obtained":[{"floor":8,"key":"Anchor"},{"floor":9,"key":"Pear"}],"event_choices":[{"damage_healed":0.0,"max_hp_gain":0.0,"max_hp_loss":0.0,"gold_gain":0.0,"event_name":"Golden Idol","player_choice":"Take Damage","floor":2.0,"gold_loss":0.0,"damage_taken":26.0,"relics_obtained":["Golden Idol"]},{"damage_healed":0,"gold_gain":0,"player_choice":"Damaged","damage_taken":11,"max_hp_gain":0,"max_hp_loss":0,"event_name":"Wheel of Change","floor":5,"gold_loss":0}],"is_beta":false,"boss_relics":[],"items_purged_floors":[6],"is_endless":false,"potions_floor_spawned":[1,3,4],"killed_by":"3 Sentries","ascension_level":15}