{"gold_per_floor":[111,129,140,158,158,183,196,226,226,226,226,285,265,280,280,379,379,394,406,423,423],"floor_reached":21,"playtime":1381,"items_purged":[],"score":342,"play_id":"173114a5-592a-417a-b77d-3cf42b8c36a2","local_time":"20181101221751","is_ascension_mode":true,"campfire_choices":[{"floor":10.0,"key":"REST"},{"floor":15.0,"key":"REST"}],"neow_cost":"NONE","seed_source_timestamp":0,"circlet_count":0,"master_deck":["Defend_G","Defend_G","Defend_G","Defend_G","Defend_G","Strike_G","Strike_G","Strike_G","Strike_G","Survivor","Neutralize","AscendersBane","Backflip","Quick Slash","Deflect","All Out Attack","Infinite Blades","Dagger Spray","Dodge and Roll","Backflip","Flying Knee","Wraith Form v2","Dagger Throw","Dagger Spray+1","Backflip"],"special_seed":0,"relics":["Cursed Key","Torii","Omamori","Pen Nib","Tiny Chest","Runic Dome"],"potions_floor_usage":[19,20],"damage_taken":[{"damage":0.0,"enemies":"2 Louse","floor":1.0,"turns":4.0},{"damage":5.0,"enemies":"Small Slimes","floor":2.0,"turns":4.0},{"damage":0.0,"enemies":"Cultist","floor":3.0,"turns":4.0},{"damage":0.0,"enemies":"Looter","floor":4.0,"turns":4.0},{"damage":33.0,"enemies":"Gremlin Nob","floor":6.0,"turns":6.0},{"damage":0.0,"enemies":"Large Slime","floor":7.0,"turns":4.0},{"damage":0.0,"enemies":"3 Sentries","floor":8.0,"turns":4.0},{"damage":42.0,"enemies":"Gremlin Nob","floor":12.0,"turns":5.0},{"damage":1.0,"enemies":"Red Slaver","floor":14.0,"turns":4.0},{"damage":14.0,"enemies":"Hexaghost","floor":16.0,"turns":14.0},{"damage":18.0,"enemies":"Shell Parasite","floor":18.0,"turns":7.0},{"damage":2,"enemies":"2 Thieves","floor":19,"turns":4},{"damage":20,"enemies":"Snecko","floor":20,"turns":5},{"damage":22,"enemies":"Shelled Parasite and Fungi","floor":21,"turns":6}],"seed_played":"5229589497125633354","potions_obtained":[{"floor":3.0,"key":"Ancient Potion"},{"floor":7.0,"key":"Explosive Potion"},{"floor":12.0,"key":"Explosive Potion"},{"floor":13.0,"key":"Fruit Juice"},{"floor":14.0,"key":"FearPotion"},{"floor":20,"key":"FearPotion"}],"is_trial":false,"path_per_floor":["M","M","M","M","?","E","M","E","T","R","?","E","?","M","R","B",null,"M","M","M","M"],"character_chosen":"THE_SILENT","items_purchased":[],"campfire_rested":2,"item_purchase_floors":[],"current_hp_per_floor":[63,58,58,58,58,25,25,25,25,46,46,4,4,8,30,16,60,42,40,20,0],"gold":423,"neow_bonus":"BOSS_RELIC","is_prod":false,"is_daily":false,"chose_seed":false,"campfire_upgraded":0,"win_rate":0,"timestamp":1541135871,"path_taken":["M","M","M","M","?","E","M","E","T","R","?","E","?","?","R","BOSS","M","M","M","M"],"build_version":"2018-11-01","purchased_purges":0,"victory":false,"max_hp_per_floor":[70,70,70,70,70,70,70,70,70,70,70,70,70,75,75,75,75,75,75,75,75],"card_choices":[{"not_picked":["Setup","Concentrate"],"picked":"Backflip","floor":1.0},{"not_picked":["Dodge and Roll","Prepared"],"picked":"Quick Slash","floor":2.0},{"not_picked":["Outmaneuver","Deadly Poison"],"picked":"Deflect","floor":3.0},{"not_picked":["Sucker Punch","Acrobatics"],"picked":"All Out Attack","floor":4.0},{"not_picked":["Quick Slash","Heel Hook"],"picked":"Infinite Blades","floor":6.0},{"not_picked":["Setup","Bane"],"picked":"Dagger Spray","floor":7.0},{"not_picked":["Phantasmal Killer","Crippling Poison"],"picked":"Dodge and Roll","floor":8.0},{"not_picked":["Bullet Time","Endless Agony"],"picked":"Backflip","floor":12.0},{"not_picked":["Deflect","Blur"],"picked":"Flying Knee","floor":14.0},{"not_picked":["Storm of Steel","Phantasmal Killer"],"picked":"Wraith Form v2","floor":16.0},{"not_picked":["Bane+1","Quick Slash"],"picked":"Dagger Throw","floor":18},{"not_picked":["Die Die Die","Eviscerate"],"picked":"Dagger Spray+1","floor":19},{"not_picked":["Bane","Tactician"],"picked":"Backflip","floor":20}],"player_experience":75965,"relics_obtained":[{"floor":6.0,"key":"Torii"},{"floor":8.0,"key":"Omamori"},{"floor":9.0,"key":"Pen Nib"},{"floor":12.0,"key":"Tiny Chest"}],"event_choices":[{"damage_healed":0.0,"max_hp_gain":0.0,"max_hp_loss":0.0,"gold_gain":0.0,"event_name":"The Cleric","player_choice":"Leave","floor":5.0,"gold_loss":0.0,"damage_taken":0.0},{"cards_removed":["Strike_G"],"damage_healed":0.0,"max_hp_gain":0.0,"max_hp_loss":0.0,"gold_gain":0.0,"event_name":"Bonfire Elementals","player_choice":"Offered Basic","floor":11.0,"gold_loss":0.0,"damage_taken":0.0},{"damage_healed":0.0,"max_hp_gain":0.0,"max_hp_loss":0.0,"gold_gain":0.0,"event_name":"The Woman in Blue","player_choice":"Bought 1 Potion","floor":13.0,"gold_loss":0.0,"damage_taken":0.0}],"is_beta":false,"boss_relics":[{"not_picked":["WristBlade","Empty Cage"],"picked":"Runic Dome"}],"items_purged_floors":[],"is_endless":false,"potions_floor_spawned":[3,7,12,14,20],"killed_by":"Shelled Parasite and Fungi","ascension_level":10}