{"gold_per_floor":[113,37,37,49,69,69,83,83,83,34,52,52,52,67,67,172,172,190,208,223,1,19,19,36,36,61,61,61,72,72,72,72,72],"floor_reached":33,"playtime":832,"items_purged":[],"score":239,"play_id":"e99152a9-6fea-42c1-b544-28659683d7df","local_time":"20181224001510","is_ascension_mode":false,"campfire_choices":[{"data":"Dualcast","floor":6.0,"key":"SMITH"},{"data":"Zap","floor":8.0,"key":"SMITH"},{"data":"Echo Form","floor":15,"key":"SMITH"},{"floor":23,"key":"REST"},{"floor":25,"key":"REST"},{"floor":32,"key":"REST"}],"neow_cost":"NONE","seed_source_timestamp":2163978398867979,"circlet_count":0,"master_deck":["Strike_B+1","Strike_B+1","Strike_B+1","Defend_B+1","Defend_B+1","Defend_B+1","Defend_B+1","Zap+1","Dualcast+1","Go for the Eyes","Defragment+1","Capacitor","Ball Lightning+1","Echo Form+1","Seek","Ball Lightning+1","Defragment+1","Defragment"],"special_seed":0,"relics":["Cracked Core","Molten Egg 2","Eternal Feather","War Paint","DataDisk"],"potions_floor_usage":[20,22,33],"damage_taken":[{"damage":3.0,"enemies":"Small Slimes","floor":1.0,"turns":3.0},{"damage":1.0,"enemies":"Cultist","floor":4.0,"turns":4.0},{"damage":0.0,"enemies":"2 Louse","floor":5.0,"turns":3.0},{"damage":8.0,"enemies":"Red Slaver","floor":7.0,"turns":3.0},{"damage":11,"enemies":"Exordium Wildlife","floor":11,"turns":4},{"damage":5,"enemies":"Large Slime","floor":14,"turns":4},{"damage":42,"enemies":"The Guardian","floor":16,"turns":10},{"damage":15,"enemies":"3 Byrds","floor":18,"turns":5},{"damage":25,"enemies":"2 Thieves","floor":19,"turns":4},{"damage":21,"enemies":"Snake Plant","floor":20,"turns":4},{"damage":19,"enemies":"Cultist and Chosen","floor":22,"turns":5},{"damage":20,"enemies":"Centurion and Healer","floor":24,"turns":5},{"damage":24,"enemies":"Snake Plant","floor":29,"turns":4},{"damage":23,"enemies":"Colosseum Slavers","floor":31,"turns":5},{"damage":42,"enemies":"Champ","floor":33,"turns":6}],"seed_played":"2771424881701678730","potions_obtained":[{"floor":7.0,"key":"SneckoOil"},{"floor":11,"key":"SneckoOil"},{"floor":18,"key":"Swift Potion"},{"floor":19,"key":"AttackPotion"},{"floor":20,"key":"FocusPotion"}],"is_trial":false,"path_per_floor":["M","$","?","M","M","R","M","R","T","$","M","?","?","M","R","B",null,"M","M","M","$","M","R","M","R","T","$","?","M","?","?","R","B"],"character_chosen":"DEFECT","items_purchased":["Defragment","Ball Lightning+1","Defragment","War Paint"],"campfire_rested":3,"item_purchase_floors":[2,10,21,21],"current_hp_per_floor":[79,79,79,78,78,78,70,70,70,70,59,59,59,54,54,12,82,67,42,21,21,2,35,15,48,48,48,48,24,24,1,34,0],"gold":72,"neow_bonus":"TEN_PERCENT_HP_BONUS","is_prod":false,"is_daily":false,"chose_seed":false,"campfire_upgraded":3,"win_rate":0,"timestamp":1545610510,"path_taken":["M","$","?","M","M","R","M","R","T","$","?","?","?","M","R","BOSS","M","M","M","$","M","R","M","R","T","$","?","?","?","?","R","BOSS"],"build_version":"2018-12-20","purchased_purges":0,"victory":false,"max_hp_per_floor":[82,82,82,82,82,82,82,82,82,82,82,82,82,82,82,82,82,82,82,82,82,82,82,82,82,82,82,82,82,82,82,82,82],"card_choices":[{"not_picked":["Sweeping Beam","Gash"],"picked":"Go for the Eyes","floor":1.0},{"not_picked":["Streamline","Sweeping Beam","Barrage"],"picked":"SKIP","floor":4.0},{"not_picked":["Rebound","Redo"],"picked":"Capacitor","floor":5.0},{"not_picked":["Go for the Eyes","Aggregate","Steam"],"picked":"SKIP","floor":7.0},{"not_picked":["Conserve Battery","Darkness"],"picked":"Echo Form","floor":11},{"not_picked":["Compile Driver+1","Recycle","Gash+1"],"picked":"SKIP","floor":14},{"not_picked":["Fission","Creative AI"],"picked":"Seek","floor":16},{"not_picked":["Reinforced Body+1","Genetic Algorithm+1"],"picked":"Ball Lightning+1","floor":18},{"not_picked":["Gash+1","Rebound+1","Go for the Eyes+1"],"picked":"SKIP","floor":19},{"not_picked":["Turbo","Rebound+1","Streamline+1"],"picked":"SKIP","floor":20},{"not_picked":["Coolheaded","Barrage+1","Double Energy"],"picked":"SKIP","floor":22},{"not_picked":["Genetic Algorithm","Chaos","Streamline+1"],"picked":"SKIP","floor":24},{"not_picked":["Redo+1","Go for the Eyes+1"],"picked":"Defragment","floor":29}],"player_experience":911269,"relics_obtained":[{"floor":9.0,"key":"Molten Egg 2"},{"floor":26,"key":"DataDisk"}],"event_choices":[{"cards_removed":["Strike_B"],"damage_healed":0.0,"max_hp_gain":0.0,"max_hp_loss":0.0,"gold_gain":0.0,"event_name":"Purifier","player_choice":"Purged","floor":3.0,"gold_loss":0.0,"damage_taken":0.0},{"damage_healed":0,"gold_gain":0,"player_choice":"Grow","damage_taken":0,"max_hp_gain":0,"max_hp_loss":0,"event_name":"Living Wall","floor":12,"gold_loss":0,"cards_upgraded":["Defragment"]},{"damage_healed":0,"gold_gain":0,"player_choice":"Ignored","damage_taken":0,"max_hp_gain":0,"max_hp_loss":0,"event_name":"Liars Game","floor":13,"gold_loss":0},{"damage_healed":0,"gold_gain":0,"player_choice":"Upgraded","damage_taken":0,"max_hp_gain":0,"max_hp_loss":0,"event_name":"Upgrade Shrine","floor":28,"gold_loss":0,"cards_upgraded":["Defragment"]},{"damage_healed":0,"gold_gain":0,"player_choice":"Simplicity","damage_taken":0,"max_hp_gain":0,"max_hp_loss":0,"event_name":"Back to Basics","floor":30,"gold_loss":0,"cards_upgraded":["Strike_B","Strike_B","Strike_B","Defend_B","Defend_B"]},{"damage_healed":0,"gold_gain":0,"player_choice":"Fight","damage_taken":0,"max_hp_gain":0,"max_hp_loss":0,"event_name":"Colosseum","floor":31,"gold_loss":0},{"damage_healed":0,"gold_gain":0,"player_choice":"Fled From Nobs","damage_taken":0,"max_hp_gain":0,"max_hp_loss":0,"event_name":"Colosseum","floor":31,"gold_loss":0}],"is_beta":false,"boss_relics":[{"not_picked":["Busted Crown","Snecko Eye"],"picked":"Eternal Feather"}],"items_purged_floors":[],"is_endless":false,"potions_floor_spawned":[7,11,18,19,20,31],"killed_by":"Champ","ascension_level":0}