{"gold_per_floor":[111,30,30,30,50,79,79,109,109,132,132,132,8,57,57,183,183,202,235,160,181,204,204,243,243,300,300,300,338,338,358,358,486,486,501,501,576,600,618,618,455,455,482,514,549,585,618,397,397,397],"floor_reached":50,"playtime":2041,"items_purged":["Strike_R","Pain"],"score":780,"play_id":"3f377d14-a15f-4c89-b8e6-f764a2bb1912","local_time":"20190209010421","is_ascension_mode":true,"campfire_choices":[{"data":"Uppercut","floor":7,"key":"SMITH"},{"data":"Body Slam","floor":11,"key":"SMITH"},{"floor":15,"key":"REST"},{"floor":23,"key":"REST"},{"data":"Entrench","floor":27,"key":"SMITH"},{"floor":30,"key":"REST"},{"floor":32,"key":"REST"},{"data":"True Grit","floor":40,"key":"SMITH"},{"data":"Limit Break","floor":42,"key":"SMITH"},{"floor":49,"key":"REST"}],"neow_cost":"NONE","seed_source_timestamp":20833247718608,"circlet_count":0,"master_deck":["Strike_R","Strike_R","Defend_R","Defend_R","Defend_R","Defend_R","Bash+1","Carnage+1","Metallicize","Uppercut+1","Headbutt","Body Slam+1","Juggernaut","True Grit+1","Entrench+1","Iron Wave","Whirlwind+1","Armaments+1","Inflame","Shrug It Off+1","Shockwave","Limit Break+1","Sword Boomerang+1","Decay","Decay","Disarm","Battle Trance+1","Offering","Doubt","Iron Wave+1","Impervious","Rupture","Metallicize+1"],"relics":["Burning Blood","NeowsBlessing","The Courier","Gremlin Horn","Odd Mushroom","Golden Idol","Happy Flower","Smiling Mask","Eternal Feather","Red Mask","Dream Catcher","Tiny Chest","Bottled Flame","Cursed Key","Sundial","Self Forming Clay","MawBank","Bronze Scales"],"potions_floor_usage":[10,19,19,24,29,46,50,50,50],"damage_taken":[{"damage":0,"enemies":"Small Slimes","floor":1,"turns":1},{"damage":0,"enemies":"2 Louse","floor":5,"turns":1},{"damage":0,"enemies":"Lagavulin","floor":6,"turns":1},{"damage":28,"enemies":"3 Sentries","floor":8,"turns":7},{"damage":10,"enemies":"The Mushroom Lair","floor":10,"turns":3},{"damage":0,"enemies":"Slime Boss","floor":16,"turns":7},{"damage":16,"enemies":"Spheric Guardian","floor":18,"turns":4},{"damage":31,"enemies":"Masked Bandits","floor":19,"turns":4},{"damage":1,"enemies":"Chosen","floor":21,"turns":4},{"damage":30,"enemies":"Snake Plant","floor":22,"turns":3},{"damage":52,"enemies":"Gremlin Leader","floor":24,"turns":8},{"damage":43,"enemies":"Slavers","floor":29,"turns":7},{"damage":18,"enemies":"Centurion and Healer","floor":31,"turns":8},{"damage":49,"enemies":"Champ","floor":33,"turns":12},{"damage":34,"enemies":"3 Shapes","floor":35,"turns":5},{"damage":9,"enemies":"Orb Walker","floor":38,"turns":4},{"damage":24,"enemies":"Jaw Worm Horde","floor":39,"turns":5},{"damage":11,"enemies":"3 Darklings","floor":44,"turns":3},{"damage":36,"enemies":"Spire Growth","floor":46,"turns":7},{"damage":25,"enemies":"Maw","floor":47,"turns":8},{"damage":56,"enemies":"Awakened One","floor":50,"turns":6}],"seed_played":"4307183999219334279","potions_obtained":[{"floor":8,"key":"Poison Potion"},{"floor":16,"key":"SteroidPotion"},{"floor":18,"key":"SteroidPotion"},{"floor":19,"key":"Strength Potion"},{"floor":24,"key":"BloodPotion"},{"floor":33,"key":"Dexterity Potion"},{"floor":39,"key":"SpeedPotion"},{"floor":44,"key":"Regen Potion"}],"is_trial":false,"path_per_floor":["M","$","?","?","M","E","R","E","T","?","R","?","$","T","R","B",null,"M","?","?","M","M","R","E","?","T","R","?","E","R","M","R","B",null,"M","T","T","M","M","R","$","R","T","M","T","M","M","$","R","B"],"character_chosen":"IRONCLAD","items_purchased":["Metallicize","Happy Flower","Offering","Impervious","Rupture","PowerPotion"],"campfire_rested":5,"item_purchase_floors":[2,13,41,48,48,48],"current_hp_per_floor":[78,78,78,78,80,80,80,58,58,54,54,34,34,34,58,64,76,66,41,41,46,22,55,9,35,35,44,44,15,48,36,72,29,67,39,39,39,36,18,33,33,48,48,43,43,28,9,9,51,0],"gold":397,"neow_bonus":"THREE_ENEMY_KILL","is_prod":false,"is_daily":false,"chose_seed":false,"campfire_upgraded":5,"win_rate":0,"timestamp":1549641861,"path_taken":["M","$","?","?","?","E","R","E","T","?","R","?","?","?","R","BOSS","M","?","?","M","M","R","E","?","T","R","?","E","R","M","R","BOSS","M","?","?","M","M","R","$","R","T","M","?","?","M","$","R","BOSS"],"build_version":"2019-01-23","purchased_purges":2,"victory":false,"max_hp_per_floor":[80,80,80,80,80,80,80,80,80,80,80,80,80,80,80,80,80,80,80,80,80,80,80,80,80,80,80,80,80,80,80,80,80,80,80,80,80,80,80,80,80,80,80,80,80,80,80,80,80,80],"card_choices":[{"not_picked":["Anger","Shrug It Off"],"picked":"Carnage","floor":1},{"not_picked":["Sentinel","Clash","Infernal Blade"],"picked":"SKIP","floor":5},{"not_picked":["Exhume","Shrug It Off"],"picked":"Uppercut","floor":6},{"not_picked":["Pommel Strike","Hemokinesis"],"picked":"Headbutt","floor":8},{"not_picked":["Thunderclap","Second Wind"],"picked":"Body Slam","floor":10},{"not_picked":["Brutality","Reaper"],"picked":"Juggernaut","floor":16},{"not_picked":["Havoc","Twin Strike"],"picked":"True Grit","floor":18},{"not_picked":["Anger","Body Slam"],"picked":"Entrench","floor":19},{"not_picked":["Havoc","Body Slam","Blood for Blood"],"picked":"SKIP","floor":21},{"not_picked":["Bludgeon","Rage"],"picked":"Iron Wave","floor":22},{"not_picked":["Shockwave+1","Headbutt"],"picked":"Whirlwind+1","floor":24},{"not_picked":["Cleave+1","Hemokinesis"],"picked":"Armaments+1","floor":29},{"not_picked":["Second Wind","Reckless Charge+1"],"picked":"Inflame","floor":30},{"not_picked":["Entrench+1","Wild Strike"],"picked":"Shrug It Off+1","floor":31},{"not_picked":["Entrench","Second Wind"],"picked":"Shockwave","floor":32},{"not_picked":["Reaper","Fiend Fire"],"picked":"Limit Break","floor":33},{"not_picked":["Heavy Blade","Clash+1"],"picked":"Sword Boomerang+1","floor":35},{"not_picked":["Rupture","Headbutt"],"picked":"Disarm","floor":38},{"not_picked":["Entrench+1","Pommel Strike+1"],"picked":"Battle Trance+1","floor":39},{"not_picked":["Clothesline","Clash","Sever Soul"],"picked":"SKIP","floor":44},{"not_picked":["Perfected Strike","Clothesline","Dropkick"],"picked":"SKIP","floor":46},{"not_picked":["Bloodletting+1","Dropkick+1"],"picked":"Iron Wave+1","floor":47},{"not_picked":["Havoc","Clothesline+1"],"picked":"Metallicize+1","floor":49}],"player_experience":842364,"relics_obtained":[{"floor":6,"key":"The Courier"},{"floor":8,"key":"Gremlin Horn"},{"floor":10,"key":"Odd Mushroom"},{"floor":14,"key":"Smiling Mask"},{"floor":19,"key":"Red Mask"},{"floor":24,"key":"Dream Catcher"},{"floor":26,"key":"Tiny Chest"},{"floor":29,"key":"Bottled Flame"},{"floor":36,"key":"Sundial"},{"floor":37,"key":"Self Forming Clay"},{"floor":43,"key":"MawBank"},{"floor":45,"key":"Bronze Scales"}],"event_choices":[{"damage_healed":0,"gold_gain":0,"player_choice":"Grow","damage_taken":0,"max_hp_gain":0,"max_hp_loss":0,"event_name":"Living Wall","floor":3,"gold_loss":0,"cards_upgraded":["Carnage"]},{"damage_healed":0,"gold_gain":0,"player_choice":"Forge","damage_taken":0,"max_hp_gain":0,"max_hp_loss":0,"event_name":"Accursed Blacksmith","floor":4,"gold_loss":0,"cards_upgraded":["Bash"]},{"damage_healed":0,"gold_gain":0,"player_choice":"Fought Mushrooms","damage_taken":0,"max_hp_gain":0,"max_hp_loss":0,"event_name":"Mushrooms","floor":10,"gold_loss":0},{"damage_healed":0,"gold_gain":0,"player_choice":"Take Damage","damage_taken":20,"relics_obtained":["Golden Idol"],"max_hp_gain":0,"max_hp_loss":0,"event_name":"Golden Idol","floor":12,"gold_loss":0},{"damage_healed":0,"gold_gain":0,"player_choice":"Fought Bandits","damage_taken":0,"max_hp_gain":0,"max_hp_loss":0,"event_name":"Masked Bandits","floor":19,"gold_loss":0},{"cards_removed":["Strike_R"],"damage_healed":0,"gold_gain":0,"player_choice":"Gave Gold","damage_taken":0,"max_hp_gain":0,"max_hp_loss":0,"event_name":"Beggar","floor":20,"gold_loss":75},{"damage_healed":26,"gold_gain":0,"player_choice":"Heal","damage_taken":0,"max_hp_gain":0,"max_hp_loss":0,"event_name":"The Library","floor":25,"gold_loss":0},{"cards_removed":["Strike_R"],"damage_healed":0,"gold_gain":0,"player_choice":"Offered Basic","damage_taken":0,"max_hp_gain":0,"max_hp_loss":0,"event_name":"Bonfire Elementals","floor":28,"gold_loss":0}],"is_beta":false,"boss_relics":[{"not_picked":["White Beast Statue","Velvet Choker"],"picked":"Eternal Feather"},{"not_picked":["Philosopher\u0027s Stone","Coffee Dripper"],"picked":"Cursed Key"}],"items_purged_floors":[41,48],"is_endless":false,"potions_floor_spawned":[8,16,18,19,24,33,39,44],"killed_by":"Awakened One","ascension_level":7}