{"gold_per_floor":[111,186,22,172,172,172,203,216,216,229,229,229,40,57,57,130,130,140,140,26,41,41,41,41,41,66,82,26,26],"floor_reached":29,"playtime":5809,"items_purged":["Strike_B"],"score":394,"play_id":"06907dbc-b4c3-4c1b-9741-f9c795606add","local_time":"20190120213252","is_ascension_mode":true,"campfire_choices":[{"data":"Zap","floor":6,"key":"SMITH"},{"floor":12,"key":"REST"},{"data":"Apotheosis","floor":15,"key":"SMITH"},{"data":"Loop","floor":23,"key":"SMITH"},{"data":"Go for the Eyes","floor":25,"key":"SMITH"}],"neow_cost":"NONE","seed_source_timestamp":939614976739900,"circlet_count":0,"master_deck":["AscendersBane","Strike_B","Strike_B","Defend_B","Defend_B","Defend_B","Defend_B","Zap+1","Dualcast","Sweeping Beam","Loop+1","Go for the Eyes+1","Ball Lightning","Chill","Apotheosis+1","BootSequence","Amplify","Conserve Battery","Storm","Steam"],"relics":["Cracked Core","Turnip","Cables","Calipers","Empty Cage","PreservedInsect"],"potions_floor_usage":[16,16,21],"damage_taken":[{"damage":4,"enemies":"Small Slimes","floor":1,"turns":4},{"damage":35,"enemies":"3 Sentries","floor":7,"turns":6},{"damage":2,"enemies":"Jaw Worm","floor":8,"turns":3},{"damage":0,"enemies":"Cultist","floor":10,"turns":2},{"damage":0,"enemies":"2 Fungi Beasts","floor":14,"turns":2},{"damage":5,"enemies":"Hexaghost","floor":16,"turns":8},{"damage":8,"enemies":"Chosen","floor":18,"turns":5},{"damage":13,"enemies":"Spheric Guardian","floor":21,"turns":5},{"damage":30,"enemies":"Snecko","floor":27,"turns":7},{"damage":11,"enemies":"Slavers","floor":29,"turns":2}],"seed_played":"4228308213691046080","potions_obtained":[{"floor":7,"key":"AttackPotion"},{"floor":14,"key":"Block Potion"}],"is_trial":false,"path_per_floor":["M","?","$","?","T","R","E","M","T","M","?","R","$","M","R","B",null,"M","?","$","M","?","R","$","R","T","M","$","E"],"character_chosen":"DEFECT","items_purchased":["Loop","Apotheosis","Regen Potion","Conserve Battery","Steam"],"campfire_rested":1,"item_purchase_floors":[3,13,20,20,28],"current_hp_per_floor":[67,56,56,56,56,56,21,19,19,19,19,42,42,42,42,37,68,60,38,38,39,39,39,39,39,39,9,9,0],"gold":26,"neow_bonus":"TEN_PERCENT_HP_BONUS","is_prod":false,"is_daily":false,"chose_seed":false,"campfire_upgraded":4,"win_rate":0,"timestamp":1548048772,"path_taken":["M","?","$","?","?","R","E","?","T","M","?","R","?","M","R","BOSS","M","?","$","M","?","R","?","R","T","M","$","E"],"build_version":"2019-01-17v2","purchased_purges":1,"victory":false,"max_hp_per_floor":[78,78,78,78,78,78,78,78,78,78,78,78,78,78,78,78,78,78,83,83,83,83,83,83,83,83,83,83,83],"card_choices":[{"not_picked":["Cold Snap","Turbo"],"picked":"Sweeping Beam","floor":1},{"not_picked":["Turbo","Static Discharge"],"picked":"Go for the Eyes","floor":7},{"not_picked":["Cold Snap","Stack"],"picked":"Ball Lightning","floor":8},{"not_picked":["Barrage","Go for the Eyes"],"picked":"Chill","floor":10},{"not_picked":["Blizzard","Chaos"],"picked":"BootSequence","floor":14},{"not_picked":["Meteor Strike","Thunder Strike"],"picked":"Amplify","floor":16},{"not_picked":["Rebound","Sweeping Beam","Beam Cell"],"picked":"SKIP","floor":18},{"not_picked":["Conserve Battery","Lockon","Turbo"],"picked":"SKIP","floor":21},{"not_picked":["Compile Driver+1","Leap"],"picked":"Storm","floor":27}],"player_experience":1147404,"relics_obtained":[{"floor":5,"key":"Turnip"},{"floor":7,"key":"Cables"},{"floor":9,"key":"Calipers"},{"floor":26,"key":"PreservedInsect"}],"event_choices":[{"damage_healed":0,"gold_gain":75,"player_choice":"Gather Gold","damage_taken":11,"max_hp_gain":0,"max_hp_loss":0,"event_name":"World of Goop","floor":2,"gold_loss":0},{"damage_healed":0,"gold_gain":150,"player_choice":"AGREE","damage_taken":0,"max_hp_gain":0,"max_hp_loss":0,"event_name":"Liars Game","floor":4,"gold_loss":0,"cards_obtained":["Doubt"]},{"damage_healed":0,"gold_gain":0,"player_choice":"Ignored","damage_taken":0,"max_hp_gain":0,"max_hp_loss":0,"event_name":"Shining Light","floor":11,"gold_loss":0},{"damage_healed":0,"gold_gain":0,"player_choice":"Shed Blood","damage_taken":27,"max_hp_gain":5,"max_hp_loss":0,"event_name":"Forgotten Altar","floor":19,"gold_loss":0},{"damage_healed":0,"gold_gain":0,"player_choice":"Ignored","damage_taken":0,"max_hp_gain":0,"max_hp_loss":0,"event_name":"Ghosts","floor":22,"gold_loss":0}],"is_beta":false,"boss_relics":[{"not_picked":["Eternal Feather","White Beast Statue"],"picked":"Empty Cage"}],"items_purged_floors":[3],"is_endless":false,"potions_floor_spawned":[7,14],"killed_by":"Slavers","ascension_level":16}