{"gold_per_floor":[20,35,47,47,47,47,61,76,76,58,58,58,68,397,397,498,498,423,440,458,249,269,269,289,289,289,170,182,182],"floor_reached":29,"playtime":1940,"items_purged":[],"score":321,"play_id":"ae4b5b66-4958-4e34-9e8c-0a4447d36134","local_time":"20180728145502","is_ascension_mode":true,"campfire_choices":[{"floor":6,"key":"REST"},{"data":"Defragment","floor":11,"key":"SMITH"},{"floor":15,"key":"REST"},{"data":"White Noise","floor":23,"key":"SMITH"},{"floor":25,"key":"REST"}],"neow_cost":"NO_GOLD","seed_source_timestamp":21128546935970,"circlet_count":0,"master_deck":["Strike_B","Strike_B+1","Defend_B","Defend_B","Defend_B","Defend_B","Zap","Dualcast","Steam","Turbo","Self Repair","Redo+1","Defragment+1","Heatsinks","Gash","White Noise+1","Core Surge","Gash","Buffer","Beam Cell","Hello World","Force Field+1","White Noise","Leap","Chill","White Noise","Ball Lightning","Consume"],"relics":["FrozenCore","Bird Faced Urn","StoneCalendar","Old Coin","DollysMirror","Prayer Wheel"],"potions_floor_usage":[10,16,20,29],"damage_taken":[{"damage":3,"enemies":"2 Louse","floor":1,"turns":2},{"damage":6,"enemies":"Cultist","floor":2,"turns":4},{"damage":0,"enemies":"Small Slimes","floor":3,"turns":3},{"damage":0,"enemies":"3 Louse","floor":7,"turns":4},{"damage":6,"enemies":"Looter","floor":8,"turns":4},{"damage":20,"enemies":"Exordium Thugs","floor":10,"turns":5},{"damage":13,"enemies":"3 Louse","floor":13,"turns":4},{"damage":24,"enemies":"Lagavulin","floor":14,"turns":7},{"damage":27,"enemies":"Slime Boss","floor":16,"turns":7},{"damage":15,"enemies":"2 Thieves","floor":18,"turns":5},{"damage":11,"enemies":"Spheric Guardian","floor":19,"turns":5},{"damage":11,"enemies":"Chosen and Byrds","floor":20,"turns":6},{"damage":26,"enemies":"Snake Plant","floor":22,"turns":7},{"damage":16,"enemies":"Centurion and Healer","floor":24,"turns":5},{"damage":0,"enemies":"Snecko","floor":28,"turns":7},{"damage":87,"enemies":"Gremlin Leader","floor":29,"turns":6}],"seed_played":"-2845193206732633700","potions_obtained":[{"floor":3,"key":"Energy Potion"},{"floor":10,"key":"SteroidPotion"},{"floor":14,"key":"Strength Potion"},{"floor":20,"key":"Dexterity Potion"}],"is_trial":false,"path_per_floor":["M","M","M","?","?","R","M","M","T","M","R","?","M","E","R","B",null,"M","M","M","$","M","R","M","R","T","$","M"],"character_chosen":"DEFECT","items_purchased":["DollysMirror","White Noise","Ball Lightning"],"campfire_rested":3,"item_purchase_floors":[21,27,27],"current_hp_per_floor":[65,59,59,59,44,66,75,75,75,68,68,68,70,58,75,55,70,72,71,68,68,63,63,66,75,75,75,75,0],"gold":182,"neow_bonus":"ONE_RARE_RELIC","is_prod":false,"is_daily":false,"chose_seed":false,"campfire_upgraded":2,"win_rate":0,"timestamp":1532804102,"path_taken":["M","M","M","?","?","R","M","M","T","?","R","?","M","E","R","BOSS","M","?","M","$","M","R","M","R","T","$","M","E"],"build_version":"2018-07-26","purchased_purges":0,"victory":false,"max_hp_per_floor":[75,75,75,75,75,75,75,75,75,75,75,75,75,75,75,75,75,75,75,75,75,75,75,75,75,75,75,75,75],"card_choices":[{"not_picked":["Streamline","Compile Driver"],"picked":"Steam","floor":1},{"not_picked":["Cold Snap","Chaos"],"picked":"Turbo","floor":2},{"not_picked":["Beam Cell","Streamline"],"picked":"Self Repair","floor":3},{"not_picked":["Reinforced Body","Double Energy"],"picked":"Defragment","floor":7},{"not_picked":["Blizzard","Hologram"],"picked":"Heatsinks","floor":8},{"not_picked":["Barrage","Rip and Tear"],"picked":"Gash","floor":10},{"not_picked":["Turbo","Force Field"],"picked":"Core Surge","floor":13},{"not_picked":["Scrape","Lockon"],"picked":"Gash","floor":14},{"not_picked":["All For One","Hyperbeam"],"picked":"Buffer","floor":16},{"not_picked":["Sweeping Beam","Rebound"],"picked":"Beam Cell","floor":18},{"not_picked":["Hologram","Beam Cell"],"picked":"Hello World","floor":19},{"not_picked":["Gash","Biased Cognition"],"picked":"Force Field+1","floor":20},{"not_picked":["Beam Cell+1","Stack"],"picked":"Leap","floor":22},{"not_picked":["Scrape","Turbo"],"picked":"Chill","floor":24},{"not_picked":["Coolheaded","Gash"],"picked":"Consume","floor":28},{"not_picked":["Go for the Eyes","Scrape","Darkness"],"picked":"SKIP","floor":28}],"player_experience":534749,"relics_obtained":[{"floor":9,"key":"StoneCalendar"},{"floor":14,"key":"Old Coin"},{"floor":26,"key":"Prayer Wheel"}],"event_choices":[{"event_name":"Transmorgrifier","player_choice":"Transform","floor":4,"damage_taken":0},{"event_name":"Shining Light","player_choice":"Entered Light","floor":5,"damage_taken":0},{"event_name":"Living Wall","player_choice":"Change","floor":12,"damage_taken":0}],"is_beta":false,"boss_relics":[{"not_picked":["Empty Cage","Coffee Dripper"],"picked":"FrozenCore"}],"items_purged_floors":[],"is_endless":false,"potions_floor_spawned":[3,10,14,20],"killed_by":"Gremlin Leader","ascension_level":8}