{"gold_per_floor":[109,109,120,130,148,174,174,191,191,225,236,262,262,281,281,378,378,395,395,44,44,63,63,98,98,98,173,173,183,32,65,65,160,160,174,4,23,42,61,61,90,105,156,156,187,187,219,494,494,494],"floor_reached":51,"playtime":6266,"items_purged":["Strike_R+1"],"score":1200,"play_id":"0f077b66-cb28-4b0f-bebb-268f1a1ad86a","local_time":"20190130052406","is_ascension_mode":true,"campfire_choices":[{"data":"Rampage","floor":7.0,"key":"SMITH"},{"data":"True Grit","floor":13.0,"key":"SMITH"},{"data":"Offering","floor":15.0,"key":"SMITH"},{"data":"Inflame","floor":23.0,"key":"SMITH"},{"data":"Battle Trance","floor":25.0,"key":"SMITH"},{"floor":28.0,"key":"REST"},{"floor":32.0,"key":"REST"},{"data":"Evolve","floor":40,"key":"SMITH"},{"data":"Master of Strategy","floor":44,"key":"SMITH"},{"data":"Bash","floor":46,"key":"SMITH"},{"data":"Shrug It Off","floor":49,"key":"SMITH"}],"neow_cost":"TEN_PERCENT_HP_LOSS","seed_source_timestamp":0,"circlet_count":0,"master_deck":["Strike_R+1","Strike_R+1","Defend_R+1","Defend_R+1","Defend_R+1","Defend_R+1","Bash+1","Ghostly Armor","Trip","Shrug It Off","Rampage+1","Shrug It Off","Offering+1","True Grit+1","Battle Trance+1","Inflame+1","Body Slam+1","Evolve+1","Feed","Shrug It Off+1","Master of Strategy+1","Whirlwind+1"],"special_seed":0,"relics":["Burning Blood","Ice Cream","Lantern","Oddly Smooth Stone","Self Forming Clay","Mark of Pain","Vajra","Happy Flower","Orichalcum","Bag of Marbles","Eternal Feather","Champion Belt","Blood Vial","Pen Nib","Omamori"],"potions_floor_usage":[41,50,50],"damage_taken":[{"damage":0.0,"enemies":"Small Slimes","floor":1.0,"turns":5.0},{"damage":0.0,"enemies":"Cultist","floor":3.0,"turns":4.0},{"damage":1.0,"enemies":"2 Louse","floor":4.0,"turns":3.0},{"damage":0.0,"enemies":"2 Fungi Beasts","floor":5.0,"turns":3.0},{"damage":28.0,"enemies":"Gremlin Nob","floor":6.0,"turns":5.0},{"damage":15.0,"enemies":"Exordium Thugs","floor":8.0,"turns":6.0},{"damage":8.0,"enemies":"3 Sentries","floor":10.0,"turns":8.0},{"damage":6.0,"enemies":"Large Slime","floor":11.0,"turns":7.0},{"damage":8.0,"enemies":"Gremlin Nob","floor":12.0,"turns":3.0},{"damage":6.0,"enemies":"Gremlin Gang","floor":14.0,"turns":6.0},{"damage":6.0,"enemies":"The Guardian","floor":16.0,"turns":11.0},{"damage":34.0,"enemies":"Chosen","floor":18.0,"turns":8.0},{"damage":6.0,"enemies":"Shell Parasite","floor":22.0,"turns":4.0},{"damage":21.0,"enemies":"Slavers","floor":24.0,"turns":11.0},{"damage":18.0,"enemies":"Cultist and Chosen","floor":29.0,"turns":5.0},{"damage":6.0,"enemies":"Book of Stabbing","floor":31.0,"turns":3.0},{"damage":36.0,"enemies":"Automaton","floor":33.0,"turns":10.0},{"damage":0.0,"enemies":"3 Shapes","floor":35.0,"turns":5.0},{"damage":6.0,"enemies":"Orb Walker","floor":37.0,"turns":2.0},{"damage":6.0,"enemies":"Jaw Worm Horde","floor":38.0,"turns":4.0},{"damage":6,"enemies":"Maw","floor":39,"turns":7},{"damage":6,"enemies":"Giant Head","floor":41,"turns":6},{"damage":6,"enemies":"3 Darklings","floor":42,"turns":3},{"damage":22,"enemies":"Reptomancer","floor":45,"turns":4},{"damage":7,"enemies":"Nemesis","floor":47,"turns":4},{"damage":37,"enemies":"Time Eater","floor":50,"turns":8}],"seed_played":"-1284545654202494965","potions_obtained":[{"floor":1.0,"key":"LiquidBronze"},{"floor":6.0,"key":"SteroidPotion"},{"floor":10.0,"key":"SpeedPotion"},{"floor":12.0,"key":"Explosive Potion"},{"floor":16.0,"key":"Strength Potion"},{"floor":24.0,"key":"Fruit Juice"},{"floor":45,"key":"PowerPotion"},{"floor":47,"key":"SpeedPotion"}],"is_trial":false,"path_per_floor":["M","?","M","M","M","E","R","M","T","E","M","E","R","M","R","B",null,"M","?","$","?","M","R","E","R","T","?","R","M","$","E","R","B",null,"M","$","M","M","M","R","E","M","T","R","E","R","E","?","R","B",null],"character_chosen":"IRONCLAD","items_purchased":["Vajra","Inflame","FearPotion","Evolve","Feed","Master of Strategy"],"campfire_rested":2,"item_purchase_floors":[20,20,20,30,30,36],"current_hp_per_floor":[72,72,72,72,72,50,50,41,41,39,39,37,37,37,37,37,63,35,35,35,35,35,35,25,25,25,18,41,29,29,29,52,25,66,75,75,78,81,81,89,89,89,89,89,73,85,86,86,89,58],"gold":494,"neow_bonus":"REMOVE_TWO","is_prod":false,"is_daily":false,"chose_seed":false,"campfire_upgraded":9,"win_rate":0,"timestamp":1548822246,"path_taken":["M","?","M","?","M","E","R","M","T","E","M","E","R","M","R","BOSS","M","?","$","?","?","R","E","R","T","?","R","M","$","E","R","BOSS","M","$","?","M","?","R","E","M","T","R","E","R","E","?","R","BOSS"],"build_version":"2019-01-23","purchased_purges":1,"victory":true,"max_hp_per_floor":[72,72,72,72,72,72,72,72,72,72,72,72,72,72,72,72,72,72,72,72,72,72,72,77,77,77,77,77,77,77,77,77,80,80,83,83,86,89,89,89,89,89,89,89,89,89,89,89,89,89],"card_choices":[{"not_picked":["Metallicize","Thunderclap"],"picked":"Ghostly Armor","floor":1.0},{"not_picked":["Sword Boomerang","Thunderclap"],"picked":"Rampage","floor":3.0},{"not_picked":["Dual Wield","Intimidate"],"picked":"Shrug It Off","floor":4.0},{"not_picked":["Warcry","Sword Boomerang","Bloodletting"],"picked":"SKIP","floor":5.0},{"not_picked":["Body Slam","Searing Blow","Twin Strike"],"picked":"SKIP","floor":6.0},{"not_picked":["Iron Wave","Perfected Strike"],"picked":"Offering","floor":8.0},{"not_picked":["Clothesline","Carnage","Second Wind"],"picked":"SKIP","floor":10.0},{"not_picked":["Armaments","Sever Soul","Seeing Red"],"picked":"SKIP","floor":11.0},{"not_picked":["Clothesline","Thunderclap"],"picked":"True Grit","floor":12.0},{"not_picked":["Heavy Blade","Clash","Thunderclap"],"picked":"SKIP","floor":14.0},{"not_picked":["Twin Strike","Feel No Pain"],"picked":"Battle Trance","floor":18.0},{"not_picked":["Sword Boomerang","Wild Strike","Heavy Blade"],"picked":"SKIP","floor":22.0},{"not_picked":["Juggernaut","Ghostly Armor","True Grit"],"picked":"SKIP","floor":24.0},{"not_picked":["Armaments","Havoc+1"],"picked":"Body Slam+1","floor":29.0},{"not_picked":["Combust","True Grit","Wild Strike"],"picked":"SKIP","floor":31.0},{"not_picked":["Power Through","Armaments+1"],"picked":"Shrug It Off","floor":35.0},{"not_picked":["Heavy Blade","Spot Weakness+1","Clash+1"],"picked":"SKIP","floor":37.0},{"not_picked":["Second Wind+1","Body Slam+1","Clothesline"],"picked":"SKIP","floor":38.0},{"not_picked":["Havoc+1","Pommel Strike"],"picked":"Whirlwind+1","floor":39},{"not_picked":["Perfected Strike","Body Slam+1","Pommel Strike"],"picked":"SKIP","floor":41},{"not_picked":["Fire Breathing+1","Sword Boomerang","Warcry"],"picked":"SKIP","floor":42},{"not_picked":["Entrench","Dark Embrace","Power Through"],"picked":"SKIP","floor":45},{"not_picked":["Infernal Blade+1","Body Slam+1","Twin Strike"],"picked":"SKIP","floor":47}],"player_experience":187253,"relics_obtained":[{"floor":6.0,"key":"Ice Cream"},{"floor":9.0,"key":"Lantern"},{"floor":10.0,"key":"Oddly Smooth Stone"},{"floor":12.0,"key":"Self Forming Clay"},{"floor":24.0,"key":"Happy Flower"},{"floor":26.0,"key":"Orichalcum"},{"floor":31.0,"key":"Bag of Marbles"},{"floor":41,"key":"Champion Belt"},{"floor":43,"key":"Blood Vial"},{"floor":45,"key":"Pen Nib"},{"floor":47,"key":"Omamori"}],"event_choices":[{"damage_healed":0.0,"max_hp_gain":0.0,"max_hp_loss":0.0,"gold_gain":0.0,"event_name":"Match and Keep!","player_choice":"2 cards matched","floor":2.0,"gold_loss":0.0,"damage_taken":0.0,"cards_obtained":["Trip","Shrug It Off"]},{"damage_healed":0.0,"max_hp_gain":0.0,"max_hp_loss":0.0,"gold_gain":0.0,"event_name":"Back to Basics","player_choice":"Simplicity","floor":19.0,"gold_loss":0.0,"damage_taken":0.0,"cards_upgraded":["Strike_R","Strike_R","Strike_R","Defend_R","Defend_R","Defend_R","Defend_R"]},{"damage_healed":0.0,"max_hp_gain":0.0,"max_hp_loss":0.0,"gold_gain":0.0,"event_name":"N\u0027loth","player_choice":"Ignored","floor":21.0,"gold_loss":0.0,"damage_taken":0.0},{"damage_healed":0.0,"max_hp_gain":0.0,"max_hp_loss":0.0,"gold_gain":75.0,"event_name":"FaceTrader","player_choice":"Touch","floor":27.0,"gold_loss":0.0,"damage_taken":7.0},{"damage_healed":0,"gold_gain":275,"player_choice":"Desecrate","damage_taken":0,"max_hp_gain":0,"max_hp_loss":0,"event_name":"Golden Shrine","floor":48,"gold_loss":0,"cards_obtained":["Regret"]}],"is_beta":false,"boss_relics":[{"not_picked":["Pandora\u0027s Box","Snecko Eye"],"picked":"Mark of Pain"},{"not_picked":["Coffee Dripper","Runic Cube"],"picked":"Eternal Feather"}],"items_purged_floors":[20],"is_endless":false,"potions_floor_spawned":[1,6,10,12,16,22,24,45,47],"ascension_level":7}