{"gold_per_floor":[364,374,391,188,206,206,239,254,254,254,269,6,6,26,26,97,97,110,127,52,63,63,63,63,96,96,96,96,122,122,139,139,214,214,227,22,22,33,33,33],"floor_reached":40,"playtime":3182,"items_purged":["Strike_G","Strike_G"],"score":852,"play_id":"0bc5aadc-5105-4a81-9f89-4e9a53b02f43","local_time":"20190209124208","is_ascension_mode":true,"campfire_choices":[{"data":"Dagger Spray","floor":6,"key":"SMITH"},{"data":"A Thousand Cuts","floor":10,"key":"SMITH"},{"data":"Footwork","floor":13,"key":"SMITH"},{"data":"Neutralize","floor":15,"key":"SMITH"},{"floor":23,"key":"REST"},{"floor":27,"key":"REST"},{"floor":32,"key":"REST"}],"neow_cost":"TEN_PERCENT_HP_LOSS","seed_source_timestamp":352084686241300,"circlet_count":0,"master_deck":["AscendersBane","Defend_G+1","Defend_G+1","Defend_G+1","Defend_G+1","Defend_G+1","Strike_G+1","Strike_G+1","Survivor","Neutralize+1","Deadly Poison","Footwork+1","Dagger Spray+1","Finisher","Cloak And Dagger","Bane","A Thousand Cuts+1","Dash","Well Laid Plans","Backstab","Backflip","Corpse Explosion","PiercingWail+1","Caltrops+1","Ghostly+1","Ghostly","Ghostly","Sucker Punch+1","Malaise","Backflip","Infinite Blades","Footwork"],"relics":["Ring of the Snake","The Specimen","Pantograph","Fusion Hammer","Vajra","War Paint","MutagenicStrength","Paper Crane","Eternal Feather","Lantern"],"potions_floor_usage":[5,16,16,29,33,40],"damage_taken":[{"damage":6,"enemies":"Cultist","floor":1,"turns":6},{"damage":1,"enemies":"Small Slimes","floor":2,"turns":4},{"damage":8,"enemies":"Jaw Worm","floor":3,"turns":7},{"damage":0,"enemies":"2 Fungi Beasts","floor":5,"turns":3},{"damage":13,"enemies":"3 Sentries","floor":7,"turns":12},{"damage":13,"enemies":"3 Louse","floor":8,"turns":3},{"damage":3,"enemies":"Looter","floor":11,"turns":4},{"damage":2,"enemies":"Red Slaver","floor":14,"turns":3},{"damage":20,"enemies":"Hexaghost","floor":16,"turns":12},{"damage":11,"enemies":"2 Thieves","floor":18,"turns":4},{"damage":13,"enemies":"Spheric Guardian","floor":19,"turns":6},{"damage":15,"enemies":"Snake Plant","floor":21,"turns":5},{"damage":13,"enemies":"Slavers","floor":25,"turns":6},{"damage":1,"enemies":"Gremlin Leader","floor":29,"turns":6},{"damage":22,"enemies":"Shelled Parasite and Fungi","floor":31,"turns":4},{"damage":17,"enemies":"Champ","floor":33,"turns":16},{"damage":0,"enemies":"3 Shapes","floor":35,"turns":1},{"damage":0,"enemies":"3 Darklings","floor":38,"turns":3},{"damage":44,"enemies":"Reptomancer","floor":40,"turns":3}],"seed_played":"7374666920945185493","potions_obtained":[{"floor":5,"key":"SpeedPotion"},{"floor":7,"key":"Weak Potion"},{"floor":8,"key":"Swift Potion"},{"floor":11,"key":"GamblersBrew"},{"floor":16,"key":"Swift Potion"},{"floor":19,"key":"Explosive Potion"},{"floor":29,"key":"Explosive Potion"},{"floor":31,"key":"Energy Potion"},{"floor":33,"key":"AttackPotion"},{"floor":35,"key":"PowerPotion"}],"is_trial":false,"path_per_floor":["M","M","M","$","M","R","E","M","T","R","M","$","R","M","R","B",null,"M","M","?","M","?","R","?","E","T","R","?","E","$","M","R","B",null,"M","$","?","M","?","E"],"character_chosen":"THE_SILENT","items_purchased":["PowerPotion","Finisher","Well Laid Plans","Backstab","Lantern","Infinite Blades"],"campfire_rested":3,"item_purchase_floors":[4,4,12,12,36,36],"current_hp_per_floor":[53,52,44,44,44,44,31,18,18,18,15,15,15,13,13,18,50,39,26,26,11,11,29,29,16,16,25,25,24,24,2,11,13,26,26,26,26,26,26,0],"gold":33,"neow_bonus":"TWO_FIFTY_GOLD","is_prod":false,"is_daily":false,"chose_seed":false,"campfire_upgraded":4,"win_rate":0,"timestamp":1549712528,"path_taken":["M","M","M","$","?","R","E","M","T","R","M","$","R","M","R","BOSS","M","M","?","M","?","R","?","E","T","R","?","E","?","M","R","BOSS","M","$","?","M","?","E"],"build_version":"2019-01-23","purchased_purges":2,"victory":false,"max_hp_per_floor":[60,60,60,60,60,60,60,60,60,60,60,60,60,60,60,60,60,60,60,60,60,60,60,30,30,30,30,30,30,30,30,30,30,30,30,30,30,30,28,28],"card_choices":[{"not_picked":["Dodge and Roll","PiercingWail"],"picked":"Deadly Poison","floor":1},{"not_picked":["Infinite Blades","Escape Plan"],"picked":"Footwork","floor":2},{"not_picked":["Bouncing Flask","Backflip"],"picked":"Dagger Spray","floor":3},{"not_picked":["Calculated Gamble","Quick Slash"],"picked":"Cloak And Dagger","floor":5},{"not_picked":["Prepared","Accuracy"],"picked":"Bane","floor":7},{"not_picked":["Quick Slash","Deflect"],"picked":"A Thousand Cuts","floor":8},{"not_picked":["Predator","Skewer"],"picked":"Dash","floor":11},{"not_picked":["Poisoned Stab","Storm of Steel"],"picked":"Backflip","floor":14},{"not_picked":["Bullet Time","Storm of Steel"],"picked":"Corpse Explosion","floor":16},{"not_picked":["Dagger Spray","Terror"],"picked":"PiercingWail","floor":18},{"not_picked":["Outmaneuver","Flying Knee"],"picked":"Caltrops+1","floor":19},{"not_picked":["Flying Knee","Choke","Slice"],"picked":"SKIP","floor":21},{"not_picked":["Heel Hook","Bane","Deadly Poison"],"picked":"SKIP","floor":25},{"not_picked":["Flying Knee+1","Riddle With Holes+1"],"picked":"Sucker Punch+1","floor":29},{"not_picked":["Dagger Spray","Tools of the Trade","Setup"],"picked":"SKIP","floor":31},{"not_picked":["Unload","Bullet Time"],"picked":"Malaise","floor":33},{"not_picked":["Accuracy+1","Sucker Punch"],"picked":"Backflip","floor":35},{"not_picked":["Cloak And Dagger","Riddle With Holes"],"picked":"Footwork","floor":38}],"player_experience":503518,"relics_obtained":[{"floor":7,"key":"The Specimen"},{"floor":9,"key":"Pantograph"},{"floor":25,"key":"Vajra"},{"floor":26,"key":"War Paint"},{"floor":29,"key":"Paper Crane"}],"event_choices":[{"cards_removed":["Strike_G"],"damage_healed":0,"gold_gain":0,"player_choice":"Gave Gold","damage_taken":0,"max_hp_gain":0,"max_hp_loss":0,"event_name":"Beggar","floor":20,"gold_loss":75},{"damage_healed":0,"gold_gain":0,"player_choice":"Simplicity","damage_taken":0,"max_hp_gain":0,"max_hp_loss":0,"event_name":"Back to Basics","floor":22,"gold_loss":0,"cards_upgraded":["Defend_G","Defend_G","Defend_G","Defend_G","Defend_G","Strike_G","Strike_G"]},{"damage_healed":0,"gold_gain":0,"player_choice":"Became a Ghost","damage_taken":0,"max_hp_gain":0,"max_hp_loss":30,"event_name":"Ghosts","floor":24,"gold_loss":0,"cards_obtained":["Ghostly","Ghostly","Ghostly"]},{"damage_healed":0,"gold_gain":0,"player_choice":"Inject Mutagens","damage_taken":0,"relics_obtained":["MutagenicStrength"],"max_hp_gain":0,"max_hp_loss":0,"event_name":"Drug Dealer","floor":28,"gold_loss":0},{"damage_healed":0,"gold_gain":0,"player_choice":"Memory 1","damage_taken":0,"max_hp_gain":0,"max_hp_loss":0,"event_name":"SensoryStone","floor":37,"gold_loss":0},{"damage_healed":0,"gold_gain":0,"player_choice":"Max HP","damage_taken":0,"max_hp_gain":0,"max_hp_loss":2,"event_name":"Winding Halls","floor":39,"gold_loss":0}],"is_beta":false,"boss_relics":[{"not_picked":["Calling Bell","Runic Pyramid"],"picked":"Fusion Hammer"},{"not_picked":["Tiny House","Lizard Tail"],"picked":"Eternal Feather"}],"items_purged_floors":[4,12],"is_endless":false,"potions_floor_spawned":[5,7,8,11,16,19,29,31,33,35],"killed_by":"Reptomancer","ascension_level":20}