{"gold_per_floor":[210,229,239,251,137,137,155,155,155,174,192,192,203,203,203,280,280,205,205,205,23,23,23,23,0,0,0,0,0,0,0,0,0],"floor_reached":33,"playtime":2631,"items_purged":["Strike_G","Writhe"],"score":462,"play_id":"839f0c1e-9872-4f70-9b40-1fc5f2bb754a","local_time":"20181026000103","is_ascension_mode":true,"campfire_choices":[{"data":"Footwork","floor":6.0,"key":"SMITH"},{"data":"Footwork","floor":12.0,"key":"SMITH"},{"data":"Deadly Poison","floor":15.0,"key":"SMITH"},{"data":"Blade Dance","floor":23.0,"key":"SMITH"},{"data":"Catalyst","floor":27.0,"key":"SMITH"},{"floor":32.0,"key":"REST"}],"neow_cost":"NONE","seed_source_timestamp":0,"circlet_count":0,"master_deck":["Defend_G","Defend_G","Defend_G","Defend_G","Defend_G","Strike_G","Strike_G","Survivor","Neutralize","AscendersBane","Sucker Punch","Footwork+1","Caltrops","Deadly Poison+1","Dodge and Roll","Footwork+1","Flying Knee","Die Die Die","Catalyst+1","Catalyst+1","Blade Dance+1","Dagger Spray","Accuracy","Decay","Sucker Punch+1","Deflect"],"special_seed":0,"relics":["Ring of the Snake","Pear","Peace Pipe","Ectoplasm","Mercury Hourglass","Kunai","Regal Pillow"],"potions_floor_usage":[33],"damage_taken":[{"damage":0.0,"enemies":"Small Slimes","floor":1.0,"turns":4.0},{"damage":0.0,"enemies":"Cultist","floor":2.0,"turns":5.0},{"damage":4.0,"enemies":"Jaw Worm","floor":3.0,"turns":6.0},{"damage":0.0,"enemies":"Large Slime","floor":4.0,"turns":12.0},{"damage":0.0,"enemies":"2 Fungi Beasts","floor":7.0,"turns":5.0},{"damage":1.0,"enemies":"Blue Slaver","floor":10.0,"turns":6.0},{"damage":18.0,"enemies":"Lots of Slimes","floor":11.0,"turns":7.0},{"damage":11.0,"enemies":"3 Louse","floor":13.0,"turns":5.0},{"damage":2.0,"enemies":"The Guardian","floor":16.0,"turns":13.0},{"damage":20.0,"enemies":"2 Thieves","floor":18.0,"turns":5.0},{"damage":2.0,"enemies":"3 Byrds","floor":22.0,"turns":3.0},{"damage":28.0,"enemies":"Snake Plant","floor":30.0,"turns":4.0},{"damage":5.0,"enemies":"Sentry and Sphere","floor":31.0,"turns":6.0},{"damage":46,"enemies":"Champ","floor":33,"turns":17}],"seed_played":"7166749013786918892","potions_obtained":[{"floor":1.0,"key":"Swift Potion"},{"floor":2.0,"key":"Fire Potion"},{"floor":22.0,"key":"PowerPotion"},{"floor":31.0,"key":"Weak Potion"}],"is_trial":false,"path_per_floor":["M","M","M","M","$","R","M","?","T","M","M","R","M","?","R","B",null,"M","?","T","$","M","R","?","?","T","R","?","?","M","M","R"],"character_chosen":"THE_SILENT","items_purchased":["Caltrops","Catalyst"],"campfire_rested":1,"item_purchase_floors":[5,21],"current_hp_per_floor":[59,59,55,55,55,55,55,46,56,55,37,37,26,21,21,19,62,42,42,42,42,40,40,40,40,40,40,40,40,12,7,44,0],"gold":0,"neow_bonus":"HUNDRED_GOLD","is_prod":false,"is_daily":false,"chose_seed":false,"campfire_upgraded":5,"win_rate":0,"timestamp":1540526463,"path_taken":["M","M","M","M","$","R","M","?","T","M","M","R","M","?","R","BOSS","M","?","?","$","M","R","?","?","T","R","?","?","M","M","R","BOSS"],"build_version":"2018-10-25","purchased_purges":2,"victory":false,"max_hp_per_floor":[66,66,66,66,66,66,66,66,76,76,76,76,76,76,76,76,76,76,76,76,76,76,76,76,76,76,76,76,76,76,76,76,76],"card_choices":[{"not_picked":["Reflex","Dagger Throw"],"picked":"Sucker Punch","floor":1.0},{"not_picked":["Accuracy","Bane"],"picked":"Footwork","floor":2.0},{"not_picked":["Dagger Throw","Choke","Concentrate"],"picked":"SKIP","floor":3.0},{"not_picked":["Unload","Riddle With Holes","Slice"],"picked":"SKIP","floor":4.0},{"not_picked":["Backflip","Blur"],"picked":"Deadly Poison","floor":7.0},{"not_picked":["Underhanded Strike","Masterful Stab"],"picked":"Dodge and Roll","floor":10.0},{"not_picked":["Infinite Blades","Heel Hook"],"picked":"Footwork","floor":11.0},{"not_picked":["Dagger Throw","Acrobatics"],"picked":"Flying Knee","floor":13.0},{"not_picked":["Glass Knife","Bullet Time"],"picked":"Die Die Die","floor":16.0},{"not_picked":["Choke","All Out Attack"],"picked":"Catalyst+1","floor":18.0},{"not_picked":["Riddle With Holes","Deadly Poison"],"picked":"Blade Dance","floor":22.0},{"not_picked":["Deflect","Slice"],"picked":"Sucker Punch+1","floor":30.0},{"not_picked":["Poisoned Stab","Prepared"],"picked":"Deflect","floor":31.0}],"player_experience":3173029,"relics_obtained":[{"floor":9.0,"key":"Pear"},{"floor":20.0,"key":"Kunai"},{"floor":26.0,"key":"Regal Pillow"}],"event_choices":[{"damage_healed":0.0,"max_hp_gain":0.0,"max_hp_loss":0.0,"gold_gain":0.0,"event_name":"Wheel of Change","player_choice":"Damaged","floor":8.0,"gold_loss":0.0,"damage_taken":9.0},{"damage_healed":0.0,"max_hp_gain":0.0,"max_hp_loss":0.0,"gold_gain":0.0,"event_name":"Scrap Ooze","player_choice":"Success","floor":14.0,"gold_loss":0.0,"damage_taken":5.0,"relics_obtained":["Peace Pipe"]},{"damage_healed":0.0,"max_hp_gain":0.0,"max_hp_loss":0.0,"gold_gain":0.0,"event_name":"The Mausoleum","player_choice":"Opened","floor":19.0,"gold_loss":0.0,"damage_taken":0.0,"relics_obtained":["Mercury Hourglass"],"cards_obtained":["Writhe"]},{"damage_healed":0.0,"max_hp_gain":0.0,"max_hp_loss":0.0,"gold_gain":0.0,"cards_transformed":["Strike_G","Strike_G"],"event_name":"Drug Dealer","player_choice":"Became Test Subject","floor":24.0,"gold_loss":0.0,"damage_taken":0.0,"cards_obtained":["Dagger Spray","Accuracy"]},{"damage_healed":0.0,"max_hp_gain":0.0,"max_hp_loss":0.0,"gold_gain":0.0,"event_name":"Masked Bandits","player_choice":"Paid Fearfully","floor":25.0,"gold_loss":23.0,"damage_taken":0.0},{"damage_healed":0.0,"max_hp_gain":0.0,"max_hp_loss":0.0,"gold_gain":0.0,"event_name":"Forgotten Altar","player_choice":"Smashed Altar","floor":28.0,"gold_loss":0.0,"damage_taken":0.0,"cards_obtained":["Decay"]},{"damage_healed":0.0,"max_hp_gain":0.0,"max_hp_loss":0.0,"gold_gain":50.0,"event_name":"Nest","player_choice":"Stole From Cult","floor":29.0,"gold_loss":0.0,"damage_taken":0.0}],"is_beta":false,"boss_relics":[{"not_picked":["Fusion Hammer","Tiny House"],"picked":"Ectoplasm"}],"items_purged_floors":[5,21],"is_endless":false,"potions_floor_spawned":[1,2,11,22,31],"killed_by":"Champ","ascension_level":15}