{"gold_per_floor":[112,112,127,137,152,152,180,150,196,211,221,221,248,258,258,336,336,352,352,32,52,69,69,89,89,137,160,177,177,208,222,222,299,299,314,332,38,38,52,52,80,80,80,180,0,20,31,61,61,61,61],"floor_reached":52,"playtime":8232,"items_purged":["Eviscerate+1"],"score":1867,"play_id":"9f9eb4c6-9ea8-4407-a1be-a9bdc96ec70e","local_time":"20190107003125","is_ascension_mode":true,"campfire_choices":[{"data":"Dash","floor":6.0,"key":"SMITH"},{"data":"Poisoned Stab","floor":12.0,"key":"SMITH"},{"data":"Deflect","floor":15.0,"key":"SMITH"},{"data":"Well Laid Plans","floor":23.0,"key":"SMITH"},{"data":"Blade Dance","floor":29.0,"key":"SMITH"},{"data":"Cloak And Dagger","floor":32.0,"key":"SMITH"},{"data":"Noxious Fumes","floor":40,"key":"SMITH"},{"data":"After Image","floor":49,"key":"SMITH"}],"neow_cost":"NONE","seed_source_timestamp":1771711645302142,"circlet_count":0,"master_deck":["AscendersBane","Defend_G","Defend_G","Defend_G","Defend_G","Defend_G","Strike_G","Survivor","Neutralize+1","Poisoned Stab+1","Dash+1","Skewer","Deflect+1","After Image+1","Bane+1","Masterful Stab+1","Dodge and Roll","Well Laid Plans+1","Blade Dance+1","Escape Plan","PiercingWail","PiercingWail","Dagger Spray","Corpse Explosion","Cloak And Dagger+1","Adrenaline","Finisher+1","Noxious Fumes+1","Footwork","Acrobatics","Sucker Punch+1","Deadly Poison+1","Backflip","Leg Sweep+1","Predator+1","Sucker Punch+1","Footwork"],"special_seed":0,"relics":["Ring of the Snake","Potion Belt","Kunai","Anchor","Vajra","Astrolabe","Membership Card","Enchiridion","Happy Flower","Lantern","Molten Egg 2","Coffee Dripper","Ornamental Fan","Bottled Flame","Centennial Puzzle","Dodecahedron","Prayer Wheel","Red Mask","Ice Cream"],"potions_floor_usage":[39,39,39,41,41,41,47,50,51],"damage_taken":[{"damage":4.0,"enemies":"Small Slimes","floor":1.0,"turns":5.0},{"damage":0.0,"enemies":"2 Louse","floor":3.0,"turns":4.0},{"damage":0.0,"enemies":"Cultist","floor":4.0,"turns":4.0},{"damage":12.0,"enemies":"2 Fungi Beasts","floor":5.0,"turns":5.0},{"damage":11.0,"enemies":"Gremlin Nob","floor":7.0,"turns":4.0},{"damage":0.0,"enemies":"Looter","floor":10.0,"turns":3.0},{"damage":0.0,"enemies":"Blue Slaver","floor":11.0,"turns":4.0},{"damage":14.0,"enemies":"Lagavulin","floor":13.0,"turns":6.0},{"damage":0.0,"enemies":"Exordium Thugs","floor":14.0,"turns":3.0},{"damage":13.0,"enemies":"The Guardian","floor":16.0,"turns":15.0},{"damage":2.0,"enemies":"Chosen","floor":18.0,"turns":6.0},{"damage":0.0,"enemies":"Colosseum Slavers","floor":19.0,"turns":2.0},{"damage":0.0,"enemies":"Colosseum Nobs","floor":19.0,"turns":3.0},{"damage":3.0,"enemies":"Spheric Guardian","floor":21.0,"turns":7.0},{"damage":7.0,"enemies":"Snake Plant","floor":22.0,"turns":7.0},{"damage":0.0,"enemies":"Cultist and Chosen","floor":24.0,"turns":9.0},{"damage":0.0,"enemies":"Sentry and Sphere","floor":28.0,"turns":5.0},{"damage":0.0,"enemies":"Book of Stabbing","floor":30.0,"turns":5.0},{"damage":5.0,"enemies":"Centurion and Healer","floor":31.0,"turns":6.0},{"damage":21.0,"enemies":"Automaton","floor":33.0,"turns":16.0},{"damage":0.0,"enemies":"3 Darklings","floor":35.0,"turns":5.0},{"damage":0.0,"enemies":"3 Shapes","floor":36.0,"turns":3.0},{"damage":0,"enemies":"Jaw Worm Horde","floor":39,"turns":2},{"damage":5,"enemies":"Giant Head","floor":41,"turns":9},{"damage":0,"enemies":"Mind Bloom Boss Battle","floor":44,"turns":8},{"damage":25,"enemies":"Spire Growth","floor":46,"turns":6},{"damage":5,"enemies":"Transient","floor":47,"turns":6},{"damage":5,"enemies":"Nemesis","floor":48,"turns":7},{"damage":8,"enemies":"Time Eater","floor":50,"turns":14},{"damage":2,"enemies":"Awakened One","floor":51,"turns":35}],"seed_played":"3070951732631046714","potions_obtained":[{"floor":1.0,"key":"SmokeBomb"},{"floor":3.0,"key":"Regen Potion"},{"floor":4.0,"key":"FearPotion"},{"floor":8.0,"key":"Regen Potion"},{"floor":8.0,"key":"Fire Potion"},{"floor":11.0,"key":"FearPotion"},{"floor":14.0,"key":"SkillPotion"},{"floor":21.0,"key":"Dexterity Potion"},{"floor":22.0,"key":"FearPotion"},{"floor":24.0,"key":"Regen Potion"},{"floor":30.0,"key":"Regen Potion"},{"floor":39,"key":"Fruit Juice"},{"floor":46,"key":"SpeedPotion"},{"floor":48,"key":"SpeedPotion"}],"is_trial":false,"path_per_floor":["M","?","M","M","M","R","E","?","T","M","M","R","E","M","R","B",null,"M","?","$","M","M","R","M","?","T","T","M","R","E","M","R","B",null,"M","M","$","T","M","R","E","?","T","?","?","M","M","E","R","B","B",null],"character_chosen":"THE_SILENT","items_purchased":["Membership Card","Well Laid Plans","Blade Dance","AttackPotion","Ornamental Fan","Footwork","Acrobatics","EntropicBrew"],"campfire_rested":0,"item_purchase_floors":[20,20,20,20,37,37,37,37],"current_hp_per_floor":[55,55,55,55,43,43,32,32,32,41,41,41,42,42,42,29,57,55,55,55,52,45,45,45,24,24,24,39,39,39,49,49,28,57,57,57,57,57,57,57,57,57,57,57,57,32,27,22,22,14,12],"gold":61,"neow_bonus":"RANDOM_COMMON_RELIC","is_prod":false,"is_daily":false,"chose_seed":false,"campfire_upgraded":8,"win_rate":0,"timestamp":1546849885,"path_taken":["M","?","M","M","M","R","E","?","T","M","?","R","E","M","R","BOSS","M","?","$","M","M","R","M","?","T","?","?","R","E","M","R","BOSS","M","M","$","?","M","R","E","?","T","?","?","M","?","E","R","BOSS","BOSS"],"build_version":"2019-01-03v4","purchased_purges":1,"victory":true,"max_hp_per_floor":[66,66,66,66,66,66,66,66,66,66,66,66,66,66,66,66,66,66,66,66,66,66,66,66,66,66,66,66,66,66,66,66,66,66,66,66,66,66,66,66,71,71,71,71,71,71,71,71,71,71,71],"card_choices":[{"not_picked":["Choke","Outmaneuver","Flechettes"],"picked":"SKIP","floor":1.0},{"not_picked":["Deadly Poison","Acrobatics"],"picked":"Poisoned Stab","floor":3.0},{"not_picked":["Outmaneuver","Dodge and Roll"],"picked":"Dash","floor":4.0},{"not_picked":["Slice","Storm of Steel","Acrobatics"],"picked":"SKIP","floor":5.0},{"not_picked":["Setup","Caltrops"],"picked":"Skewer","floor":7.0},{"not_picked":["Blade Dance","Terror","Heel Hook"],"picked":"SKIP","floor":10.0},{"not_picked":["Distraction","Riddle With Holes","Reflex"],"picked":"SKIP","floor":11.0},{"not_picked":["Burst","Underhanded Strike","Concentrate"],"picked":"SKIP","floor":13.0},{"not_picked":["Poisoned Stab","Choke"],"picked":"Deflect","floor":14.0},{"not_picked":["A Thousand Cuts","Envenom"],"picked":"After Image","floor":16.0},{"not_picked":["Bane","Choke"],"picked":"Dodge and Roll","floor":18.0},{"not_picked":["Well Laid Plans","Underhanded Strike"],"picked":"Escape Plan","floor":21.0},{"not_picked":["Masterful Stab","Catalyst"],"picked":"PiercingWail","floor":22.0},{"not_picked":["Dash","Dagger Throw"],"picked":"PiercingWail","floor":24.0},{"not_picked":["Tactician","Blade Dance"],"picked":"Dagger Spray","floor":28.0},{"not_picked":["Underhanded Strike","Backflip"],"picked":"Corpse Explosion","floor":30.0},{"not_picked":["Caltrops","Bane+1"],"picked":"Cloak And Dagger","floor":31.0},{"not_picked":["Tools of the Trade","Phantasmal Killer"],"picked":"Adrenaline","floor":33.0},{"not_picked":["Prepared","Quick Slash+1"],"picked":"Finisher+1","floor":35.0},{"not_picked":["Poisoned Stab+1","Terror"],"picked":"Noxious Fumes","floor":36.0},{"not_picked":["Cloak And Dagger","Outmaneuver"],"picked":"Sucker Punch+1","floor":39},{"not_picked":["Blade Dance","Finisher+1","Grand Finale+1"],"picked":"SKIP","floor":41},{"not_picked":["Distraction","Sucker Punch+1"],"picked":"Deadly Poison+1","floor":44},{"not_picked":["Expertise","Poisoned Stab+1"],"picked":"Backflip","floor":46},{"not_picked":["Underhanded Strike+1","Bane+1"],"picked":"Leg Sweep+1","floor":46},{"not_picked":["Dagger Spray+1","Poisoned Stab+1"],"picked":"Predator+1","floor":47},{"not_picked":["Accuracy","PiercingWail+1"],"picked":"Sucker Punch+1","floor":47},{"not_picked":["Accuracy","Finisher+1"],"picked":"Footwork","floor":48}],"player_experience":366161,"relics_obtained":[{"floor":7.0,"key":"Kunai"},{"floor":9.0,"key":"Anchor"},{"floor":13.0,"key":"Vajra"},{"floor":25.0,"key":"Enchiridion"},{"floor":26.0,"key":"Happy Flower"},{"floor":27.0,"key":"Lantern"},{"floor":30.0,"key":"Molten Egg 2"},{"floor":38.0,"key":"Bottled Flame"},{"floor":41,"key":"Centennial Puzzle"},{"floor":43,"key":"Dodecahedron"},{"floor":44,"key":"Prayer Wheel"},{"floor":48,"key":"Ice Cream"}],"event_choices":[{"damage_healed":0.0,"max_hp_gain":0.0,"max_hp_loss":0.0,"gold_gain":0.0,"event_name":"Living Wall","player_choice":"Grow","floor":2.0,"gold_loss":0.0,"damage_taken":0.0,"cards_upgraded":["Neutralize"]},{"damage_healed":0.0,"max_hp_gain":0.0,"max_hp_loss":0.0,"gold_gain":0.0,"event_name":"The Woman in Blue","player_choice":"Bought 2 Potions","floor":8.0,"gold_loss":0.0,"damage_taken":0.0},{"damage_healed":0.0,"max_hp_gain":0.0,"max_hp_loss":0.0,"gold_gain":0.0,"event_name":"Colosseum","player_choice":"Fight","floor":19.0,"gold_loss":0.0,"damage_taken":0.0},{"damage_healed":0.0,"max_hp_gain":0.0,"max_hp_loss":0.0,"gold_gain":0.0,"event_name":"Colosseum","player_choice":"Fought Nobs","floor":19.0,"gold_loss":0.0,"damage_taken":0.0},{"damage_healed":0.0,"max_hp_gain":0.0,"max_hp_loss":0.0,"gold_gain":0.0,"event_name":"Cursed Tome","player_choice":"Obtained Book","floor":25.0,"gold_loss":0.0,"damage_taken":21.0},{"cards_removed":["Strike_G"],"damage_healed":0,"gold_gain":0,"player_choice":"Removed Attack","damage_taken":0,"max_hp_gain":0,"max_hp_loss":0,"event_name":"Falling","floor":42,"gold_loss":0},{"damage_healed":0,"gold_gain":0,"player_choice":"Fight","damage_taken":0,"max_hp_gain":0,"max_hp_loss":0,"event_name":"MindBloom","floor":44,"gold_loss":0},{"damage_healed":0,"gold_gain":0,"player_choice":"Paid","damage_taken":0,"relics_obtained":["Red Mask"],"max_hp_gain":0,"max_hp_loss":0,"event_name":"Tomb of Lord Red Mask","floor":45,"gold_loss":180}],"is_beta":false,"boss_relics":[{"not_picked":["Tiny House","Black Star"],"picked":"Astrolabe"},{"not_picked":["Runic Pyramid","HoveringKite"],"picked":"Coffee Dripper"}],"items_purged_floors":[37],"is_endless":false,"potions_floor_spawned":[1,3,4,11,14,19,21,22,24,30,39,46,48],"ascension_level":20}