{"gold_per_floor":[112,112,112,112,122,157,169,169,169,119,119,137,137,148,148,247,247,263,5,24,24,37,37,37],"floor_reached":24,"playtime":1367,"items_purged":[],"score":254,"play_id":"ea21e2d2-a1a9-4aa2-a4c3-533c21b0bc4a","local_time":"20181221020049","is_ascension_mode":true,"campfire_choices":[{"data":"Footwork","floor":8,"key":"SMITH"},{"data":"Malaise","floor":11,"key":"SMITH"},{"data":"Skewer","floor":13,"key":"SMITH"},{"floor":15,"key":"REST"},{"data":"Dagger Spray","floor":23,"key":"SMITH"}],"neow_cost":"NONE","seed_source_timestamp":565044096303754,"circlet_count":0,"master_deck":["Defend_G","Defend_G","Defend_G","Defend_G","Defend_G","Strike_G","Strike_G","Strike_G","Survivor","Neutralize","Skewer+1","Footwork+1","Dagger Spray+1","Malaise+1","Leg Sweep","Dagger Throw","Burst","Sucker Punch","Noxious Fumes+1","Dagger Spray"],"relics":["Ring of the Snake","NeowsBlessing","Gremlin Horn","Dream Catcher","Letter Opener","Eternal Feather","Frozen Egg 2"],"potions_floor_usage":[16,16,16],"damage_taken":[{"damage":0,"enemies":"Small Slimes","floor":1,"turns":1},{"damage":0,"enemies":"2 Louse","floor":5,"turns":1},{"damage":0,"enemies":"3 Sentries","floor":6,"turns":1},{"damage":0,"enemies":"Jaw Worm","floor":7,"turns":4},{"damage":7,"enemies":"Looter","floor":12,"turns":5},{"damage":39,"enemies":"Exordium Wildlife","floor":14,"turns":8},{"damage":9,"enemies":"Hexaghost","floor":16,"turns":12},{"damage":17,"enemies":"Chosen","floor":18,"turns":8},{"damage":2,"enemies":"Shell Parasite","floor":20,"turns":13},{"damage":13,"enemies":"Snecko","floor":22,"turns":7},{"damage":52,"enemies":"Slavers","floor":24,"turns":4}],"seed_played":"1841678877795179453","potions_obtained":[{"floor":1,"key":"Swift Potion"},{"floor":6,"key":"LiquidBronze"},{"floor":12,"key":"Fire Potion"},{"floor":20,"key":"Strength Potion"}],"is_trial":false,"path_per_floor":["M","?","?","?","M","E","M","R","T","?","R","M","R","M","R","B",null,"M","$","M","?","M","R","E"],"character_chosen":"THE_SILENT","items_purchased":["Frozen Egg 2"],"campfire_rested":1,"item_purchase_floors":[19],"current_hp_per_floor":[70,70,70,63,63,63,63,63,63,63,63,56,56,17,38,29,70,53,53,51,51,38,50,0],"gold":37,"neow_bonus":"THREE_ENEMY_KILL","is_prod":false,"is_daily":false,"chose_seed":false,"campfire_upgraded":4,"win_rate":0,"timestamp":1545328849,"path_taken":["M","?","?","?","M","E","M","R","T","?","R","M","R","M","R","BOSS","M","$","M","?","M","R","E"],"build_version":"2018-12-13","purchased_purges":0,"victory":false,"max_hp_per_floor":[70,70,70,70,70,70,70,70,70,70,70,70,70,70,70,70,70,70,70,70,70,70,70,70],"card_choices":[{"not_picked":["Outmaneuver","Slice"],"picked":"Skewer","floor":1},{"not_picked":["Dagger Throw","Underhanded Strike"],"picked":"Footwork","floor":5},{"not_picked":["Deadly Poison","Finisher"],"picked":"Dagger Spray","floor":6},{"not_picked":["Eviscerate","Accuracy"],"picked":"Malaise","floor":7},{"not_picked":["Underhanded Strike","All Out Attack","Poisoned Stab"],"picked":"SKIP","floor":12},{"not_picked":["Dagger Throw","Backstab"],"picked":"Leg Sweep","floor":14},{"not_picked":["Crippling Poison","Expertise"],"picked":"Dagger Throw","floor":15},{"not_picked":["Bullet Time","Night Terror"],"picked":"Burst","floor":16},{"not_picked":["Crippling Poison","Flechettes"],"picked":"Sucker Punch","floor":18},{"not_picked":["Acrobatics+1","Slice+1"],"picked":"Noxious Fumes+1","floor":20},{"not_picked":["Slice+1","Deadly Poison"],"picked":"Dagger Spray","floor":22}],"player_experience":75521,"relics_obtained":[{"floor":6,"key":"Dream Catcher"},{"floor":9,"key":"Letter Opener"}],"event_choices":[{"damage_healed":0,"gold_gain":0,"player_choice":"Ignored","damage_taken":0,"max_hp_gain":0,"max_hp_loss":0,"event_name":"Shining Light","floor":2,"gold_loss":0},{"damage_healed":0,"gold_gain":0,"player_choice":"Ignored","damage_taken":0,"max_hp_gain":0,"max_hp_loss":0,"event_name":"Liars Game","floor":3,"gold_loss":0},{"damage_healed":0,"gold_gain":0,"player_choice":"Success","damage_taken":7,"relics_obtained":["Gremlin Horn"],"max_hp_gain":0,"max_hp_loss":0,"event_name":"Scrap Ooze","floor":4,"gold_loss":0},{"cards_removed":["Strike_G"],"damage_healed":0,"gold_gain":0,"player_choice":"Card Removal","damage_taken":0,"max_hp_gain":0,"max_hp_loss":0,"event_name":"The Cleric","floor":10,"gold_loss":50},{"cards_removed":["Strike_G"],"damage_healed":0,"gold_gain":0,"player_choice":"Elegance","damage_taken":0,"max_hp_gain":0,"max_hp_loss":0,"event_name":"Back to Basics","floor":21,"gold_loss":0}],"is_beta":false,"boss_relics":[{"not_picked":["Tiny House","White Beast Statue"],"picked":"Eternal Feather"}],"items_purged_floors":[],"is_endless":false,"potions_floor_spawned":[1,6,12,20],"killed_by":"Slavers","ascension_level":3}