{"gold_per_floor":[111,128,25,25,40,40,66,79,79,96,271,328,328,355,355,455,455,467,183,194,194,210,210,239,257,305,330,330,350,350,377,377,473,473,483,483,346,397,409,409,442,442,442,25,55,55,74,88,88,88],"floor_reached":51,"playtime":4809,"items_purged":["Doubt","Strike_R"],"score":983,"play_id":"3bac6c5a-3088-4b98-b87d-2205364e5f91","local_time":"20190123092619","is_ascension_mode":true,"campfire_choices":[{"data":"Body Slam","floor":6,"key":"SMITH"},{"data":"True Grit","floor":13,"key":"SMITH"},{"data":"Body Slam","floor":15,"key":"SMITH"},{"data":"Uppercut","floor":23,"key":"SMITH"},{"data":"Double Tap","floor":28,"key":"SMITH"},{"data":"Flame Barrier","floor":30,"key":"SMITH"},{"data":"Feel No Pain","floor":32,"key":"SMITH"},{"data":"Battle Trance","floor":40,"key":"SMITH"},{"data":"Offering","floor":46,"key":"SMITH"},{"data":"Exhume","floor":49,"key":"SMITH"}],"neow_cost":"NONE","seed_source_timestamp":33016048477800,"circlet_count":0,"master_deck":["Strike_R","Strike_R","Strike_R","Strike_R","Defend_R+1","Defend_R","Defend_R","Defend_R+1","Bash","Body Slam+1","True Grit+1","Feel No Pain+1","Corruption+1","Shrug It Off","Impervious+1","Flame Barrier+1","Body Slam+1","Double Tap+1","Uppercut+1","Battle Trance+1","Exhume+1","Burning Pact+1","Inflame+1","Corruption+1","Body Slam+1","Disarm+1","Offering+1","Mayhem+1","Feel No Pain+1","Burning Pact+1","Body Slam+1","Shrug It Off+1"],"relics":["Burning Blood","Blood Vial","Centennial Puzzle","Frozen Egg 2","War Paint","Coffee Dripper","HandDrill","MutagenicStrength","Pantograph","Omamori","Potion Belt","Matryoshka","Cursed Key","Charon\u0027s Ashes","Oddly Smooth Stone","MawBank","Letter Opener","Ornamental Fan"],"potions_floor_usage":[12,16,24,38],"damage_taken":[{"damage":0,"enemies":"Small Slimes","floor":1,"turns":3},{"damage":9,"enemies":"2 Louse","floor":2,"turns":3},{"damage":0,"enemies":"Jaw Worm","floor":5,"turns":4},{"damage":18,"enemies":"3 Sentries","floor":7,"turns":10},{"damage":20,"enemies":"3 Louse","floor":8,"turns":5},{"damage":0,"enemies":"Blue Slaver","floor":10,"turns":3},{"damage":26,"enemies":"Lagavulin Event","floor":12,"turns":8},{"damage":12,"enemies":"Lagavulin","floor":14,"turns":4},{"damage":10,"enemies":"Hexaghost","floor":16,"turns":6},{"damage":19,"enemies":"Spheric Guardian","floor":18,"turns":5},{"damage":0,"enemies":"Shell Parasite","floor":20,"turns":2},{"damage":58,"enemies":"Centurion and Healer","floor":22,"turns":8},{"damage":5,"enemies":"Slavers","floor":24,"turns":6},{"damage":3,"enemies":"Sentry and Sphere","floor":25,"turns":3},{"damage":17,"enemies":"Gremlin Leader","floor":27,"turns":4},{"damage":4,"enemies":"Cultist and Chosen","floor":29,"turns":6},{"damage":0,"enemies":"Slavers","floor":31,"turns":4},{"damage":40,"enemies":"Champ","floor":33,"turns":12},{"damage":3,"enemies":"3 Shapes","floor":35,"turns":3},{"damage":2,"enemies":"2 Orb Walkers","floor":38,"turns":2},{"damage":1,"enemies":"3 Darklings","floor":39,"turns":4},{"damage":8,"enemies":"Giant Head","floor":41,"turns":4},{"damage":0,"enemies":"Reptomancer","floor":45,"turns":2},{"damage":0,"enemies":"4 Shapes","floor":47,"turns":2},{"damage":6,"enemies":"Sphere and 2 Shapes","floor":48,"turns":3},{"damage":7,"enemies":"Time Eater","floor":50,"turns":6}],"seed_played":"-3530532148726519233","potions_obtained":[{"floor":5,"key":"Swift Potion"},{"floor":10,"key":"Energy Potion"},{"floor":12,"key":"FearPotion"},{"floor":22,"key":"Block Potion"},{"floor":25,"key":"SmokeBomb"},{"floor":27,"key":"Block Potion"},{"floor":31,"key":"Energy Potion"},{"floor":33,"key":"Strength Potion"},{"floor":38,"key":"GamblersBrew"}],"is_trial":false,"path_per_floor":["M","M","$","?","M","R","E","M","T","M","?","?","R","E","R","B",null,"M","$","M","?","M","R","E","M","T","E","R","M","R","E","R","B",null,"M","?","$","?","M","R","E","?","T","$","E","R","M","M","R","B",null],"character_chosen":"IRONCLAD","items_purchased":["Corruption","Shrug It Off","HandDrill","Inflame+1","Offering","Mayhem+1","Feel No Pain+1","GamblersBrew"],"campfire_rested":0,"item_purchase_floors":[3,3,19,37,44,44,44,44],"current_hp_per_floor":[80,77,77,61,67,67,55,43,43,51,51,33,33,29,29,27,80,67,67,75,75,25,25,28,33,33,24,24,28,28,36,36,29,80,80,76,76,76,76,76,74,74,74,74,76,76,76,76,76,75],"gold":88,"neow_bonus":"THREE_CARDS","is_prod":false,"is_daily":false,"chose_seed":false,"campfire_upgraded":10,"win_rate":0,"timestamp":1548231979,"path_taken":["M","M","$","?","M","R","E","M","T","M","?","?","R","E","R","BOSS","M","$","M","?","M","R","E","M","T","E","R","M","R","E","R","BOSS","M","?","$","?","M","R","E","?","T","$","E","R","M","M","R","BOSS"],"build_version":"2019-01-17v2","purchased_purges":2,"victory":true,"max_hp_per_floor":[80,80,80,80,80,80,80,80,80,80,80,80,80,80,80,80,80,80,80,80,80,80,80,80,80,80,80,80,80,80,80,80,80,80,80,76,76,76,76,76,76,76,76,76,76,76,76,76,76,76],"card_choices":[{"not_picked":["Clothesline","Iron Wave"],"picked":"Body Slam","floor":0},{"not_picked":["Body Slam","Cleave"],"picked":"True Grit","floor":1},{"not_picked":["Battle Trance","True Grit"],"picked":"Feel No Pain","floor":2},{"not_picked":["Thunderclap","Sword Boomerang"],"picked":"Inflame","floor":5},{"not_picked":["Havoc","Second Wind"],"picked":"Impervious","floor":7},{"not_picked":["Perfected Strike","True Grit","Headbutt"],"picked":"SKIP","floor":8},{"not_picked":["Iron Wave","Thunderclap"],"picked":"Flame Barrier","floor":10},{"not_picked":["Perfected Strike","Sever Soul"],"picked":"Body Slam","floor":12},{"not_picked":["Bloodletting","Havoc","Burning Pact"],"picked":"SKIP","floor":14},{"not_picked":["Fiend Fire","Immolate"],"picked":"Double Tap","floor":16},{"not_picked":["Pummel","Second Wind","Flex"],"picked":"SKIP","floor":18},{"not_picked":["Headbutt","Clash+1","Second Wind"],"picked":"SKIP","floor":20},{"not_picked":["Spot Weakness","Flex"],"picked":"Uppercut","floor":22},{"not_picked":["Rupture+1","Perfected Strike"],"picked":"Battle Trance","floor":24},{"not_picked":["Cleave","Spot Weakness","Thunderclap"],"picked":"SKIP","floor":25},{"not_picked":["Fiend Fire","Warcry","Seeing Red"],"picked":"SKIP","floor":27},{"not_picked":["Clash","Burning Pact","Rupture+1"],"picked":"SKIP","floor":29},{"not_picked":["Second Wind","Armaments","Perfected Strike+1"],"picked":"SKIP","floor":31},{"not_picked":["Fiend Fire","Double Tap"],"picked":"Exhume","floor":33},{"not_picked":["Rampage+1","Headbutt"],"picked":"Burning Pact+1","floor":35},{"not_picked":["True Grit","Wild Strike"],"picked":"Corruption+1","floor":38},{"not_picked":["Flex+1","Intimidate"],"picked":"Body Slam+1","floor":39},{"not_picked":["Pommel Strike","Havoc"],"picked":"Disarm+1","floor":41},{"not_picked":["Sword Boomerang+1","Clothesline+1"],"picked":"Burning Pact+1","floor":45},{"not_picked":["Wild Strike","Bloodletting"],"picked":"Body Slam+1","floor":47},{"not_picked":["Warcry","Power Through+1"],"picked":"Shrug It Off+1","floor":48}],"player_experience":28003,"relics_obtained":[{"floor":7,"key":"Blood Vial"},{"floor":9,"key":"Centennial Puzzle"},{"floor":14,"key":"War Paint"},{"floor":24,"key":"Pantograph"},{"floor":26,"key":"Omamori"},{"floor":27,"key":"Potion Belt"},{"floor":31,"key":"Matryoshka"},{"floor":38,"key":"Charon\u0027s Ashes"},{"floor":41,"key":"Oddly Smooth Stone"},{"floor":43,"key":"MawBank"},{"floor":43,"key":"Letter Opener"},{"floor":45,"key":"Ornamental Fan"}],"event_choices":[{"damage_healed":0,"gold_gain":0,"player_choice":"Entered Light","damage_taken":16,"max_hp_gain":0,"max_hp_loss":0,"event_name":"Shining Light","floor":4,"gold_loss":0,"cards_upgraded":["Corruption","Defend_R"]},{"damage_healed":0,"gold_gain":175,"player_choice":"AGREE","damage_taken":0,"max_hp_gain":0,"max_hp_loss":0,"event_name":"Liars Game","floor":11,"gold_loss":0,"cards_obtained":["Doubt"]},{"damage_healed":0,"gold_gain":0,"player_choice":"Searched \u00272\u0027 times","damage_taken":0,"relics_obtained":["Frozen Egg 2"],"max_hp_gain":0,"max_hp_loss":0,"event_name":"Dead Adventurer","floor":12,"gold_loss":0},{"damage_healed":0,"gold_gain":0,"player_choice":"Inject Mutagens","damage_taken":0,"relics_obtained":["MutagenicStrength"],"max_hp_gain":0,"max_hp_loss":0,"event_name":"Drug Dealer","floor":21,"gold_loss":0},{"damage_healed":0,"gold_gain":0,"player_choice":"Max HP","damage_taken":0,"max_hp_gain":0,"max_hp_loss":4,"event_name":"Winding Halls","floor":36,"gold_loss":0},{"damage_healed":0,"gold_gain":0,"player_choice":"Fight","damage_taken":0,"max_hp_gain":0,"max_hp_loss":0,"event_name":"Mysterious Sphere","floor":38,"gold_loss":0},{"cards_removed":["Inflame"],"damage_healed":0,"gold_gain":0,"player_choice":"Removed Power","damage_taken":0,"max_hp_gain":0,"max_hp_loss":0,"event_name":"Falling","floor":42,"gold_loss":0}],"is_beta":false,"boss_relics":[{"not_picked":["Astrolabe","Black Blood"],"picked":"Coffee Dripper"},{"not_picked":["Philosopher\u0027s Stone","Black Star"],"picked":"Cursed Key"}],"items_purged_floors":[19,37],"is_endless":false,"potions_floor_spawned":[5,10,12,22,25,27,31,33,38,45,47],"ascension_level":4}