{"gold_per_floor":[117,133,153,171,191,191,191,191,267,342,342,375,325,337,337,439,439,449,449,227,187,201,216,234,159,159,159,259,277,277,308,308,413,413,432,432,451,130,141,141,155,171,171,46,65,65,91,102,102,102],"floor_reached":51,"playtime":4783,"items_purged":["Strike_R","Strike_R","Parasite"],"score":796,"play_id":"09a5c3f0-87eb-4d2f-bcc1-c3721b90f905","local_time":"20190122130303","is_ascension_mode":true,"campfire_choices":[{"data":"True Grit","floor":6,"key":"SMITH"},{"data":"Bash","floor":8,"key":"SMITH"},{"floor":11,"key":"REST"},{"floor":15,"key":"REST"},{"data":"Heavy Blade","floor":27,"key":"SMITH"},{"data":"Disarm","floor":30,"key":"SMITH"},{"data":"Shrug It Off","floor":32,"key":"SMITH"},{"data":"Shrug It Off","floor":40,"key":"SMITH"},{"data":"Impervious","floor":46,"key":"SMITH"},{"data":"Defend_R","floor":49,"key":"SMITH"}],"neow_cost":"NONE","seed_source_timestamp":3868839453700,"circlet_count":0,"master_deck":["Strike_R","Defend_R","Defend_R","Defend_R+1","Defend_R+1","Bash+1","Demon Form+1","True Grit+1","Shrug It Off+1","Impervious+1","Shrug It Off+1","Disarm+1","Shrug It Off+1","Warcry+1","Heavy Blade+1","Intimidate+1","Offering+1","Warcry+1","Shrug It Off+1"],"relics":["Burning Blood","Sundial","Bird Faced Urn","Coffee Dripper","Toxic Egg 2","Gambling Chip","Meat on the Bone","Strawberry","Busted Crown","HandDrill","Kunai","Gremlin Horn"],"potions_floor_usage":[12,16,41],"damage_taken":[{"damage":4,"enemies":"2 Louse","floor":1,"turns":3},{"damage":16,"enemies":"Small Slimes","floor":2,"turns":5},{"damage":7,"enemies":"Jaw Worm","floor":3,"turns":3},{"damage":13,"enemies":"Blue Slaver","floor":4,"turns":2},{"damage":13,"enemies":"Gremlin Gang","floor":5,"turns":6},{"damage":28,"enemies":"Gremlin Nob","floor":12,"turns":4},{"damage":20,"enemies":"3 Louse","floor":14,"turns":4},{"damage":25,"enemies":"Slime Boss","floor":16,"turns":6},{"damage":17,"enemies":"Chosen","floor":18,"turns":7},{"damage":0,"enemies":"Shell Parasite","floor":22,"turns":6},{"damage":28,"enemies":"Snake Plant","floor":23,"turns":6},{"damage":8,"enemies":"3 Cultists","floor":24,"turns":6},{"damage":17,"enemies":"Colosseum Slavers","floor":28,"turns":5},{"damage":15,"enemies":"Colosseum Nobs","floor":28,"turns":5},{"damage":6,"enemies":"Centurion and Healer","floor":29,"turns":6},{"damage":0,"enemies":"Book of Stabbing","floor":31,"turns":6},{"damage":43,"enemies":"Automaton","floor":33,"turns":10},{"damage":8,"enemies":"3 Shapes","floor":35,"turns":4},{"damage":7,"enemies":"Orb Walker","floor":37,"turns":3},{"damage":7,"enemies":"3 Darklings","floor":39,"turns":8},{"damage":1,"enemies":"Writhing Mass","floor":41,"turns":5},{"damage":6,"enemies":"Spire Growth","floor":42,"turns":5},{"damage":6,"enemies":"Transient","floor":45,"turns":5},{"damage":19,"enemies":"Reptomancer","floor":47,"turns":6},{"damage":14,"enemies":"Maw","floor":48,"turns":6},{"damage":39,"enemies":"Time Eater","floor":50,"turns":11}],"seed_played":"-6902322355275684809","potions_obtained":[{"floor":2,"key":"SkillPotion"},{"floor":5,"key":"Swift Potion"},{"floor":21,"key":"SmokeBomb"},{"floor":21,"key":"FairyPotion"},{"floor":41,"key":"Fruit Juice"},{"floor":45,"key":"SteroidPotion"}],"is_trial":false,"path_per_floor":["M","M","M","M","M","R","?","R","T","?","R","E","?","M","R","B",null,"M","?","$","?","M","M","M","?","T","R","?","M","R","E","R","B",null,"M","?","M","$","M","R","M","M","T","$","M","R","E","M","R","B",null],"character_chosen":"IRONCLAD","items_purchased":["SmokeBomb","Shrug It Off","HandDrill","Warcry+1"],"campfire_rested":2,"item_purchase_floors":[20,20,38,38],"current_hp_per_floor":[80,70,69,62,55,55,39,39,39,28,52,30,30,18,42,25,80,69,69,69,69,77,57,57,57,57,57,41,55,55,70,70,47,87,85,85,86,86,87,87,92,92,92,89,89,89,76,70,70,51],"gold":102,"neow_bonus":"ONE_RANDOM_RARE_CARD","is_prod":false,"is_daily":false,"chose_seed":false,"campfire_upgraded":8,"win_rate":0,"timestamp":1548158583,"path_taken":["M","M","M","M","M","R","?","R","T","?","R","E","?","M","R","BOSS","M","?","$","?","M","?","M","?","T","R","?","M","R","E","R","BOSS","M","?","M","$","M","R","M","M","T","$","M","R","E","M","R","BOSS"],"build_version":"2019-01-17v2","purchased_purges":3,"victory":true,"max_hp_per_floor":[80,80,80,80,80,80,80,80,80,80,80,80,80,80,80,80,80,80,80,80,80,80,80,80,80,80,80,80,80,80,87,87,87,87,87,87,87,87,87,87,92,92,92,89,89,89,89,89,89,89],"card_choices":[{"not_picked":["Wild Strike","Iron Wave"],"picked":"Twin Strike","floor":1},{"not_picked":["Thunderclap","Flex"],"picked":"True Grit","floor":2},{"not_picked":["Clothesline","Pummel","Flex"],"picked":"SKIP","floor":3},{"not_picked":["Perfected Strike","True Grit","Reckless Charge"],"picked":"SKIP","floor":4},{"not_picked":["Rampage","Corruption","Clash"],"picked":"SKIP","floor":5},{"not_picked":["Twin Strike","Seeing Red","Headbutt"],"picked":"SKIP","floor":12},{"not_picked":["Sword Boomerang","Uppercut"],"picked":"Shrug It Off","floor":14},{"not_picked":["Juggernaut","Reaper"],"picked":"Impervious","floor":16},{"not_picked":["Inflame+1","Warcry"],"picked":"Shrug It Off+1","floor":18},{"not_picked":["True Grit","Headbutt","Body Slam"],"picked":"SKIP","floor":22},{"not_picked":["Pommel Strike","Clothesline"],"picked":"Warcry+1","floor":23},{"not_picked":["Corruption","Iron Wave+1"],"picked":"Heavy Blade","floor":24},{"not_picked":["Infernal Blade+1","Clothesline","Bloodletting+1"],"picked":"SKIP","floor":29},{"not_picked":["Iron Wave","Headbutt"],"picked":"Intimidate+1","floor":31},{"not_picked":["Double Tap+1","Immolate"],"picked":"Offering+1","floor":33},{"not_picked":["Bloodletting+1"],"picked":"SKIP","floor":35},{"not_picked":["Rupture+1"],"picked":"SKIP","floor":37},{"not_picked":["Sword Boomerang+1"],"picked":"SKIP","floor":39},{"not_picked":["Headbutt"],"picked":"SKIP","floor":41},{"not_picked":["Headbutt"],"picked":"SKIP","floor":41},{"not_picked":["Sword Boomerang"],"picked":"SKIP","floor":42},{"not_picked":["Reckless Charge+1"],"picked":"SKIP","floor":45},{"not_picked":["Combust"],"picked":"SKIP","floor":47},{"not_picked":[],"picked":"Shrug It Off+1","floor":48}],"player_experience":13288,"relics_obtained":[{"floor":9,"key":"Sundial"},{"floor":12,"key":"Bird Faced Urn"},{"floor":26,"key":"Toxic Egg 2"},{"floor":28,"key":"Gambling Chip"},{"floor":28,"key":"Meat on the Bone"},{"floor":31,"key":"Strawberry"},{"floor":43,"key":"Kunai"},{"floor":47,"key":"Gremlin Horn"}],"event_choices":[{"damage_healed":0,"gold_gain":0,"player_choice":"Entered Light","damage_taken":16,"max_hp_gain":0,"max_hp_loss":0,"event_name":"Shining Light","floor":7,"gold_loss":0,"cards_upgraded":["Demon Form","Defend_R"]},{"damage_healed":0,"gold_gain":75,"player_choice":"Gather Gold","damage_taken":11,"max_hp_gain":0,"max_hp_loss":0,"event_name":"World of Goop","floor":10,"gold_loss":0},{"cards_removed":["Strike_R"],"damage_healed":0,"gold_gain":0,"player_choice":"Card Removal","damage_taken":0,"max_hp_gain":0,"max_hp_loss":0,"event_name":"The Cleric","floor":13,"gold_loss":50},{"damage_healed":0,"gold_gain":0,"player_choice":"Read","damage_taken":0,"max_hp_gain":0,"max_hp_loss":0,"event_name":"The Library","floor":19,"gold_loss":0,"cards_obtained":["Disarm"]},{"damage_healed":0,"gold_gain":0,"player_choice":"Bought 3 Potions","damage_taken":0,"max_hp_gain":0,"max_hp_loss":0,"event_name":"The Woman in Blue","floor":21,"gold_loss":0},{"cards_removed":["Strike_R"],"damage_healed":0,"gold_gain":0,"player_choice":"Gave Gold","damage_taken":0,"max_hp_gain":0,"max_hp_loss":0,"event_name":"Beggar","floor":25,"gold_loss":75},{"damage_healed":0,"gold_gain":0,"player_choice":"Fight","damage_taken":0,"max_hp_gain":0,"max_hp_loss":0,"event_name":"Colosseum","floor":28,"gold_loss":0},{"damage_healed":0,"gold_gain":0,"player_choice":"Fought Nobs","damage_taken":0,"max_hp_gain":0,"max_hp_loss":0,"event_name":"Colosseum","floor":28,"gold_loss":0},{"cards_removed":["Twin Strike"],"damage_healed":0,"gold_gain":0,"player_choice":"Removed Attack","damage_taken":0,"max_hp_gain":0,"max_hp_loss":0,"event_name":"Falling","floor":36,"gold_loss":0}],"is_beta":false,"boss_relics":[{"not_picked":["White Beast Statue","Orrery"],"picked":"Coffee Dripper"},{"not_picked":["Astrolabe","Lizard Tail"],"picked":"Busted Crown"}],"items_purged_floors":[20,38,44],"is_endless":false,"potions_floor_spawned":[2,5,22,23,28,31,41,45],"ascension_level":2}