{"gold_per_floor":[118,131,131,81,81,81,119,119,119,143,68,68,104,117,117,117],"floor_reached":16,"playtime":759,"items_purged":["Defend_B"],"score":124,"play_id":"95cee211-7a84-4fcd-bb73-701cf781e442","local_time":"20180708121816","is_ascension_mode":true,"campfire_choices":[{"data":"Zap","floor":6,"key":"SMITH"},{"data":"Defragment","floor":8,"key":"SMITH"},{"floor":12,"key":"REST"},{"floor":15,"key":"REST"}],"neow_cost":"NONE","seed_source_timestamp":8497195548835,"circlet_count":0,"master_deck":["Strike_B","Strike_B","Strike_B","Defend_B","Defend_B","Defend_B","Zap+1","Dualcast","Conserve Battery","Leap","Injury","Defragment+1","Aggregate","Multi-Cast","Beam Cell"],"relics":["Cracked Core","Happy Flower","Golden Idol","Potion Belt","Matryoshka","Ancient Tea Set"],"potions_floor_usage":[13,13,16],"damage_taken":[{"damage":1,"enemies":"Cultist","floor":1,"turns":3},{"damage":2,"enemies":"2 Louse","floor":2,"turns":3},{"damage":18,"enemies":"Lagavulin","floor":7,"turns":8},{"damage":0,"enemies":"Small Slimes","floor":10,"turns":3},{"damage":17,"enemies":"Gremlin Nob","floor":13,"turns":4},{"damage":13,"enemies":"Blue Slaver","floor":14,"turns":4},{"damage":70,"enemies":"Hexaghost","floor":16,"turns":9}],"seed_played":"-787640311034019552","potions_obtained":[{"floor":1,"key":"Dexterity Potion"},{"floor":7,"key":"Weak Potion"},{"floor":10,"key":"PowerPotion"}],"is_trial":false,"path_per_floor":["M","M","?","?","?","R","E","R","T","M","$","R","E","M","R"],"character_chosen":"DEFECT","items_purchased":[],"campfire_rested":2,"item_purchase_floors":[],"current_hp_per_floor":[74,72,72,72,72,72,54,54,54,54,54,75,58,45,67,0],"gold":117,"neow_bonus":"RANDOM_COMMON_RELIC","is_prod":false,"is_daily":false,"chose_seed":false,"campfire_upgraded":2,"win_rate":0,"timestamp":1531066696,"path_taken":["M","M","?","?","?","R","E","R","T","M","$","R","E","M","R","BOSS"],"build_version":"2018-07-05","purchased_purges":1,"victory":false,"max_hp_per_floor":[75,75,75,75,75,75,75,75,75,75,75,75,75,75,75,75],"card_choices":[{"not_picked":["Reprogram","Sweeping Beam"],"picked":"Conserve Battery","floor":1},{"not_picked":["Rip and Tear","Beam Cell"],"picked":"Leap","floor":2},{"not_picked":["Barrage","Darkness"],"picked":"Defragment","floor":7},{"not_picked":["FTL","Reprogram"],"picked":"Aggregate","floor":10},{"not_picked":["Stack","Recycle"],"picked":"Multi-Cast","floor":13},{"not_picked":["Barrage","Cold Snap"],"picked":"Beam Cell","floor":14}],"player_experience":298579,"relics_obtained":[{"floor":7,"key":"Potion Belt"},{"floor":9,"key":"Matryoshka"},{"floor":13,"key":"Ancient Tea Set"}],"event_choices":[{"event_name":"Liars Game","player_choice":"disagreed","floor":3,"damage_taken":0},{"event_name":"The Cleric","player_choice":"Card Removal","floor":4,"damage_taken":0},{"event_name":"Golden Idol","player_choice":"Take Wound","floor":5,"damage_taken":0}],"boss_relics":[],"items_purged_floors":[11],"is_endless":false,"potions_floor_spawned":[1,7,10],"killed_by":"Hexaghost","ascension_level":3}