{"gold_per_floor":[109,20,39,49,49,59,59,77,77,77,104,104,132,4,4,82,82,92,48,68,118,131,131,143,143,143,143,143,478,478,491,491,562,562,575,37,37,49,49,49,78,97,97,115,115],"floor_reached":45,"playtime":3913,"items_purged":["Strike_R"],"score":921,"play_id":"ca3baac7-f951-4806-bb26-3ddf774a6312","local_time":"20190207171147","is_ascension_mode":true,"campfire_choices":[{"data":"Bludgeon","floor":7.0,"key":"SMITH"},{"data":"True Grit","floor":10.0,"key":"SMITH"},{"data":"Shockwave","floor":15.0,"key":"SMITH"},{"floor":23.0,"key":"REST"},{"data":"Demon Form","floor":25.0,"key":"SMITH"},{"floor":28.0,"key":"REST"},{"floor":30.0,"key":"REST"},{"floor":32,"key":"REST"},{"floor":40,"key":"REST"}],"neow_cost":"PERCENT_DAMAGE","seed_source_timestamp":0,"circlet_count":0,"master_deck":["AscendersBane","Defend_R","Defend_R","Bash","Sword Boomerang","Bludgeon+1","Shrug It Off","Spot Weakness","True Grit+1","Shockwave+1","Feel No Pain","Shrug It Off","Demon Form+1","Inflame","Whirlwind","Armaments","Warcry+1","Shrug It Off","Metallicize","Immolate","Bludgeon+1","Dark Embrace+1","Pommel Strike+1","Armaments+1","Shockwave+1","Havoc+1","Heavy Blade","Disarm+1","Pommel Strike+1"],"special_seed":0,"relics":["Burning Blood","Bottled Flame","Regal Pillow","Dodecahedron","Velvet Choker","Ancient Tea Set","Old Coin","Astrolabe","Frozen Egg 2","Toxic Egg 2","Ornamental Fan"],"potions_floor_usage":[33,41,42,42,45],"damage_taken":[{"damage":9.0,"enemies":"Small Slimes","floor":1.0,"turns":4.0},{"damage":12.0,"enemies":"Jaw Worm","floor":3.0,"turns":2.0},{"damage":0.0,"enemies":"Cultist","floor":4.0,"turns":4.0},{"damage":1.0,"enemies":"Exordium Thugs","floor":6.0,"turns":3.0},{"damage":0.0,"enemies":"Gremlin Gang","floor":8.0,"turns":3.0},{"damage":2.0,"enemies":"Lagavulin","floor":11.0,"turns":5.0},{"damage":20.0,"enemies":"Gremlin Nob","floor":13.0,"turns":4.0},{"damage":19.0,"enemies":"Slime Boss","floor":16.0,"turns":5.0},{"damage":32.0,"enemies":"Shell Parasite","floor":18.0,"turns":5.0},{"damage":16.0,"enemies":"Chosen","floor":20.0,"turns":6.0},{"damage":22.0,"enemies":"3 Cultists","floor":22.0,"turns":6.0},{"damage":25.0,"enemies":"Centurion and Healer","floor":24.0,"turns":5.0},{"damage":62.0,"enemies":"Gremlin Leader","floor":29.0,"turns":5.0},{"damage":17,"enemies":"Cultist and Chosen","floor":31,"turns":8},{"damage":4,"enemies":"Champ","floor":33,"turns":13},{"damage":43,"enemies":"3 Darklings","floor":35,"turns":6},{"damage":18,"enemies":"3 Shapes","floor":38,"turns":6},{"damage":43,"enemies":"Nemesis","floor":41,"turns":5},{"damage":12,"enemies":"Jaw Worm Horde","floor":42,"turns":7},{"damage":23,"enemies":"Sphere and 2 Shapes","floor":44,"turns":10},{"damage":25,"enemies":"Writhing Mass","floor":45,"turns":2}],"seed_played":"-6682072085706801349","potions_obtained":[{"floor":4.0,"key":"Energy Potion"},{"floor":6.0,"key":"Explosive Potion"},{"floor":11.0,"key":"Fire Potion"},{"floor":20.0,"key":"Swift Potion"},{"floor":22.0,"key":"GamblersBrew"},{"floor":29.0,"key":"Dexterity Potion"},{"floor":31,"key":"Explosive Potion"},{"floor":38,"key":"PowerPotion"},{"floor":41,"key":"Fire Potion"},{"floor":44,"key":"Swift Potion"}],"is_trial":false,"path_per_floor":["M","$","M","M","?","M","R","M","T","R","E","?","E","$","R","B",null,"M","$","M","?","M","R","M","R","T","?","R","E","R","M","R","B",null,"M","$","?","M","?","R","E","M","T","M","M"],"character_chosen":"IRONCLAD","items_purchased":["Bludgeon","Shrug It Off","Inflame","Frozen Egg 2","Toxic Egg 2"],"campfire_rested":5,"item_purchase_floors":[2,14,19,36,36],"current_hp_per_floor":[47,47,41,47,52,57,57,63,63,63,67,67,53,53,53,40,70,44,44,34,26,10,49,30,30,30,30,69,13,52,41,80,80,80,43,43,43,31,31,70,33,27,27,10,0],"gold":115,"neow_bonus":"REMOVE_TWO","is_prod":false,"is_daily":false,"chose_seed":false,"campfire_upgraded":4,"win_rate":0,"timestamp":1549555907,"path_taken":["M","$","M","M","?","M","R","M","T","R","E","?","E","$","R","BOSS","M","$","?","?","M","R","?","R","T","?","R","E","R","?","R","BOSS","M","$","?","?","?","R","E","M","T","M","M"],"build_version":"2019-01-23","purchased_purges":1,"victory":false,"max_hp_per_floor":[75,75,75,75,80,80,80,80,80,80,80,80,80,80,80,80,80,80,80,80,80,80,80,80,80,80,80,80,80,80,80,80,80,80,80,80,80,80,80,80,80,80,80,80,80],"card_choices":[{"not_picked":["Clash","Corruption"],"picked":"Sword Boomerang","floor":1.0},{"not_picked":["Headbutt","Heavy Blade","Second Wind"],"picked":"SKIP","floor":3.0},{"not_picked":["Clash","Havoc"],"picked":"Shrug It Off","floor":4.0},{"not_picked":["Warcry","Heavy Blade"],"picked":"Spot Weakness","floor":6.0},{"not_picked":["Iron Wave","Searing Blow"],"picked":"True Grit","floor":8.0},{"not_picked":["Hemokinesis","Double Tap"],"picked":"Shockwave","floor":11.0},{"not_picked":["Body Slam","Evolve"],"picked":"Feel No Pain","floor":13.0},{"not_picked":["Exhume","Feed"],"picked":"Demon Form","floor":16.0},{"not_picked":["Thunderclap","Shockwave","Rampage+1"],"picked":"SKIP","floor":18.0},{"not_picked":["Clash","Shrug It Off+1"],"picked":"Whirlwind","floor":20.0},{"not_picked":["Pommel Strike","Power Through"],"picked":"Armaments","floor":22.0},{"not_picked":["Thunderclap","Searing Blow"],"picked":"Warcry+1","floor":24.0},{"not_picked":["Double Tap","Sword Boomerang"],"picked":"Shrug It Off","floor":29.0},{"not_picked":["True Grit","Thunderclap+1"],"picked":"Metallicize","floor":31},{"not_picked":["Dark Embrace","Demon Form"],"picked":"Immolate","floor":33},{"not_picked":["Flex+1","Heavy Blade"],"picked":"Armaments+1","floor":35},{"not_picked":["Perfected Strike","Armaments+1"],"picked":"Havoc+1","floor":38},{"not_picked":["Demon Form+1","Twin Strike"],"picked":"Disarm+1","floor":41},{"not_picked":["Perfected Strike+1","Sword Boomerang","Armaments+1"],"picked":"SKIP","floor":42},{"not_picked":["Twin Strike","Iron Wave"],"picked":"Pommel Strike+1","floor":44}],"player_experience":472960,"relics_obtained":[{"floor":9.0,"key":"Bottled Flame"},{"floor":11.0,"key":"Regal Pillow"},{"floor":13.0,"key":"Dodecahedron"},{"floor":26.0,"key":"Ancient Tea Set"},{"floor":29.0,"key":"Old Coin"},{"floor":41,"key":"Ornamental Fan"}],"event_choices":[{"damage_healed":0.0,"max_hp_gain":5.0,"max_hp_loss":0.0,"gold_gain":0.0,"event_name":"Big Fish","player_choice":"Donut","floor":5.0,"gold_loss":0.0,"damage_taken":0.0},{"damage_healed":0.0,"max_hp_gain":0.0,"max_hp_loss":0.0,"gold_gain":0.0,"event_name":"Match and Keep!","player_choice":"0 cards matched","floor":12.0,"gold_loss":0.0,"damage_taken":0.0,"cards_obtained":[]},{"damage_healed":0.0,"max_hp_gain":0.0,"max_hp_loss":0.0,"gold_gain":50.0,"event_name":"FaceTrader","player_choice":"Touch","floor":21.0,"gold_loss":0.0,"damage_taken":8.0},{"damage_healed":0.0,"max_hp_gain":0.0,"max_hp_loss":0.0,"gold_gain":0.0,"event_name":"Match and Keep!","player_choice":"0 cards matched","floor":27.0,"gold_loss":0.0,"damage_taken":0.0,"cards_obtained":[]},{"damage_healed":0,"gold_gain":0,"player_choice":"Copied","damage_taken":0,"max_hp_gain":0,"max_hp_loss":0,"event_name":"Duplicator","floor":37,"gold_loss":0,"cards_obtained":["Shockwave"]},{"damage_healed":0,"gold_gain":0,"cards_transformed":["Defend_R"],"player_choice":"Transformed","damage_taken":0,"max_hp_gain":0,"max_hp_loss":0,"event_name":"Transmorgrifier","floor":39,"gold_loss":0,"cards_obtained":["Heavy Blade"]}],"is_beta":false,"boss_relics":[{"not_picked":["Orrery","White Beast Statue"],"picked":"Velvet Choker"},{"not_picked":["Pandora\u0027s Box","Runic Pyramid"],"picked":"Astrolabe"}],"items_purged_floors":[14],"is_endless":false,"potions_floor_spawned":[4,6,11,20,22,29,31,38,41,44],"killed_by":"Writhing Mass","ascension_level":17}