{"gold_per_floor":[114,130,52,52,65,65,81,81,81,81,81,81,105,138,138,258,258,283,22,22,32,50,90,114,114],"floor_reached":25,"playtime":1079,"items_purged":[],"score":245,"play_id":"6ce2f428-937e-48b8-a399-4c4c7cc80ae4","local_time":"20181220024006","is_ascension_mode":true,"campfire_choices":[{"data":"Neutralize","floor":6,"key":"SMITH"},{"data":"Footwork","floor":8,"key":"SMITH"},{"data":"Survivor","floor":10,"key":"SMITH"},{"data":"Adrenaline","floor":12,"key":"SMITH"},{"data":"Sucker Punch","floor":15,"key":"SMITH"}],"neow_cost":"NONE","seed_source_timestamp":481279353720095,"circlet_count":0,"master_deck":["Defend_G","Defend_G","Defend_G","Defend_G","Defend_G","Strike_G","Strike_G","Strike_G","Strike_G","Survivor+1","Neutralize+1","Dagger Throw","Footwork+1","Dagger Throw","Adrenaline+1","Sucker Punch+1","Flying Knee","Die Die Die","Prepared","Venomology","Dagger Spray","Dagger Spray"],"relics":["Ring of the Snake","Pantograph","Golden Idol","Odd Mushroom","Black Star","Sundial","Meat on the Bone","Bottled Tornado"],"potions_floor_usage":[21,23,23,23,23,24],"damage_taken":[{"damage":1,"enemies":"Cultist","floor":1,"turns":4},{"damage":1,"enemies":"2 Louse","floor":2,"turns":4},{"damage":0,"enemies":"Small Slimes","floor":5,"turns":3},{"damage":1,"enemies":"Red Slaver","floor":7,"turns":5},{"damage":0,"enemies":"Looter","floor":13,"turns":4},{"damage":15,"enemies":"The Mushroom Lair","floor":14,"turns":5},{"damage":59,"enemies":"The Guardian","floor":16,"turns":15},{"damage":17,"enemies":"Spheric Guardian","floor":18,"turns":5},{"damage":6,"enemies":"2 Thieves","floor":21,"turns":4},{"damage":31,"enemies":"Shelled Parasite and Fungi","floor":22,"turns":13},{"damage":19,"enemies":"Gremlin Leader","floor":23,"turns":4},{"damage":4,"enemies":"Cultist and Chosen","floor":24,"turns":5},{"damage":23,"enemies":"Centurion and Healer","floor":25,"turns":4}],"seed_played":"2072019770636469672","potions_obtained":[{"floor":1,"key":"SkillPotion"},{"floor":7,"key":"Regen Potion"},{"floor":14,"key":"SteroidPotion"},{"floor":21,"key":"Strength Potion"},{"floor":23,"key":"EntropicBrew"}],"is_trial":false,"path_per_floor":["M","M","$","$","M","R","M","R","T","R","?","R","M","?","R","B",null,"M","$","?","M","M","E","M","M"],"character_chosen":"THE_SILENT","items_purchased":["Footwork","Sundial"],"campfire_rested":0,"item_purchase_floors":[3,19],"current_hp_per_floor":[76,75,75,75,75,75,74,74,74,74,71,71,71,56,56,12,71,54,54,54,48,17,10,18,0],"gold":114,"neow_bonus":"TEN_PERCENT_HP_BONUS","is_prod":false,"is_daily":false,"chose_seed":false,"campfire_upgraded":5,"win_rate":0,"timestamp":1545244806,"path_taken":["M","?","?","$","M","R","M","R","T","R","?","R","M","?","R","BOSS","M","$","?","M","?","E","M","M"],"build_version":"2018-12-13","purchased_purges":0,"victory":false,"max_hp_per_floor":[77,77,77,77,77,77,77,77,77,77,71,71,71,71,71,71,71,71,71,71,71,71,71,71,71],"card_choices":[{"not_picked":["Heel Hook","Poisoned Stab","Deadly Poison"],"picked":"SKIP","floor":1},{"not_picked":["Poisoned Stab","Cloak And Dagger"],"picked":"Dagger Throw","floor":2},{"not_picked":["Prepared","Heel Hook"],"picked":"Dagger Throw","floor":5},{"not_picked":["Tactician","Slice"],"picked":"Adrenaline","floor":7},{"not_picked":["Escape Plan","Deflect"],"picked":"Sucker Punch","floor":13},{"not_picked":["Bouncing Flask","PiercingWail"],"picked":"Flying Knee","floor":14},{"not_picked":["Venomology","Storm of Steel"],"picked":"Die Die Die","floor":16},{"not_picked":["Slice","Blade Dance"],"picked":"Prepared","floor":18},{"not_picked":["Tactician","Poisoned Stab","Deadly Poison"],"picked":"SKIP","floor":21},{"not_picked":["Dodge and Roll+1","Finisher"],"picked":"Dagger Spray","floor":22},{"not_picked":["Deadly Poison","Reflex"],"picked":"Dagger Spray","floor":23},{"not_picked":["Flying Knee","Expertise","Skewer"],"picked":"SKIP","floor":24}],"player_experience":67466,"relics_obtained":[{"floor":9,"key":"Pantograph"},{"floor":14,"key":"Odd Mushroom"},{"floor":23,"key":"Meat on the Bone"},{"floor":23,"key":"Bottled Tornado"}],"event_choices":[{"damage_healed":0,"gold_gain":0,"player_choice":"Lose Max HP","damage_taken":0,"relics_obtained":["Golden Idol"],"max_hp_gain":0,"max_hp_loss":6,"event_name":"Golden Idol","floor":11,"gold_loss":0},{"damage_healed":0,"gold_gain":0,"player_choice":"Fought Mushrooms","damage_taken":0,"max_hp_gain":0,"max_hp_loss":0,"event_name":"Mushrooms","floor":14,"gold_loss":0},{"damage_healed":0,"gold_gain":0,"cards_transformed":["Strike_G"],"player_choice":"Transformed","damage_taken":0,"max_hp_gain":0,"max_hp_loss":0,"event_name":"Transmorgrifier","floor":20,"gold_loss":0,"cards_obtained":["Venomology"]}],"is_beta":false,"boss_relics":[{"not_picked":["Runic Dome","Fusion Hammer"],"picked":"Black Star"}],"items_purged_floors":[],"is_endless":false,"potions_floor_spawned":[1,7,14,21,23],"killed_by":"Centurion and Healer","ascension_level":3}