{"gold_per_floor":[113,30,44,44,44,44,44,79,152,152,186,261,284,317,317,317],"floor_reached":16,"playtime":1163,"items_purged":[],"score":226,"play_id":"88841f92-998c-43c7-b479-9782ae26bb53","local_time":"20190203065519","is_ascension_mode":true,"campfire_choices":[{"data":"Neutralize","floor":6,"key":"SMITH"},{"floor":10,"key":"REST"},{"data":"After Image","floor":15,"key":"SMITH"}],"neow_cost":"NONE","seed_source_timestamp":120634900592300,"circlet_count":0,"master_deck":["AscendersBane","Defend_G","Defend_G","Defend_G","Defend_G","Defend_G","Strike_G","Strike_G","Strike_G","Strike_G","Survivor","Neutralize+1","Deadly Poison","Deadly Poison","Cloak And Dagger","Cloak And Dagger","All Out Attack","Backflip","Cloak And Dagger","After Image+1"],"relics":["Ring of the Snake","Golden Idol","Regal Pillow","Meat on the Bone","Pocketwatch","Art of War"],"potions_floor_usage":[3,8,11,14,14],"damage_taken":[{"damage":4,"enemies":"Small Slimes","floor":1,"turns":4},{"damage":0,"enemies":"2 Louse","floor":3,"turns":3},{"damage":27,"enemies":"Gremlin Nob","floor":8,"turns":4},{"damage":17,"enemies":"Lagavulin","floor":11,"turns":6},{"damage":0,"enemies":"Jaw Worm","floor":13,"turns":3},{"damage":4,"enemies":"3 Sentries","floor":14,"turns":8},{"damage":51,"enemies":"Slime Boss","floor":16,"turns":10}],"seed_played":"-2842502072589150960","potions_obtained":[{"floor":0,"key":"Poison Potion"},{"floor":0,"key":"Strength Potion"},{"floor":8,"key":"SteroidPotion"},{"floor":11,"key":"Regen Potion"},{"floor":13,"key":"Block Potion"}],"is_trial":false,"path_per_floor":["M","$","M","?","?","R","$","E","T","R","E","?","M","E","R","B"],"character_chosen":"THE_SILENT","items_purchased":["Deadly Poison","Cloak And Dagger"],"campfire_rested":1,"item_purchase_floors":[2,2],"current_hp_per_floor":[55,55,55,55,48,48,48,21,21,54,37,26,38,49,49,0],"gold":317,"neow_bonus":"THREE_SMALL_POTIONS","is_prod":false,"is_daily":false,"chose_seed":false,"campfire_upgraded":2,"win_rate":0,"timestamp":1549173319,"path_taken":["M","$","M","?","?","R","?","E","T","R","E","?","M","E","R","BOSS"],"build_version":"2019-01-23","purchased_purges":0,"victory":false,"max_hp_per_floor":[66,66,66,60,60,60,60,60,60,60,60,60,60,60,60,60],"card_choices":[{"not_picked":["Flying Knee","Slice"],"picked":"Deadly Poison","floor":1},{"not_picked":["Deflect","Dagger Throw"],"picked":"Cloak And Dagger","floor":3},{"not_picked":["Bane","Deadly Poison"],"picked":"All Out Attack","floor":8},{"not_picked":["Underhanded Strike","Quick Slash"],"picked":"Backflip","floor":11},{"not_picked":["Deflect","Bane"],"picked":"Cloak And Dagger","floor":13},{"not_picked":["Predator","Deflect"],"picked":"After Image","floor":14}],"player_experience":355046,"relics_obtained":[{"floor":8,"key":"Regal Pillow"},{"floor":9,"key":"Meat on the Bone"},{"floor":11,"key":"Pocketwatch"},{"floor":14,"key":"Art of War"}],"event_choices":[{"damage_healed":0,"gold_gain":0,"player_choice":"Lose Max HP","damage_taken":0,"relics_obtained":["Golden Idol"],"max_hp_gain":0,"max_hp_loss":6,"event_name":"Golden Idol","floor":4,"gold_loss":0},{"cards_removed":["Strike_G"],"damage_healed":0,"gold_gain":0,"player_choice":"Card Removal","damage_taken":7,"max_hp_gain":0,"max_hp_loss":0,"event_name":"Golden Wing","floor":5,"gold_loss":0},{"damage_healed":0,"gold_gain":75,"player_choice":"Gather Gold","damage_taken":11,"max_hp_gain":0,"max_hp_loss":0,"event_name":"World of Goop","floor":12,"gold_loss":0}],"is_beta":false,"boss_relics":[],"items_purged_floors":[],"is_endless":false,"potions_floor_spawned":[8,11,13],"killed_by":"Slime Boss","ascension_level":19}