{"gold_per_floor":[110,110,24,41,41,41,57,69,69,69],"floor_reached":10,"playtime":702,"items_purged":[],"score":116,"play_id":"999b41f4-bd61-4ca8-9a7f-6d482adc3dde","local_time":"20190209130010","is_ascension_mode":true,"campfire_choices":[{"data":"Slice","floor":6,"key":"SMITH"}],"neow_cost":"NONE","seed_source_timestamp":355647251316200,"circlet_count":0,"master_deck":["AscendersBane","Defend_G","Defend_G","Defend_G","Defend_G","Defend_G","Strike_G","Strike_G","Strike_G","Strike_G","Survivor","Neutralize+1","Slice+1","Well Laid Plans","Deflect","Concentrate","All Out Attack","Dodge and Roll"],"relics":["Ring of the Snake","Anchor","Vajra"],"potions_floor_usage":[],"damage_taken":[{"damage":0,"enemies":"2 Louse","floor":1,"turns":3},{"damage":0,"enemies":"Cultist","floor":4,"turns":4},{"damage":0,"enemies":"Jaw Worm","floor":7,"turns":6},{"damage":4,"enemies":"Exordium Thugs","floor":8,"turns":5},{"damage":55,"enemies":"Lagavulin","floor":10,"turns":8}],"seed_played":"4419968351355483458","potions_obtained":[],"is_trial":false,"path_per_floor":["M","?","$","M","?","R","M","M","T","E"],"character_chosen":"THE_SILENT","items_purchased":["Well Laid Plans"],"campfire_rested":0,"item_purchase_floors":[3],"current_hp_per_floor":[59,59,59,59,59,59,59,55,55,0],"gold":69,"neow_bonus":"RANDOM_COMMON_RELIC","is_prod":false,"is_daily":false,"chose_seed":false,"campfire_upgraded":1,"win_rate":0,"timestamp":1549713610,"path_taken":["M","?","$","?","?","R","M","M","T","E"],"build_version":"2019-01-23","purchased_purges":0,"victory":false,"max_hp_per_floor":[66,66,66,66,66,66,66,66,66,66],"card_choices":[{"not_picked":["Blade Dance","Setup"],"picked":"Slice","floor":1},{"not_picked":["Distraction","Catalyst"],"picked":"Deflect","floor":4},{"not_picked":["Deadly Poison","Dodge and Roll"],"picked":"All Out Attack","floor":7},{"not_picked":["Deflect","Sucker Punch"],"picked":"Dodge and Roll","floor":8}],"player_experience":506700,"relics_obtained":[{"floor":9,"key":"Vajra"}],"event_choices":[{"damage_healed":0,"gold_gain":0,"player_choice":"Forge","damage_taken":0,"max_hp_gain":0,"max_hp_loss":0,"event_name":"Accursed Blacksmith","floor":2,"gold_loss":0,"cards_upgraded":["Neutralize"]},{"damage_healed":0,"gold_gain":0,"cards_transformed":["Strike_G"],"player_choice":"Transformed","damage_taken":0,"max_hp_gain":0,"max_hp_loss":0,"event_name":"Transmorgrifier","floor":5,"gold_loss":0,"cards_obtained":["Concentrate"]}],"is_beta":false,"boss_relics":[],"items_purged_floors":[],"is_endless":false,"potions_floor_spawned":[],"killed_by":"Lagavulin","ascension_level":20}