{"gold_per_floor":[112,125,50,50,69,69,88,88,167,167,167,208,208,233,233,353,416,402,26,26,39,39,39,73,89,89,120,144,169,169,169,169,295,295,313,387,80,80],"floor_reached":38,"playtime":3225,"items_purged":["Strike_R","Strike_R","Writhe"],"score":439,"play_id":"c9fd439e-c092-494f-b1f9-3b4f08508c14","local_time":"20190105181206","is_ascension_mode":false,"campfire_choices":[{"data":"Bash","floor":6.0,"key":"SMITH"},{"floor":11.0,"key":"REST"},{"data":"Rampage","floor":13.0,"key":"SMITH"},{"data":"Twin Strike","floor":15.0,"key":"SMITH"},{"data":"Barricade","floor":23.0,"key":"SMITH"},{"floor":30.0,"key":"REST"},{"floor":32.0,"key":"REST"}],"neow_cost":"PERCENT_DAMAGE","seed_source_timestamp":0,"circlet_count":0,"master_deck":["Strike_R+1","Defend_R","Defend_R","Defend_R","Defend_R","Bash+1","Pommel Strike","Shrug It Off","Twin Strike+1","Rampage+1","Shrug It Off","Barricade+1","Seeing Red","Metallicize","Iron Wave+1","Armaments+1","Ghostly Armor","Iron Wave+1","Entrench+1","Shrug It Off","Carnage+1","Deep Breath"],"special_seed":0,"relics":["Black Blood","Incense Burner","Golden Idol","Kunai","Vajra","Tiny House","Sling","WingedGreaves","Champion Belt","Paper Frog","Dream Catcher","SsserpentHead","Potion Belt"],"potions_floor_usage":[],"damage_taken":[{"damage":1.0,"enemies":"2 Louse","floor":1.0,"turns":4.0},{"damage":1.0,"enemies":"Cultist","floor":2.0,"turns":3.0},{"damage":0.0,"enemies":"Small Slimes","floor":5.0,"turns":5.0},{"damage":8.0,"enemies":"Gremlin Gang","floor":7.0,"turns":8.0},{"damage":21.0,"enemies":"3 Sentries","floor":12.0,"turns":9.0},{"damage":0.0,"enemies":"Lots of Slimes","floor":14.0,"turns":4.0},{"damage":34.0,"enemies":"Hexaghost","floor":16.0,"turns":10.0},{"damage":14.0,"enemies":"2 Thieves","floor":18.0,"turns":4.0},{"damage":18.0,"enemies":"Spheric Guardian","floor":21.0,"turns":7.0},{"damage":22.0,"enemies":"Slavers","floor":24.0,"turns":8.0},{"damage":35.0,"enemies":"3 Cultists","floor":25.0,"turns":7.0},{"damage":26.0,"enemies":"Book of Stabbing","floor":27.0,"turns":8.0},{"damage":0.0,"enemies":"Chosen and Byrds","floor":28.0,"turns":15.0},{"damage":17.0,"enemies":"Snake Plant","floor":29.0,"turns":6.0},{"damage":28.0,"enemies":"Collector","floor":33.0,"turns":29.0},{"damage":32.0,"enemies":"Orb Walker","floor":35.0,"turns":9.0},{"damage":21.0,"enemies":"3 Shapes","floor":36.0,"turns":8.0},{"damage":11,"enemies":"Sphere and 2 Shapes","floor":38,"turns":3}],"seed_played":"-5871246525521074442","potions_obtained":[{"floor":1.0,"key":"PowerPotion"},{"floor":5.0,"key":"Dexterity Potion"},{"floor":16.0,"key":"GamblersBrew"},{"floor":17.0,"key":"Block Potion"},{"floor":18.0,"key":"Fire Potion"},{"floor":24.0,"key":"Fruit Juice"},{"floor":27.0,"key":"Ancient Potion"},{"floor":29.0,"key":"SkillPotion"},{"floor":36.0,"key":"Poison Potion"}],"is_trial":false,"path_per_floor":["M","M","$","?","M","R","M","?","T","?","R","E","R","M","R","B",null,"M","$","?","M","?","R","E","M","T","E","M","M","R","?","R","B",null,"M","M","$","M"],"character_chosen":"IRONCLAD","items_purchased":["Sling","Metallicize","Potion Belt","Deep Breath"],"campfire_rested":3,"item_purchase_floors":[19,19,37,37],"current_hp_per_floor":[61,66,66,46,52,52,50,43,43,43,67,52,52,58,58,30,85,77,77,77,65,85,85,74,45,45,25,31,20,47,47,74,52,90,68,57,57,46],"gold":80,"neow_bonus":"ONE_RARE_RELIC","is_prod":false,"is_daily":false,"chose_seed":false,"campfire_upgraded":4,"win_rate":0.0,"timestamp":1546708326,"path_taken":["M","M","$","?","M","R","M","?","T","?","R","E","R","?","R","BOSS","M","$","?","M","?","R","E","M","T","E","M","M","R","?","R","BOSS","M","?","?","M"],"build_version":"2019-01-03v4","purchased_purges":3,"victory":false,"max_hp_per_floor":[80,80,80,80,80,80,80,80,80,80,80,80,80,80,80,80,85,85,85,85,85,85,85,90,90,90,90,90,90,90,90,90,90,90,90,90,90,90],"card_choices":[{"not_picked":["Second Wind","Body Slam"],"picked":"Pommel Strike","floor":1.0},{"not_picked":["Inflame","Sever Soul"],"picked":"Shrug It Off","floor":2.0},{"not_picked":["Clothesline","Anger"],"picked":"Twin Strike","floor":5.0},{"not_picked":["Sword Boomerang","Clothesline"],"picked":"Rampage","floor":7.0},{"not_picked":["Pommel Strike","Sword Boomerang"],"picked":"Shrug It Off","floor":12.0},{"not_picked":["Hemokinesis","Anger","Rupture"],"picked":"SKIP","floor":14.0},{"not_picked":["Double Tap","Reaper"],"picked":"Barricade","floor":16.0},{"not_picked":["Armaments+1","Reckless Charge"],"picked":"Seeing Red","floor":18.0},{"not_picked":["Pommel Strike","Thunderclap","Burning Pact"],"picked":"SKIP","floor":21.0},{"not_picked":["Clash","Rage"],"picked":"Iron Wave+1","floor":24.0},{"not_picked":["Cleave+1","Infernal Blade"],"picked":"Armaments+1","floor":25.0},{"not_picked":["Dark Embrace","Iron Wave"],"picked":"Ghostly Armor","floor":27.0},{"not_picked":["Reckless Charge","Sword Boomerang"],"picked":"Iron Wave+1","floor":28.0},{"not_picked":["Rage","Perfected Strike+1","Thunderclap"],"picked":"SKIP","floor":29.0},{"not_picked":["Burning Pact","Body Slam"],"picked":"Entrench+1","floor":30.0},{"not_picked":["Rupture","Carnage"],"picked":"Shrug It Off","floor":32.0},{"not_picked":["Sever Soul+1","Pommel Strike+1"],"picked":"Carnage+1","floor":35.0},{"not_picked":["Carnage","Twin Strike","Perfected Strike"],"picked":"SKIP","floor":36.0}],"player_experience":7830,"relics_obtained":[{"floor":9.0,"key":"Kunai"},{"floor":12.0,"key":"Vajra"},{"floor":24.0,"key":"Champion Belt"},{"floor":26.0,"key":"Paper Frog"},{"floor":27.0,"key":"Dream Catcher"}],"event_choices":[{"damage_healed":0.0,"max_hp_gain":0.0,"max_hp_loss":0.0,"gold_gain":0.0,"event_name":"Golden Idol","player_choice":"Take Damage","floor":4.0,"gold_loss":0.0,"damage_taken":20.0,"relics_obtained":["Golden Idol"]},{"cards_removed":["Strike_R"],"damage_healed":0.0,"max_hp_gain":0.0,"max_hp_loss":0.0,"gold_gain":0.0,"event_name":"Golden Wing","player_choice":"Card Removal","floor":8.0,"gold_loss":0.0,"damage_taken":7.0},{"cards_removed":["Strike_R"],"damage_healed":0.0,"max_hp_gain":0.0,"max_hp_loss":0.0,"gold_gain":0.0,"event_name":"Bonfire Elementals","player_choice":"Offered Basic","floor":10.0,"gold_loss":0.0,"damage_taken":0.0},{"damage_healed":0.0,"max_hp_gain":0.0,"max_hp_loss":0.0,"gold_gain":0.0,"event_name":"The Mausoleum","player_choice":"Opened","floor":20.0,"gold_loss":0.0,"damage_taken":0.0,"relics_obtained":["WingedGreaves"],"cards_obtained":["Writhe"]},{"damage_healed":28.0,"max_hp_gain":0.0,"max_hp_loss":0.0,"gold_gain":0.0,"event_name":"The Library","player_choice":"Heal","floor":22.0,"gold_loss":0.0,"damage_taken":0.0},{"damage_healed":0.0,"max_hp_gain":0.0,"max_hp_loss":0.0,"gold_gain":0.0,"event_name":"FaceTrader","player_choice":"Trade","floor":31.0,"gold_loss":0.0,"damage_taken":0.0,"relics_obtained":["SsserpentHead"]}],"is_beta":false,"boss_relics":[{"not_picked":["Runic Cube","Lizard Tail"],"picked":"Tiny House"},{"not_picked":["Snecko Eye","Calling Bell"],"picked":"Black Blood"}],"items_purged_floors":[3,19,37],"is_endless":false,"potions_floor_spawned":[1,5,16,18,21,24,27,29,36],"killed_by":"Sphere and 2 Shapes","ascension_level":0}