{"gold_per_floor":[114,125,125,139,139,139,182,182,234,255,255,291,309,309],"floor_reached":14,"playtime":374,"items_purged":[],"score":100,"play_id":"724830f1-706e-450a-9f0b-77108351bdc8","local_time":"20190106135446","is_ascension_mode":false,"campfire_choices":[{"data":"Dualcast","floor":6,"key":"SMITH"},{"data":"Zap","floor":8,"key":"SMITH"}],"neow_cost":"NONE","seed_source_timestamp":1102665423900974,"circlet_count":0,"master_deck":["Strike_B","Strike_B","Strike_B","Strike_B","Defend_B","Defend_B","Defend_B","Zap+1","Dualcast+1","Conserve Battery","Go for the Eyes","Steam"],"relics":["Cracked Core","Golden Idol","Centennial Puzzle","Bag of Marbles","Darkstone Periapt","Prayer Wheel"],"potions_floor_usage":[12],"damage_taken":[{"damage":6,"enemies":"Jaw Worm","floor":1,"turns":3},{"damage":0,"enemies":"Small Slimes","floor":2,"turns":2},{"damage":0,"enemies":"2 Louse","floor":4,"turns":3},{"damage":27,"enemies":"3 Sentries","floor":7,"turns":7},{"damage":0,"enemies":"Large Slime","floor":10,"turns":4},{"damage":15,"enemies":"Lagavulin","floor":12,"turns":6},{"damage":6,"enemies":"2 Fungi Beasts","floor":13,"turns":3},{"damage":8,"enemies":"Red Slaver","floor":14,"turns":1}],"seed_played":"-4944462385222863823","potions_obtained":[{"floor":7,"key":"SpeedPotion"}],"is_trial":false,"path_per_floor":["M","M","?","M","?","R","E","R","T","M","?","E","M","M"],"character_chosen":"DEFECT","items_purchased":[],"campfire_rested":0,"item_purchase_floors":[],"current_hp_per_floor":[69,69,51,51,56,56,29,29,29,29,22,7,1,0],"gold":309,"neow_bonus":"REMOVE_CARD","is_prod":false,"is_daily":false,"chose_seed":false,"campfire_upgraded":2,"win_rate":0,"timestamp":1546782886,"path_taken":["M","M","?","M","?","R","E","R","T","M","?","E","M","M"],"build_version":"2019-01-03v4","purchased_purges":0,"victory":false,"max_hp_per_floor":[75,75,75,75,80,80,80,80,80,80,80,80,80,80],"card_choices":[{"not_picked":["Turbo","Ball Lightning"],"picked":"Conserve Battery","floor":1},{"not_picked":["Coolheaded","Melter"],"picked":"Go for the Eyes","floor":2},{"not_picked":["Genetic Algorithm","Redo","Scrape"],"picked":"SKIP","floor":4},{"not_picked":["Loop","Storm","Go for the Eyes"],"picked":"SKIP","floor":7},{"not_picked":["Tempest","Barrage","Go for the Eyes"],"picked":"SKIP","floor":10},{"not_picked":["Meteor Strike","Streamline","Doom and Gloom"],"picked":"SKIP","floor":12},{"not_picked":["Go for the Eyes","Gash"],"picked":"Steam","floor":13},{"not_picked":["Rebound","Melter","Steam"],"picked":"SKIP","floor":13}],"player_experience":947539,"relics_obtained":[{"floor":7,"key":"Centennial Puzzle"},{"floor":9,"key":"Bag of Marbles"},{"floor":12,"key":"Prayer Wheel"}],"event_choices":[{"damage_healed":0,"gold_gain":0,"player_choice":"Take Damage","damage_taken":18,"relics_obtained":["Golden Idol"],"max_hp_gain":0,"max_hp_loss":0,"event_name":"Golden Idol","floor":3,"gold_loss":0},{"damage_healed":0,"gold_gain":0,"player_choice":"Donut","damage_taken":0,"max_hp_gain":5,"max_hp_loss":0,"event_name":"Big Fish","floor":5,"gold_loss":0},{"damage_healed":0,"gold_gain":0,"player_choice":"Success","damage_taken":7,"relics_obtained":["Darkstone Periapt"],"max_hp_gain":0,"max_hp_loss":0,"event_name":"Scrap Ooze","floor":11,"gold_loss":0}],"is_beta":false,"boss_relics":[],"items_purged_floors":[],"is_endless":false,"potions_floor_spawned":[7],"killed_by":"Red Slaver","ascension_level":0}