{"gold_per_floor":[110,129,149,70,83,115,130,130,200,35,60,60,135,154,154,228,228,247,172,172,191,191,191,206,206],"floor_reached":25,"playtime":1417,"items_purged":["Strike_G"],"score":451,"play_id":"d66456b0-d170-4c57-a904-cca8cd93df79","local_time":"20190113213116","is_ascension_mode":true,"campfire_choices":[{"floor":8.0,"key":"REST"},{"data":"Noxious Fumes","floor":12.0,"key":"SMITH"},{"data":"Crippling Poison","floor":15.0,"key":"SMITH"},{"data":"Catalyst","floor":23,"key":"SMITH"}],"neow_cost":"NONE","seed_source_timestamp":301363145238638,"circlet_count":0,"master_deck":["AscendersBane","Defend_G","Defend_G","Defend_G","Defend_G","Defend_G","Strike_G","Strike_G","Strike_G","Strike_G","Survivor","Neutralize","Endless Agony","Dagger Spray","Crippling Poison+1","Well Laid Plans","Well Laid Plans","Riddle With Holes","Dodge and Roll","Noxious Fumes+1","Corpse Explosion","Glass Knife","Dash","RitualDagger","Catalyst+1","Cloak And Dagger"],"special_seed":0,"relics":["Ring of the Snake","Oddly Smooth Stone","Kunai","Lantern","Mango","White Beast Statue","Pen Nib"],"potions_floor_usage":[21,25,25],"damage_taken":[{"damage":9.0,"enemies":"Cultist","floor":1.0,"turns":6.0},{"damage":2.0,"enemies":"Jaw Worm","floor":2.0,"turns":4.0},{"damage":0.0,"enemies":"2 Louse","floor":3.0,"turns":3.0},{"damage":7.0,"enemies":"Red Slaver","floor":5.0,"turns":6.0},{"damage":24.0,"enemies":"Gremlin Nob","floor":6.0,"turns":4.0},{"damage":5.0,"enemies":"3 Louse","floor":7.0,"turns":4.0},{"damage":9.0,"enemies":"Lagavulin","floor":11.0,"turns":5.0},{"damage":5.0,"enemies":"Exordium Thugs","floor":14.0,"turns":7.0},{"damage":13.0,"enemies":"Hexaghost","floor":16.0,"turns":10.0},{"damage":22.0,"enemies":"Chosen","floor":18.0,"turns":5.0},{"damage":5,"enemies":"2 Thieves","floor":21,"turns":4},{"damage":28,"enemies":"Snecko","floor":24,"turns":8},{"damage":13,"enemies":"Snake Plant","floor":25,"turns":3}],"seed_played":"599390766641977218","potions_obtained":[{"floor":2.0,"key":"EssenceOfSteel"},{"floor":3.0,"key":"FearPotion"},{"floor":6.0,"key":"Strength Potion"},{"floor":11.0,"key":"SkillPotion"},{"floor":18.0,"key":"Fire Potion"},{"floor":21,"key":"Explosive Potion"},{"floor":24,"key":"GhostInAJar"}],"is_trial":false,"path_per_floor":["M","M","M","$","M","E","M","R","T","$","E","R","?","M","R","B",null,"M","$","?","M","?","R","M","M"],"character_chosen":"THE_SILENT","items_purchased":["Well Laid Plans","Lantern"],"campfire_rested":1,"item_purchase_floors":[4,10],"current_hp_per_floor":[56,54,54,54,47,23,18,39,39,39,44,44,33,28,28,15,68,46,46,40,35,35,35,7,0],"gold":206,"neow_bonus":"TEN_PERCENT_HP_BONUS","is_prod":false,"is_daily":false,"chose_seed":false,"campfire_upgraded":3,"win_rate":0,"timestamp":1547443876,"path_taken":["M","M","M","?","?","E","M","R","T","?","E","R","?","M","R","BOSS","M","$","?","M","?","R","?","M"],"build_version":"2019-01-10","purchased_purges":1,"victory":false,"max_hp_per_floor":[72,72,72,72,72,72,72,72,72,72,86,86,86,86,86,86,86,86,86,86,86,86,86,86,86],"card_choices":[{"not_picked":["Backflip","Bane"],"picked":"Endless Agony","floor":1.0},{"not_picked":["Acrobatics","Backflip"],"picked":"Dagger Spray","floor":2.0},{"not_picked":["Setup","Deflect"],"picked":"Crippling Poison","floor":3.0},{"not_picked":["Blade Dance","Quick Slash"],"picked":"Well Laid Plans","floor":5.0},{"not_picked":["Eviscerate","Reflex"],"picked":"Riddle With Holes","floor":6.0},{"not_picked":["PiercingWail","Eviscerate"],"picked":"Dodge and Roll","floor":7.0},{"not_picked":["Deadly Poison","Accuracy"],"picked":"Noxious Fumes","floor":11.0},{"not_picked":["Sucker Punch","Escape Plan"],"picked":"Corpse Explosion","floor":14.0},{"not_picked":["Die Die Die","Night Terror"],"picked":"Glass Knife","floor":16.0},{"not_picked":["Prepared","Distraction"],"picked":"Dash","floor":18.0},{"not_picked":["Bane","Deflect+1"],"picked":"Catalyst","floor":21},{"not_picked":["Prepared","Crippling Poison"],"picked":"Cloak And Dagger","floor":24}],"player_experience":400808,"relics_obtained":[{"floor":6.0,"key":"Oddly Smooth Stone"},{"floor":9.0,"key":"Kunai"},{"floor":11.0,"key":"Mango"}],"event_choices":[{"damage_healed":0.0,"max_hp_gain":0.0,"max_hp_loss":0.0,"gold_gain":75.0,"event_name":"World of Goop","player_choice":"Gather Gold","floor":13.0,"gold_loss":0.0,"damage_taken":11.0},{"damage_healed":0.0,"max_hp_gain":0.0,"max_hp_loss":0.0,"gold_gain":0.0,"event_name":"Nest","player_choice":"Joined the Cult","floor":20.0,"gold_loss":0.0,"damage_taken":6.0,"cards_obtained":["RitualDagger"]},{"damage_healed":0,"gold_gain":0,"player_choice":"Gave Potion","damage_taken":0,"relics_obtained":["Pen Nib"],"max_hp_gain":0,"max_hp_loss":0,"event_name":"WeMeetAgain","floor":22,"gold_loss":0}],"is_beta":false,"boss_relics":[{"not_picked":["WristBlade","Calling Bell"],"picked":"White Beast Statue"}],"items_purged_floors":[19],"is_endless":false,"potions_floor_spawned":[2,3,6,11,18,21,24],"killed_by":"Snake Plant","ascension_level":20}