{"gold_per_floor":[115,115,135,0,15,15,15,15,38,38,55,55,55,71,71,171,171,187,201,201,201],"floor_reached":21,"playtime":878,"items_purged":["Whirlwind+1","Strike_R"],"score":296,"play_id":"b8ae16cb-72c6-440a-86c1-4eee3a69db32","local_time":"20190118001055","is_ascension_mode":true,"campfire_choices":[{"data":"Bash","floor":6.0,"key":"SMITH"},{"data":"True Grit","floor":8.0,"key":"SMITH"},{"data":"Inflame","floor":13.0,"key":"SMITH"},{"data":"Inflame","floor":15.0,"key":"SMITH"}],"neow_cost":"","seed_source_timestamp":0,"circlet_count":0,"master_deck":["Whirlwind+1","Strike_R","Strike_R","Strike_R","Strike_R","Defend_R","Defend_R","Defend_R","Defend_R","Bash+1","Inflame+1","Flash of Steel","True Grit+1","Inflame+1","ReplayTheSpireMod:LeadingStrike","Evolve","True Grit","Regret","Rampage","Metallicize","Demon Form","Heavy Blade","Feed"],"special_seed":0,"relics":["Burning Blood","hubris:MedicalManual","Lee\u0027s Waffle","infinitespire:ShieldingShard","Potion Belt","CultistMask","hubris:ScarierMask"],"potions_floor_usage":[21,21,21,21],"damage_taken":[{"damage":10.0,"enemies":"Cultist","floor":1.0,"turns":4.0},{"damage":7.0,"enemies":"Jaw Worm","floor":3.0,"turns":3.0},{"damage":8.0,"enemies":"2 Louse","floor":5.0,"turns":3.0},{"damage":25.0,"enemies":"Large Slime","floor":11.0,"turns":5.0},{"damage":14.0,"enemies":"3 Louse","floor":14.0,"turns":3.0},{"damage":49.0,"enemies":"Fading Forest","floor":16.0,"turns":11.0},{"damage":34,"enemies":"Spheric Guardian","floor":18,"turns":7},{"damage":46,"enemies":"Shell Parasite","floor":19,"turns":5},{"damage":28,"enemies":"Snecko","floor":21,"turns":5}],"seed_played":"-1952232803184508161","potions_obtained":[{"floor":2.0,"key":"LiquidBronze"},{"floor":2.0,"key":"BloodPotion"},{"floor":2.0,"key":"Venom Potion"},{"floor":11.0,"key":"GamblersBrew"},{"floor":16.0,"key":"Block Potion"},{"floor":19,"key":"LifebloodPotion"}],"is_trial":false,"path_per_floor":["M","?","M","$","M","R","?","R","T","?","M","$","R","M","R","B",null,"M","M","?","M"],"character_chosen":"IRONCLAD","items_purchased":["Lee\u0027s Waffle","Inflame","Flash of Steel","True Grit","Evolve"],"campfire_rested":0,"item_purchase_floors":[0,0,0,0,4],"current_hp_per_floor":[83,83,82,82,80,80,80,80,80,80,61,61,61,53,53,22,87,59,19,19,0],"gold":201,"neow_bonus":"","is_prod":false,"is_daily":false,"chose_seed":false,"campfire_upgraded":4,"win_rate":0,"timestamp":1547741455,"path_taken":["M","?","?","$","M","R","?","R","T","?","?","$","R","M","R","BOSS","M","M","?","M"],"build_version":"2019-01-10","purchased_purges":2,"victory":false,"max_hp_per_floor":[87,87,87,87,87,87,87,87,87,87,87,87,87,87,87,87,87,87,87,87,87],"card_choices":[{"not_picked":["Body Slam","Warcry"],"picked":"Inflame","floor":1.0},{"not_picked":["Massacre","ReplayTheSpireMod:Strike From Hell"],"picked":"ReplayTheSpireMod:LeadingStrike","floor":3.0},{"not_picked":["Armaments","Perfected Strike"],"picked":"True Grit","floor":5.0},{"not_picked":["Wild Strike","Sever Soul"],"picked":"Rampage","floor":11.0},{"not_picked":["Cleave","Shrug It Off"],"picked":"Metallicize","floor":14.0},{"not_picked":["Juggernaut","Eclipse"],"picked":"Demon Form","floor":16.0},{"not_picked":["True Grit","Warcry"],"picked":"Heavy Blade","floor":18},{"not_picked":["Havoc+1","Clothesline"],"picked":"Feed","floor":19}],"player_experience":129629,"relics_obtained":[{"floor":9.0,"key":"Potion Belt"}],"event_choices":[{"damage_healed":0.0,"max_hp_gain":0.0,"max_hp_loss":0.0,"gold_gain":0.0,"event_name":"Lab","player_choice":"Got Potions","floor":2.0,"gold_loss":0.0,"damage_taken":0.0},{"damage_healed":0.0,"max_hp_gain":0.0,"max_hp_loss":0.0,"gold_gain":0.0,"event_name":"Big Fish","player_choice":"Box","floor":7.0,"gold_loss":0.0,"damage_taken":0.0,"relics_obtained":["infinitespire:ShieldingShard"],"cards_obtained":["Regret"]},{"damage_healed":0.0,"max_hp_gain":0.0,"max_hp_loss":0.0,"gold_gain":0.0,"event_name":"FaceTrader","player_choice":"Trade","floor":10.0,"gold_loss":0.0,"damage_taken":0.0,"relics_obtained":["CultistMask"]},{"damage_healed":0,"gold_gain":0,"player_choice":"Ignored","damage_taken":0,"max_hp_gain":0,"max_hp_loss":0,"event_name":"Ghosts","floor":20,"gold_loss":0}],"is_beta":false,"boss_relics":[{"not_picked":["Ring of Chaos","ReplayTheSpireMod:SealedPack"],"picked":"hubris:ScarierMask"}],"items_purged_floors":[0,4],"is_endless":false,"potions_floor_spawned":[11,16,18,19],"killed_by":"Snecko","ascension_level":2}