{"gold_per_floor":[119,138,138,26,36,68,84,5,5,19,19,19,19,94,94,199,199],"floor_reached":17,"playtime":696,"items_purged":["Strike_B"],"score":155,"play_id":"5ff38e73-e01c-4489-b702-dc5b22d443f6","local_time":"20180725182116","is_ascension_mode":false,"campfire_choices":[{"floor":12,"key":"REST"},{"floor":15,"key":"REST"}],"neow_cost":"","seed_source_timestamp":89687548886048,"circlet_count":0,"master_deck":["Strike_B","Strike_B","Strike_B","Defend_B","Defend_B","Defend_B","Zap","Dualcast","Ball Lightning","Auto Shields","FTL","Leap","Leap","Gash","Hello World","Ball Lightning","Storm","Buffer"],"relics":["FrozenCore","Kunai","Mummified Hand","Question Card"],"potions_floor_usage":[16],"damage_taken":[{"damage":5,"enemies":"2 Louse","floor":1,"turns":2},{"damage":6,"enemies":"Jaw Worm","floor":2,"turns":2},{"damage":0,"enemies":"Small Slimes","floor":5,"turns":2},{"damage":9,"enemies":"3 Sentries","floor":6,"turns":7},{"damage":1,"enemies":"3 Louse","floor":7,"turns":4},{"damage":13,"enemies":"Red Slaver","floor":10,"turns":4},{"damage":19,"enemies":"The Guardian","floor":16,"turns":10}],"seed_played":"-5120490029711694995","potions_obtained":[{"floor":2,"key":"Dexterity Potion"},{"floor":6,"key":"Weak Potion"},{"floor":7,"key":"FearPotion"}],"is_trial":false,"path_per_floor":["M","M","?","$","M","E","M","$","T","M","?","R","$","?","R","B"],"character_chosen":"DEFECT","items_purchased":["FTL","Hello World"],"campfire_rested":2,"item_purchase_floors":[4,8],"current_hp_per_floor":[70,64,46,46,46,37,36,36,36,23,23,45,45,34,56,37,75],"gold":199,"neow_bonus":"","is_prod":false,"is_daily":false,"chose_seed":false,"campfire_upgraded":0,"win_rate":0,"timestamp":1532557276,"path_taken":["M","M","?","$","M","E","M","$","T","M","?","R","?","?","R","BOSS"],"build_version":"2018-07-19v2","purchased_purges":1,"victory":false,"max_hp_per_floor":[75,75,75,75,75,75,75,75,75,75,75,75,75,75,75,75,75],"card_choices":[{"not_picked":["Streamline","Stack"],"picked":"Ball Lightning","floor":1},{"not_picked":["Steam","Ball Lightning"],"picked":"Auto Shields","floor":2},{"not_picked":["Lockon","Cold Snap"],"picked":"Leap","floor":5},{"not_picked":["Ball Lightning","Steam"],"picked":"Leap","floor":6},{"not_picked":["Sweeping Beam","Undo"],"picked":"Gash","floor":7},{"not_picked":["Amplify","Beam Cell","Compile Driver"],"picked":"Ball Lightning","floor":10},{"not_picked":["Biased Cognition","Fission","Rainbow"],"picked":"Buffer","floor":16}],"player_experience":491167,"relics_obtained":[{"floor":6,"key":"Mummified Hand"},{"floor":9,"key":"Question Card"}],"event_choices":[{"event_name":"Scrap Ooze","player_choice":"success","floor":3,"damage_taken":18},{"event_name":"Transmorgrifier","player_choice":"Transform","floor":11,"damage_taken":0},{"event_name":"World of Goop","player_choice":"Gather Gold","floor":14,"damage_taken":0}],"is_beta":false,"boss_relics":[{"not_picked":["Calling Bell","Cursed Key"],"picked":"FrozenCore"}],"items_purged_floors":[4],"is_endless":false,"potions_floor_spawned":[2,6,7],"ascension_level":0}