{"gold_per_floor":[116,132,151,111,131,131,150,176,202,10,28,47,65,98,98,173,173,185,196,212,222,222,252,252],"floor_reached":24,"playtime":2165,"items_purged":[],"score":518,"play_id":"58074ea7-4e8c-4b0a-a34f-3f39a84e4625","local_time":"20181223222441","is_ascension_mode":true,"campfire_choices":[{"data":"Riddle With Holes","floor":6.0,"key":"SMITH"},{"data":"Envenom","floor":15.0,"key":"SMITH"}],"neow_cost":"NONE","seed_source_timestamp":560538593156052,"circlet_count":0,"master_deck":["AscendersBane","Defend_G","Defend_G","Defend_G","Defend_G","Defend_G","Strike_G","Strike_G+1","Strike_G+1","Strike_G","Strike_G","Survivor","Neutralize","Riddle With Holes+1","Noxious Fumes","Backstab","Dagger Throw","Terror","Envenom+1","Leg Sweep","Dagger Spray","Venomology","PiercingWail","Backflip","Dodge and Roll+1","Footwork"],"special_seed":0,"relics":["Ring of the Snake","Ninja Scroll","Potion Belt","Bag of Marbles","Fusion Hammer","Whetstone"],"potions_floor_usage":[23,23,24,24,24,24,24],"damage_taken":[{"damage":7.0,"enemies":"Jaw Worm","floor":1.0,"turns":5.0},{"damage":1.0,"enemies":"Small Slimes","floor":2.0,"turns":4.0},{"damage":0.0,"enemies":"2 Louse","floor":3.0,"turns":2.0},{"damage":3.0,"enemies":"Looter","floor":4.0,"turns":4.0},{"damage":7.0,"enemies":"3 Louse","floor":5.0,"turns":3.0},{"damage":8.0,"enemies":"Blue Slaver","floor":7.0,"turns":3.0},{"damage":25.0,"enemies":"Lagavulin","floor":8.0,"turns":6.0},{"damage":0.0,"enemies":"Gremlin Gang","floor":11.0,"turns":5.0},{"damage":0.0,"enemies":"Lots of Slimes","floor":12.0,"turns":3.0},{"damage":0.0,"enemies":"Looter","floor":13.0,"turns":1.0},{"damage":0.0,"enemies":"3 Sentries","floor":14.0,"turns":7.0},{"damage":3.0,"enemies":"Hexaghost","floor":16.0,"turns":7.0},{"damage":1.0,"enemies":"Spheric Guardian","floor":18.0,"turns":3.0},{"damage":7.0,"enemies":"Shell Parasite","floor":19.0,"turns":4.0},{"damage":6.0,"enemies":"Centurion and Healer","floor":20.0,"turns":4.0},{"damage":1.0,"enemies":"3 Cultists","floor":21.0,"turns":5.0},{"damage":34,"enemies":"Gremlin Leader","floor":23,"turns":8},{"damage":12,"enemies":"Chosen and Byrds","floor":24,"turns":3}],"seed_played":"-355864073611276797","potions_obtained":[{"floor":2.0,"key":"SkillPotion"},{"floor":3.0,"key":"SpeedPotion"},{"floor":7.0,"key":"AttackPotion"},{"floor":8.0,"key":"SpeedPotion"},{"floor":13.0,"key":"Fire Potion"},{"floor":14.0,"key":"Energy Potion"},{"floor":16.0,"key":"SteroidPotion"},{"floor":21.0,"key":"Dexterity Potion"},{"floor":23,"key":"FearPotion"}],"is_trial":false,"path_per_floor":["M","M","M","M","M","R","M","E","T","$","M","M","M","E","R","B",null,"M","M","M","M","?","E","M"],"character_chosen":"THE_SILENT","items_purchased":["Leg Sweep","Dagger Spray","Block Potion"],"campfire_rested":0,"item_purchase_floors":[10,10,10],"current_hp_per_floor":[58,57,57,54,47,47,39,14,14,14,14,14,14,14,14,11,57,56,49,43,42,42,8,0],"gold":252,"neow_bonus":"TEN_PERCENT_HP_BONUS","is_prod":false,"is_daily":false,"chose_seed":false,"campfire_upgraded":2,"win_rate":0,"timestamp":1545632681,"path_taken":["M","M","M","M","M","R","M","E","T","$","M","M","M","E","R","BOSS","M","M","M","M","?","E","M"],"build_version":"2018-12-20","purchased_purges":0,"victory":false,"max_hp_per_floor":[72,72,72,72,72,72,72,72,72,72,72,72,72,72,72,72,72,72,72,72,72,72,72,72],"card_choices":[{"not_picked":["Cloak And Dagger","Calculated Gamble"],"picked":"Riddle With Holes","floor":1.0},{"not_picked":["Reflex","Acrobatics","Calculated Gamble"],"picked":"SKIP","floor":2.0},{"not_picked":["Deadly Poison","Expertise"],"picked":"Noxious Fumes","floor":3.0},{"not_picked":["Bullet Time","Deflect"],"picked":"Backstab","floor":4.0},{"not_picked":["Deflect","Outmaneuver"],"picked":"Dagger Throw","floor":5.0},{"not_picked":["Prepared","Sucker Punch"],"picked":"Terror","floor":7.0},{"not_picked":["Outmaneuver","Backstab"],"picked":"Envenom","floor":8.0},{"not_picked":["Distraction","Flechettes","Bane"],"picked":"SKIP","floor":11.0},{"not_picked":["Blade Dance","PiercingWail","Outmaneuver"],"picked":"SKIP","floor":12.0},{"not_picked":["Blade Dance","Dagger Throw","Bouncing Flask"],"picked":"SKIP","floor":13.0},{"not_picked":["Deflect","Backstab","Reflex"],"picked":"SKIP","floor":14.0},{"not_picked":["A Thousand Cuts","Burst"],"picked":"Venomology","floor":16.0},{"not_picked":["Setup","Tactician"],"picked":"PiercingWail","floor":18.0},{"not_picked":["Accuracy","Prepared"],"picked":"Backflip","floor":19.0},{"not_picked":["Bane+1","Riddle With Holes"],"picked":"Dodge and Roll+1","floor":20.0},{"not_picked":["Sucker Punch","Flying Knee","Prepared"],"picked":"SKIP","floor":21.0},{"not_picked":["Bane","Quick Slash","Heel Hook"],"picked":"SKIP","floor":23}],"player_experience":207926,"relics_obtained":[{"floor":8.0,"key":"Ninja Scroll"},{"floor":9.0,"key":"Potion Belt"},{"floor":14.0,"key":"Bag of Marbles"},{"floor":23,"key":"Whetstone"}],"event_choices":[{"damage_healed":0.0,"max_hp_gain":0.0,"max_hp_loss":0.0,"gold_gain":0.0,"event_name":"The Library","player_choice":"Read","floor":22.0,"gold_loss":0.0,"damage_taken":0.0,"cards_obtained":["Footwork"]}],"is_beta":false,"boss_relics":[{"not_picked":["Cursed Key","Ring of the Serpent"],"picked":"Fusion Hammer"}],"items_purged_floors":[],"is_endless":false,"potions_floor_spawned":[2,3,7,8,13,14,16,21,23],"killed_by":"Chosen and Byrds","ascension_level":20}