{"gold_per_floor":[118,137,6,17,27,27,42,42,42,42,59,71,71,99,99,171,171,188,200,250,250],"floor_reached":21,"playtime":1668,"items_purged":["Strike_G"],"score":366,"play_id":"a70bd9c7-0fc7-41e6-8106-3492713a7d21","local_time":"20190207135714","is_ascension_mode":true,"campfire_choices":[{"data":"Neutralize","floor":6,"key":"SMITH"},{"data":"Finisher","floor":8,"key":"SMITH"},{"data":"Cloak And Dagger","floor":10,"key":"SMITH"},{"data":"Caltrops","floor":13,"key":"SMITH"},{"floor":15,"key":"REST"}],"neow_cost":"TEN_PERCENT_HP_LOSS","seed_source_timestamp":185303247365500,"circlet_count":0,"master_deck":["AscendersBane","Defend_G","Defend_G","Defend_G","Defend_G","Defend_G","Strike_G","Strike_G","Survivor","Neutralize+1","All Out Attack","Flying Knee","Cloak And Dagger+1","Caltrops","Finisher+1","Leg Sweep","Caltrops+1","Dash","A Thousand Cuts","Endless Agony","Footwork"],"relics":["Ring of the Snake","Mercury Hourglass","Snake Skull","WristBlade"],"potions_floor_usage":[12,14,16],"damage_taken":[{"damage":18,"enemies":"Cultist","floor":1,"turns":6},{"damage":4,"enemies":"Small Slimes","floor":2,"turns":3},{"damage":0,"enemies":"2 Louse","floor":4,"turns":3},{"damage":0,"enemies":"Blue Slaver","floor":5,"turns":4},{"damage":0,"enemies":"2 Fungi Beasts","floor":7,"turns":3},{"damage":7,"enemies":"Large Slime","floor":11,"turns":5},{"damage":0,"enemies":"Looter","floor":12,"turns":3},{"damage":13,"enemies":"3 Sentries","floor":14,"turns":4},{"damage":17,"enemies":"Slime Boss","floor":16,"turns":7},{"damage":13,"enemies":"Chosen","floor":18,"turns":5},{"damage":25,"enemies":"Shell Parasite","floor":19,"turns":6},{"damage":14,"enemies":"Centurion and Healer","floor":21,"turns":5}],"seed_played":"-6588460730514612045","potions_obtained":[{"floor":1,"key":"Swift Potion"},{"floor":4,"key":"Dexterity Potion"},{"floor":14,"key":"Strength Potion"},{"floor":16,"key":"LiquidBronze"},{"floor":19,"key":"LiquidBronze"}],"is_trial":false,"path_per_floor":["M","M","$","M","M","R","M","R","T","R","M","M","R","E","R","B",null,"M","M","?","M"],"character_chosen":"THE_SILENT","items_purchased":["Cloak And Dagger"],"campfire_rested":1,"item_purchase_floors":[3],"current_hp_per_floor":[41,37,37,37,37,37,37,37,37,37,30,30,30,17,35,18,50,37,12,12,0],"gold":250,"neow_bonus":"REMOVE_TWO","is_prod":false,"is_daily":false,"chose_seed":false,"campfire_upgraded":4,"win_rate":0,"timestamp":1549544234,"path_taken":["M","?","$","M","M","R","M","R","T","R","M","M","R","E","R","BOSS","M","?","?","M"],"build_version":"2019-01-23","purchased_purges":1,"victory":false,"max_hp_per_floor":[60,60,60,60,60,60,60,60,60,60,60,60,60,60,60,60,60,60,60,60,60],"card_choices":[{"not_picked":["Bane","Distraction"],"picked":"All Out Attack","floor":1},{"not_picked":["Prepared","Eviscerate"],"picked":"Flying Knee","floor":2},{"not_picked":["Sucker Punch","PiercingWail"],"picked":"Caltrops","floor":4},{"not_picked":["Dagger Spray","Flechettes"],"picked":"Finisher","floor":5},{"not_picked":["Calculated Gamble","Masterful Stab"],"picked":"Leg Sweep","floor":7},{"not_picked":["Concentrate","Distraction"],"picked":"Caltrops","floor":11},{"not_picked":["Flying Knee","Acrobatics","Sucker Punch"],"picked":"SKIP","floor":12},{"not_picked":["Sucker Punch","Endless Agony"],"picked":"Dash","floor":14},{"not_picked":["Bullet Time","Tools of the Trade"],"picked":"A Thousand Cuts","floor":16},{"not_picked":["Dodge and Roll","Quick Slash"],"picked":"Endless Agony","floor":18},{"not_picked":["Concentrate","Deflect"],"picked":"Footwork","floor":19}],"player_experience":466791,"relics_obtained":[{"floor":9,"key":"Mercury Hourglass"},{"floor":14,"key":"Snake Skull"}],"event_choices":[{"damage_healed":0,"gold_gain":50,"player_choice":"Stole From Cult","damage_taken":0,"max_hp_gain":0,"max_hp_loss":0,"event_name":"Nest","floor":20,"gold_loss":0}],"is_beta":false,"boss_relics":[{"not_picked":["Runic Pyramid","Lizard Tail"],"picked":"WristBlade"}],"items_purged_floors":[3],"is_endless":false,"potions_floor_spawned":[1,4,14,16,19],"killed_by":"Centurion and Healer","ascension_level":20}