{"gold_per_floor":[360,373,21,39,4,33,33,66,66,97,97,116,116,126,126,227,227,241,241,141,158,170,170,204,204,204,204,114,124,153,168,168,271,271,285,303,32,42,42,68,68,84,84,84,114,114,141,7,7,7],"floor_reached":51,"playtime":5583,"items_purged":["Strike_G","Strike_G","Strike_G"],"score":1334,"play_id":"e5ca19f7-31be-445a-9700-3d5fea542fe5","local_time":"20190128112250","is_ascension_mode":true,"campfire_choices":[{"data":"Neutralize","floor":7,"key":"SMITH"},{"floor":13,"key":"REST"},{"data":"Blade Dance","floor":15,"key":"SMITH"},{"data":"Cloak And Dagger","floor":23,"key":"SMITH"},{"data":"Footwork","floor":25,"key":"SMITH"},{"data":"Finisher","floor":27,"key":"SMITH"},{"floor":32,"key":"REST"},{"data":"Cloak And Dagger","floor":41,"key":"SMITH"},{"data":"Panache","floor":44,"key":"SMITH"},{"data":"Caltrops","floor":46,"key":"SMITH"},{"data":"Footwork","floor":49,"key":"SMITH"}],"neow_cost":"PERCENT_DAMAGE","seed_source_timestamp":39114227750100,"circlet_count":0,"master_deck":["AscendersBane","Defend_G","Defend_G","Defend_G","Defend_G","Strike_G+1","Survivor","Neutralize+1","Quick Slash","Caltrops+1","Leg Sweep+1","Terror","Blade Dance+1","Finisher+1","Cloak And Dagger+1","Footwork+1","Cloak And Dagger+1","Panache+1","Dodge and Roll+1","Tools of the Trade","Footwork+1","Backflip","Noxious Fumes+1","Blade Dance","Footwork+1"],"relics":["Ring of the Snake","Oddly Smooth Stone","Lantern","Paper Crane","Ornamental Fan","Vajra","Philosopher\u0027s Stone","Blood Vial","Bottled Tornado","Smiling Mask","Sozu","Question Card","Juzu Bracelet","Pear","Orichalcum"],"potions_floor_usage":[6,6,8,18,22,29,30,31,33,35],"damage_taken":[{"damage":3,"enemies":"Cultist","floor":1,"turns":4},{"damage":3,"enemies":"Small Slimes","floor":2,"turns":3},{"damage":0,"enemies":"2 Louse","floor":4,"turns":4},{"damage":11,"enemies":"Lagavulin","floor":6,"turns":7},{"damage":28,"enemies":"3 Sentries","floor":8,"turns":11},{"damage":6,"enemies":"Lagavulin","floor":10,"turns":9},{"damage":0,"enemies":"Exordium Thugs","floor":12,"turns":6},{"damage":0,"enemies":"Blue Slaver","floor":14,"turns":3},{"damage":10,"enemies":"Hexaghost","floor":16,"turns":10},{"damage":0,"enemies":"3 Byrds","floor":18,"turns":5},{"damage":0,"enemies":"Shell Parasite","floor":21,"turns":5},{"damage":0,"enemies":"Centurion and Healer","floor":22,"turns":6},{"damage":0,"enemies":"Book of Stabbing","floor":24,"turns":5},{"damage":0,"enemies":"Sentry and Sphere","floor":29,"turns":6},{"damage":32,"enemies":"Slavers","floor":30,"turns":7},{"damage":0,"enemies":"Snake Plant","floor":31,"turns":3},{"damage":6,"enemies":"Collector","floor":33,"turns":14},{"damage":0,"enemies":"3 Darklings","floor":35,"turns":5},{"damage":0,"enemies":"3 Shapes","floor":36,"turns":8},{"damage":2,"enemies":"Jaw Worm Horde","floor":38,"turns":4},{"damage":1,"enemies":"Nemesis","floor":40,"turns":9},{"damage":15,"enemies":"Sphere and 2 Shapes","floor":42,"turns":7},{"damage":0,"enemies":"Reptomancer","floor":45,"turns":8},{"damage":0,"enemies":"Nemesis","floor":47,"turns":6},{"damage":8,"enemies":"Awakened One","floor":50,"turns":13}],"seed_played":"9014479282639384640","potions_obtained":[{"floor":2,"key":"SteroidPotion"},{"floor":6,"key":"Regen Potion"},{"floor":10,"key":"Weak Potion"},{"floor":12,"key":"EssenceOfSteel"},{"floor":22,"key":"Strength Potion"},{"floor":24,"key":"Dexterity Potion"},{"floor":30,"key":"PowerPotion"},{"floor":31,"key":"Swift Potion"},{"floor":33,"key":"SkillPotion"}],"is_trial":false,"path_per_floor":["M","M","$","M","?","E","R","E","T","E","?","M","R","M","R","B",null,"M","?","$","M","M","R","E","R","T","R","?","M","E","M","R","B",null,"M","M","$","M","?","E","R","M","T","R","E","R","E","$","R","B",null],"character_chosen":"THE_SILENT","items_purchased":["Oddly Smooth Stone","Caltrops","FearPotion","Cloak And Dagger","Panache","Blade Dance","Footwork"],"campfire_rested":2,"item_purchase_floors":[3,3,3,37,37,48,48],"current_hp_per_floor":[42,39,39,39,56,45,45,32,32,26,12,12,33,33,33,23,58,58,45,45,45,45,45,45,45,45,45,45,47,17,19,41,37,66,68,70,70,70,70,71,71,58,58,58,70,70,72,72,72,66],"gold":7,"neow_bonus":"TWO_FIFTY_GOLD","is_prod":false,"is_daily":false,"chose_seed":false,"campfire_upgraded":9,"win_rate":0,"timestamp":1548670970,"path_taken":["M","?","$","M","?","E","R","E","T","E","?","M","R","M","R","BOSS","M","?","$","M","M","R","E","R","T","R","?","M","E","?","R","BOSS","M","M","$","M","?","E","R","M","T","R","E","R","E","$","R","BOSS"],"build_version":"2019-01-23","purchased_purges":3,"victory":true,"max_hp_per_floor":[70,70,70,70,70,70,70,70,70,70,70,70,70,70,70,70,70,70,75,75,75,75,75,75,75,75,75,75,75,75,75,75,75,75,75,75,75,75,75,75,75,75,75,75,85,85,85,85,85,85],"card_choices":[{"not_picked":["Backflip","Outmaneuver"],"picked":"Quick Slash","floor":1},{"not_picked":["Expertise","Acrobatics","Blade Dance"],"picked":"SKIP","floor":2},{"not_picked":["Acrobatics","Bane"],"picked":"Leg Sweep","floor":4},{"not_picked":["Distraction","Choke","Expertise"],"picked":"SKIP","floor":6},{"not_picked":["Expertise","Tools of the Trade"],"picked":"Terror","floor":8},{"not_picked":["Quick Slash","Endless Agony","Reflex"],"picked":"SKIP","floor":10},{"not_picked":["Quick Slash","Endless Agony","Reflex"],"picked":"SKIP","floor":10},{"not_picked":["Flying Knee","Backflip"],"picked":"Blade Dance","floor":12},{"not_picked":["Prepared","Riddle With Holes"],"picked":"Finisher","floor":14},{"not_picked":["Underhanded Strike","Crippling Poison","Caltrops"],"picked":"SKIP","floor":18},{"not_picked":["Dagger Spray+1","Calculated Gamble+1"],"picked":"Cloak And Dagger","floor":21},{"not_picked":["Deadly Poison","Bouncing Flask","Underhanded Strike+1"],"picked":"SKIP","floor":22},{"not_picked":["Backstab","Crippling Poison"],"picked":"Footwork","floor":24},{"not_picked":["Dagger Throw","Riddle With Holes","Sucker Punch"],"picked":"SKIP","floor":29},{"not_picked":["Acrobatics","Catalyst","Dagger Throw"],"picked":"SKIP","floor":30},{"not_picked":["Acrobatics","Dagger Spray","Glass Knife"],"picked":"SKIP","floor":31},{"not_picked":["Catalyst","Outmaneuver","Calculated Gamble"],"picked":"SKIP","floor":35},{"not_picked":["Deflect+1","Masterful Stab","Prepared"],"picked":"SKIP","floor":36},{"not_picked":["Deflect","Riddle With Holes"],"picked":"Dodge and Roll+1","floor":38},{"not_picked":["Blur","Catalyst"],"picked":"Tools of the Trade","floor":40},{"not_picked":["Underhanded Strike","Eviscerate","Caltrops"],"picked":"Footwork+1","floor":42},{"not_picked":["Doppelganger","Sucker Punch","Deflect+1"],"picked":"Backflip","floor":45},{"not_picked":["Terror","Eviscerate+1","Heel Hook+1"],"picked":"Noxious Fumes+1","floor":47}],"player_experience":149958,"relics_obtained":[{"floor":6,"key":"Lantern"},{"floor":8,"key":"Paper Crane"},{"floor":9,"key":"Ornamental Fan"},{"floor":10,"key":"Vajra"},{"floor":24,"key":"Blood Vial"},{"floor":26,"key":"Bottled Tornado"},{"floor":30,"key":"Smiling Mask"},{"floor":40,"key":"Question Card"},{"floor":43,"key":"Juzu Bracelet"},{"floor":45,"key":"Pear"},{"floor":47,"key":"Orichalcum"}],"event_choices":[{"damage_healed":17,"gold_gain":0,"player_choice":"Healed","damage_taken":0,"max_hp_gain":0,"max_hp_loss":0,"event_name":"The Cleric","floor":5,"gold_loss":35},{"damage_healed":0,"gold_gain":0,"player_choice":"Entered Light","damage_taken":14,"max_hp_gain":0,"max_hp_loss":0,"event_name":"Shining Light","floor":11,"gold_loss":0,"cards_upgraded":["Strike_G","Leg Sweep"]},{"damage_healed":0,"gold_gain":0,"player_choice":"Shed Blood","damage_taken":18,"max_hp_gain":5,"max_hp_loss":0,"event_name":"Forgotten Altar","floor":19,"gold_loss":0},{"cards_removed":["Strike_G"],"damage_healed":0,"gold_gain":0,"player_choice":"Upgrade and Remove","damage_taken":0,"max_hp_gain":0,"max_hp_loss":0,"event_name":"Designer","floor":28,"gold_loss":90,"cards_upgraded":["Defend_G"]},{"cards_removed":["Defend_G"],"damage_healed":0,"gold_gain":0,"player_choice":"Removed Skill","damage_taken":0,"max_hp_gain":0,"max_hp_loss":0,"event_name":"Falling","floor":39,"gold_loss":0}],"is_beta":false,"boss_relics":[{"not_picked":["Ring of the Serpent","HoveringKite"],"picked":"Philosopher\u0027s Stone"},{"not_picked":["Orrery","Runic Dome"],"picked":"Sozu"}],"items_purged_floors":[3,20,37],"is_endless":false,"potions_floor_spawned":[2,6,10,12,22,24,30,31,33,36,38],"ascension_level":12}