{"gold_per_floor":[110,110,110,121,135,167,181,181,207,220,251,251,251],"floor_reached":13,"playtime":946,"items_purged":[],"score":133,"play_id":"26e32908-b514-4d3a-b73e-97232ef2acbd","local_time":"20181026195233","is_ascension_mode":true,"campfire_choices":[{"floor":8,"key":"REST"},{"data":"Calculated Gamble","floor":12,"key":"SMITH"}],"neow_cost":"NONE","seed_source_timestamp":79931116899592,"circlet_count":0,"master_deck":["Defend_G","Defend_G","Defend_G","Defend_G","Defend_G","Strike_G","Strike_G","Strike_G","Strike_G","Survivor","Neutralize","Calculated Gamble+1","Reflex","Sucker Punch","Quick Slash","Dagger Throw","Grand Finale","Burst","Dagger Throw","Acrobatics","Reflex","Reflex","Dagger Throw"],"relics":["Orrery","Bag of Marbles","Strawberry","Anchor","Meat on the Bone"],"potions_floor_usage":[11],"damage_taken":[{"damage":0,"enemies":"Small Slimes","floor":1,"turns":3},{"damage":0,"enemies":"2 Louse","floor":4,"turns":2},{"damage":2,"enemies":"Jaw Worm","floor":5,"turns":4},{"damage":33,"enemies":"3 Sentries","floor":6,"turns":10},{"damage":1,"enemies":"Looter","floor":7,"turns":3},{"damage":0,"enemies":"Large Slime","floor":10,"turns":5},{"damage":19,"enemies":"Gremlin Nob","floor":11,"turns":5},{"damage":47,"enemies":"Lagavulin","floor":13,"turns":6}],"seed_played":"8435698786938900723","potions_obtained":[{"floor":4,"key":"SmokeBomb"},{"floor":7,"key":"Block Potion"}],"is_trial":false,"path_per_floor":["M","?","?","M","M","E","M","R","T","M","E","R"],"character_chosen":"THE_SILENT","items_purchased":[],"campfire_rested":1,"item_purchase_floors":[],"current_hp_per_floor":[63,56,56,56,54,28,27,50,50,50,31,31,0],"gold":251,"neow_bonus":"BOSS_RELIC","is_prod":false,"is_daily":false,"chose_seed":false,"campfire_upgraded":1,"win_rate":0,"timestamp":1540608753,"path_taken":["M","?","?","M","M","E","M","R","T","M","E","R","E"],"build_version":"2018-10-25v2","purchased_purges":0,"victory":false,"max_hp_per_floor":[70,70,70,70,70,77,77,77,77,77,77,77,77],"card_choices":[{"not_picked":["Distraction","Dagger Throw"],"picked":"Calculated Gamble","floor":0},{"not_picked":["PiercingWail","A Thousand Cuts"],"picked":"Reflex","floor":0},{"not_picked":["PiercingWail","Backflip"],"picked":"Sucker Punch","floor":0},{"not_picked":["Finisher","Choke"],"picked":"Quick Slash","floor":0},{"not_picked":["Blade Dance","Footwork"],"picked":"Dagger Throw","floor":1},{"not_picked":["Endless Agony","Cloak And Dagger"],"picked":"Burst","floor":4},{"not_picked":["Dodge and Roll","Poisoned Stab"],"picked":"Dagger Throw","floor":5},{"not_picked":["Poisoned Stab","Glass Knife"],"picked":"Acrobatics","floor":6},{"not_picked":["Bouncing Flask","PiercingWail"],"picked":"Reflex","floor":7},{"not_picked":["Quick Slash","Backflip"],"picked":"Reflex","floor":10},{"not_picked":["Heel Hook","Concentrate"],"picked":"Dagger Throw","floor":11}],"player_experience":58780,"relics_obtained":[{"floor":6,"key":"Strawberry"},{"floor":9,"key":"Anchor"},{"floor":11,"key":"Meat on the Bone"}],"event_choices":[{"damage_healed":0,"gold_gain":0,"player_choice":"Success","damage_taken":7,"relics_obtained":["Bag of Marbles"],"max_hp_gain":0,"max_hp_loss":0,"event_name":"Scrap Ooze","floor":2,"gold_loss":0},{"damage_healed":0,"gold_gain":0,"cards_transformed":["Strike_G"],"player_choice":"Change","damage_taken":0,"max_hp_gain":0,"max_hp_loss":0,"event_name":"Living Wall","floor":3,"gold_loss":0,"cards_obtained":["Grand Finale"]}],"is_beta":false,"boss_relics":[],"items_purged_floors":[],"is_endless":false,"potions_floor_spawned":[4,7],"killed_by":"Lagavulin","ascension_level":8}