{"gold_per_floor":[119,138,153,153,153,153,77,77,100,120,130,130,140,140,140,242,242,258,247,265,283,124,124,142,142,168,168,168,168,168,193,193,193],"floor_reached":33,"playtime":1583,"items_purged":[],"score":257,"play_id":"fec376c4-da4f-460c-b09f-2170aebd122c","local_time":"20190209195148","is_ascension_mode":false,"campfire_choices":[{"data":"Neutralize","floor":6.0,"key":"SMITH"},{"data":"Noxious Fumes","floor":8.0,"key":"SMITH"},{"data":"Cloak And Dagger","floor":12.0,"key":"SMITH"},{"data":"Finisher","floor":15.0,"key":"SMITH"},{"floor":23.0,"key":"REST"},{"data":"Footwork","floor":27,"key":"SMITH"},{"floor":32,"key":"REST"}],"neow_cost":"NONE","seed_source_timestamp":16603156784422,"circlet_count":0,"master_deck":["Defend_G+1","Defend_G+1","Defend_G+1","Defend_G+1","Defend_G+1","Strike_G+1","Strike_G+1","Strike_G+1","Survivor","Neutralize+1","Dagger Spray","Cloak And Dagger+1","Catalyst","Noxious Fumes+1","Leg Sweep","Leg Sweep","Finisher+1","Storm of Steel","Expertise","PiercingWail","Acrobatics","Footwork+1","Night Terror","PiercingWail","Catalyst+1"],"special_seed":0,"relics":["Sozu","Lantern","Philosopher\u0027s Stone","Juzu Bracelet","Happy Flower"],"potions_floor_usage":[],"damage_taken":[{"damage":0.0,"enemies":"Cultist","floor":1.0,"turns":4.0},{"damage":4.0,"enemies":"Jaw Worm","floor":2.0,"turns":4.0},{"damage":0.0,"enemies":"2 Louse","floor":3.0,"turns":3.0},{"damage":0.0,"enemies":"Looter","floor":10.0,"turns":4.0},{"damage":0.0,"enemies":"Lots of Slimes","floor":11.0,"turns":2.0},{"damage":4.0,"enemies":"Gremlin Gang","floor":13.0,"turns":4.0},{"damage":8.0,"enemies":"The Guardian","floor":16.0,"turns":11.0},{"damage":12.0,"enemies":"3 Byrds","floor":18.0,"turns":5.0},{"damage":7.0,"enemies":"2 Thieves","floor":19.0,"turns":4.0},{"damage":11.0,"enemies":"Snake Plant","floor":20.0,"turns":5.0},{"damage":27.0,"enemies":"Sentry and Sphere","floor":21.0,"turns":8.0},{"damage":10,"enemies":"Centurion and Healer","floor":24,"turns":7},{"damage":61,"enemies":"Slavers","floor":31,"turns":7},{"damage":39,"enemies":"Collector","floor":33,"turns":7}],"seed_played":"-1178677530821976231","potions_obtained":[],"is_trial":false,"path_per_floor":["M","M","M","?","?","R","$","R","T","M","M","R","M","?","R","B",null,"M","M","M","M","$","R","M","?","T","R","?","?","?","E","R","B"],"character_chosen":"THE_SILENT","items_purchased":["Noxious Fumes","Footwork","Night Terror"],"campfire_rested":2,"item_purchase_floors":[7,22,22],"current_hp_per_floor":[70,66,66,59,59,59,59,59,59,59,59,59,55,48,48,40,70,58,51,40,13,13,34,24,24,24,24,24,70,70,9,30,0],"gold":193,"neow_bonus":"BOSS_RELIC","is_prod":false,"is_daily":false,"chose_seed":false,"campfire_upgraded":5,"win_rate":0,"timestamp":1549709508,"path_taken":["M","?","?","?","?","R","$","R","T","M","M","R","M","?","R","BOSS","M","?","?","M","$","R","M","?","T","R","?","?","?","E","R","BOSS"],"build_version":"2019-01-23","purchased_purges":0,"victory":false,"max_hp_per_floor":[70,70,70,70,70,70,70,70,70,70,70,70,70,70,70,70,70,70,70,70,70,70,70,70,70,70,70,70,70,70,70,70,70],"card_choices":[{"not_picked":["Sucker Punch","Slice"],"picked":"Calculated Gamble","floor":1.0},{"not_picked":["Prepared","Poisoned Stab"],"picked":"Dagger Spray","floor":2.0},{"not_picked":["Dagger Throw","Escape Plan"],"picked":"Cloak And Dagger","floor":3.0},{"not_picked":["Calculated Gamble","Dash"],"picked":"Leg Sweep","floor":10.0},{"not_picked":["Acrobatics","Finisher"],"picked":"Leg Sweep","floor":11.0},{"not_picked":["Expertise","All Out Attack"],"picked":"Finisher","floor":13.0},{"not_picked":["Die Die Die","Grand Finale"],"picked":"Storm of Steel","floor":16.0},{"not_picked":["Caltrops","Backstab+1"],"picked":"Expertise","floor":18.0},{"not_picked":["Dagger Throw+1","Underhanded Strike"],"picked":"PiercingWail","floor":19.0},{"not_picked":["Poisoned Stab","Deflect"],"picked":"Acrobatics","floor":20.0},{"not_picked":["Masterful Stab+1","Bane","Reflex"],"picked":"SKIP","floor":21.0},{"not_picked":["Quick Slash","Dagger Spray+1"],"picked":"PiercingWail","floor":24},{"not_picked":["Cloak And Dagger","Prepared"],"picked":"Catalyst+1","floor":31}],"player_experience":883240,"relics_obtained":[{"floor":9.0,"key":"Lantern"},{"floor":26,"key":"Juzu Bracelet"},{"floor":31,"key":"Happy Flower"}],"event_choices":[{"cards_removed":["Strike_G"],"damage_healed":0.0,"max_hp_gain":0.0,"max_hp_loss":0.0,"gold_gain":0.0,"event_name":"Golden Wing","player_choice":"Card Removal","floor":4.0,"gold_loss":0.0,"damage_taken":7.0},{"damage_healed":0.0,"max_hp_gain":0.0,"max_hp_loss":0.0,"gold_gain":0.0,"cards_transformed":["Strike_G"],"event_name":"Living Wall","player_choice":"Change","floor":5.0,"gold_loss":0.0,"damage_taken":0.0,"cards_obtained":["Catalyst"]},{"damage_healed":0.0,"max_hp_gain":0.0,"max_hp_loss":0.0,"gold_gain":0.0,"event_name":"Wheel of Change","player_choice":"Damaged","floor":14.0,"gold_loss":0.0,"damage_taken":7.0},{"damage_healed":0,"gold_gain":0,"player_choice":"Simplicity","damage_taken":0,"max_hp_gain":0,"max_hp_loss":0,"event_name":"Back to Basics","floor":25,"gold_loss":0,"cards_upgraded":["Defend_G","Defend_G","Defend_G","Defend_G","Defend_G","Strike_G","Strike_G","Strike_G"]},{"damage_healed":0,"gold_gain":0,"player_choice":"Ignored","damage_taken":0,"max_hp_gain":0,"max_hp_loss":0,"event_name":"Cursed Tome","floor":28,"gold_loss":0},{"cards_removed":["Calculated Gamble"],"damage_healed":46,"gold_gain":0,"player_choice":"Offered Uncommon","damage_taken":0,"max_hp_gain":0,"max_hp_loss":0,"event_name":"Bonfire Elementals","floor":29,"gold_loss":0},{"damage_healed":0,"gold_gain":0,"player_choice":"Ignored","damage_taken":0,"max_hp_gain":0,"max_hp_loss":0,"event_name":"NoteForYourself","floor":30,"gold_loss":0}],"is_beta":false,"boss_relics":[{"not_picked":["Black Star","Eternal Feather"],"picked":"Philosopher\u0027s Stone"}],"items_purged_floors":[],"is_endless":false,"potions_floor_spawned":[10,11,13,18,19,21],"killed_by":"Collector","ascension_level":0}