{"gold_per_floor":[366,382,457,468,63,63,95,95,144,144,158,158,171,189,189,189],"floor_reached":16,"playtime":830,"items_purged":["Strike_R"],"score":189,"play_id":"8e9e6eec-2bfc-43a1-82f3-1b827bafabf8","local_time":"20190210135206","is_ascension_mode":true,"campfire_choices":[{"floor":6,"key":"REST"},{"data":"Bash","floor":12,"key":"SMITH"},{"data":"Juggernaut","floor":15,"key":"SMITH"}],"neow_cost":"PERCENT_DAMAGE","seed_source_timestamp":445036087573200,"circlet_count":0,"master_deck":["AscendersBane","Strike_R+1","Strike_R","Strike_R","Strike_R","Defend_R","Defend_R","Defend_R","Defend_R","Bash+1","Perfected Strike","Pommel Strike+1","Twin Strike","Juggernaut+1","Whirlwind+1","Ghostly Armor","Body Slam+1"],"relics":["Burning Blood","Molten Egg 2","Strawberry","Omamori"],"potions_floor_usage":[7,7,16,16],"damage_taken":[{"damage":8,"enemies":"2 Louse","floor":1,"turns":3},{"damage":20,"enemies":"Small Slimes","floor":2,"turns":4},{"damage":9,"enemies":"Jaw Worm","floor":4,"turns":3},{"damage":12,"enemies":"Gremlin Nob","floor":7,"turns":3},{"damage":13,"enemies":"Blue Slaver","floor":11,"turns":3},{"damage":11,"enemies":"Looter","floor":13,"turns":2},{"damage":0,"enemies":"3 Louse","floor":14,"turns":1},{"damage":40,"enemies":"The Guardian","floor":16,"turns":9}],"seed_played":"4274011825912401661","potions_obtained":[{"floor":1,"key":"SkillPotion"},{"floor":13,"key":"PowerPotion"},{"floor":14,"key":"Block Potion"}],"is_trial":false,"path_per_floor":["M","M","?","M","$","R","E","?","T","?","M","R","M","M","R","B"],"character_chosen":"IRONCLAD","items_purchased":["FearPotion","Molten Egg 2"],"campfire_rested":1,"item_purchase_floors":[5,5],"current_hp_per_floor":[48,34,23,20,20,42,43,18,18,45,38,38,33,39,39,0],"gold":189,"neow_bonus":"TWO_FIFTY_GOLD","is_prod":false,"is_daily":false,"chose_seed":false,"campfire_upgraded":2,"win_rate":0,"timestamp":1549803126,"path_taken":["M","M","?","M","$","R","E","?","T","?","M","R","?","M","R","BOSS"],"build_version":"2019-01-23","purchased_purges":1,"victory":false,"max_hp_per_floor":[75,75,75,75,75,75,82,82,82,82,82,82,82,82,82,82],"card_choices":[{"not_picked":["Dropkick","Thunderclap"],"picked":"Perfected Strike","floor":1},{"not_picked":["Cleave","Infernal Blade"],"picked":"Pommel Strike","floor":2},{"not_picked":["Ghostly Armor","Spot Weakness"],"picked":"Twin Strike","floor":4},{"not_picked":["Cleave+1","Limit Break"],"picked":"Juggernaut","floor":7},{"not_picked":["Shockwave","Carnage+1"],"picked":"Whirlwind+1","floor":11},{"not_picked":["Clash+1","Reckless Charge+1"],"picked":"Ghostly Armor","floor":13},{"not_picked":["Dropkick+1","Sword Boomerang+1"],"picked":"Body Slam+1","floor":14}],"player_experience":554013,"relics_obtained":[{"floor":7,"key":"Strawberry"},{"floor":9,"key":"Omamori"}],"event_choices":[{"damage_healed":0,"gold_gain":75,"player_choice":"Gather Gold","damage_taken":11,"max_hp_gain":0,"max_hp_loss":0,"event_name":"World of Goop","floor":3,"gold_loss":0},{"damage_healed":0,"gold_gain":0,"player_choice":"Entered Light","damage_taken":25,"max_hp_gain":0,"max_hp_loss":0,"event_name":"Shining Light","floor":8,"gold_loss":0,"cards_upgraded":["Pommel Strike","Strike_R"]},{"damage_healed":27,"gold_gain":0,"player_choice":"Banana","damage_taken":0,"max_hp_gain":0,"max_hp_loss":0,"event_name":"Big Fish","floor":10,"gold_loss":0}],"is_beta":false,"boss_relics":[],"items_purged_floors":[5],"is_endless":false,"potions_floor_spawned":[1,13,14],"killed_by":"The Guardian","ascension_level":17}