{"gold_per_floor":[109,123,141,216,21,52,52,87,387,387,403,422,456,476,476,580,580,597,597,597,17,32,65,140,140,219,230,265,265,300,319,319,416,416,431,431,284,296,316,344,361,387,414,414,39,39,68,87,87,87],"floor_reached":51,"playtime":7042,"items_purged":["Strike_G","Strike_G"],"score":1241,"play_id":"ca8ce348-c814-41db-a7ea-a890d5f89f81","local_time":"20190127090408","is_ascension_mode":true,"campfire_choices":[{"data":"Neutralize","floor":7,"key":"SMITH"},{"floor":10,"key":"REST"},{"floor":15,"key":"REST"},{"data":"Ghostly","floor":25,"key":"SMITH"},{"data":"Footwork","floor":29,"key":"SMITH"},{"data":"Well Laid Plans","floor":32,"key":"SMITH"},{"data":"After Image","floor":44,"key":"SMITH"},{"data":"Ghostly","floor":46,"key":"SMITH"},{"data":"Envenom","floor":49,"key":"SMITH"}],"neow_cost":"TEN_PERCENT_HP_LOSS","seed_source_timestamp":212292629270000,"circlet_count":0,"master_deck":["Defend_G","Defend_G","Defend_G","Defend_G","Defend_G","Strike_G","Strike_G","Survivor","Neutralize+1","Die Die Die+1","Escape Plan","Dodge and Roll","Well Laid Plans+1","Dagger Throw","Backflip","Bouncing Flask","Sucker Punch+1","Dagger Spray","Ghostly+1","Ghostly","Ghostly","Ghostly","Ghostly+1","Well Laid Plans","Cloak And Dagger+1","Footwork+1","Backflip+1","Cloak And Dagger","Well Laid Plans+1","Dodge and Roll+1","After Image+1","Dodge and Roll","Cloak And Dagger+1","Noxious Fumes","Noxious Fumes","PiercingWail+1","Bane+1","Cloak And Dagger+1","Noxious Fumes+1","Deadly Poison+1","Finesse","Envenom+1"],"relics":["Ring of the Serpent","Bottled Tornado","Bird Faced Urn","Old Coin","Pen Nib","Black Star","Enchiridion","Prayer Wheel","Lantern","Blue Candle","Bottled Lightning","Mercury Hourglass","Ginger","Darkstone Periapt","Whetstone","Omamori","The Specimen","PreservedInsect","Bronze Scales","Snake Skull","Oddly Smooth Stone","Gambling Chip","Ancient Tea Set","Ice Cream"],"potions_floor_usage":[6,6,13,13,22,23,28,33,48,50,50],"damage_taken":[{"damage":0,"enemies":"Jaw Worm","floor":1,"turns":4},{"damage":0,"enemies":"2 Louse","floor":2,"turns":3},{"damage":0,"enemies":"Small Slimes","floor":3,"turns":2},{"damage":13,"enemies":"Lagavulin","floor":6,"turns":9},{"damage":34,"enemies":"Gremlin Nob","floor":8,"turns":6},{"damage":0,"enemies":"Red Slaver","floor":11,"turns":3},{"damage":0,"enemies":"Gremlin Gang","floor":12,"turns":3},{"damage":1,"enemies":"3 Sentries","floor":13,"turns":10},{"damage":0,"enemies":"3 Louse","floor":14,"turns":2},{"damage":38,"enemies":"Hexaghost","floor":16,"turns":11},{"damage":1,"enemies":"Chosen","floor":18,"turns":4},{"damage":6,"enemies":"3 Byrds","floor":22,"turns":3},{"damage":0,"enemies":"Slavers","floor":23,"turns":5},{"damage":0,"enemies":"3 Cultists","floor":27,"turns":4},{"damage":18,"enemies":"Book of Stabbing","floor":28,"turns":7},{"damage":3,"enemies":"Slavers","floor":30,"turns":6},{"damage":0,"enemies":"Snake Plant","floor":31,"turns":4},{"damage":15,"enemies":"Collector","floor":33,"turns":13},{"damage":0,"enemies":"Orb Walker","floor":35,"turns":5},{"damage":0,"enemies":"3 Darklings","floor":38,"turns":4},{"damage":6,"enemies":"Maw","floor":39,"turns":9},{"damage":3,"enemies":"Reptomancer","floor":40,"turns":9},{"damage":10,"enemies":"Sphere and 2 Shapes","floor":41,"turns":8},{"damage":6,"enemies":"Giant Head","floor":42,"turns":9},{"damage":0,"enemies":"Nemesis","floor":47,"turns":5},{"damage":0,"enemies":"Jaw Worm Horde","floor":48,"turns":4},{"damage":3,"enemies":"Awakened One","floor":50,"turns":14}],"seed_played":"4133915735749849030","potions_obtained":[{"floor":2,"key":"FearPotion"},{"floor":8,"key":"Block Potion"},{"floor":12,"key":"Block Potion"},{"floor":16,"key":"FearPotion"},{"floor":18,"key":"LiquidBronze"},{"floor":31,"key":"Weak Potion"},{"floor":33,"key":"Weak Potion"},{"floor":39,"key":"Swift Potion"},{"floor":40,"key":"GamblersBrew"},{"floor":42,"key":"Poison Potion"},{"floor":48,"key":"GhostInAJar"}],"is_trial":false,"path_per_floor":["M","M","M","?","$","E","R","E","T","R","M","M","E","M","R","B",null,"M","?","?","$","M","E","?","R","T","M","E","R","E","M","R","B",null,"M","?","$","M","M","E","M","E","T","R","$","R","E","M","R","B",null],"character_chosen":"THE_SILENT","items_purchased":["Well Laid Plans","Poison Potion","Prayer Wheel","Lantern","SkillPotion","Noxious Fumes","GhostInAJar","Gambling Chip","Finesse"],"campfire_rested":2,"item_purchase_floors":[5,5,21,21,21,37,37,45,45],"current_hp_per_floor":[63,63,63,52,52,39,39,5,5,23,25,27,28,30,48,12,50,51,31,15,15,13,19,16,16,16,22,12,12,17,23,23,18,28,31,31,31,31,31,31,28,25,25,25,25,25,31,31,31,28],"gold":87,"neow_bonus":"THREE_RARE_CARDS","is_prod":false,"is_daily":false,"chose_seed":false,"campfire_upgraded":7,"win_rate":0,"timestamp":1548576248,"path_taken":["M","M","M","?","$","E","R","E","T","R","M","M","E","M","R","BOSS","M","?","?","$","M","E","?","R","T","M","E","R","E","M","R","BOSS","M","?","$","M","M","E","?","E","T","R","$","R","E","M","R","BOSS"],"build_version":"2019-01-23","purchased_purges":2,"victory":true,"max_hp_per_floor":[63,63,63,63,63,63,63,63,63,63,63,63,63,63,63,63,63,63,31,31,31,31,31,31,31,31,31,31,31,31,31,31,31,31,31,31,31,31,31,31,31,31,31,31,31,31,31,31,31,31],"card_choices":[{"not_picked":["Corpse Explosion","A Thousand Cuts"],"picked":"Die Die Die","floor":0},{"not_picked":["Outmaneuver","Poisoned Stab"],"picked":"Escape Plan","floor":1},{"not_picked":["Underhanded Strike","Eviscerate"],"picked":"Dodge and Roll","floor":2},{"not_picked":["Riddle With Holes","Underhanded Strike","Grand Finale"],"picked":"SKIP","floor":3},{"not_picked":["Choke","Dodge and Roll"],"picked":"Dagger Throw","floor":6},{"not_picked":["Underhanded Strike","Catalyst"],"picked":"Backflip","floor":8},{"not_picked":["Bane","Underhanded Strike"],"picked":"Bouncing Flask","floor":11},{"not_picked":["Outmaneuver","PiercingWail"],"picked":"Sucker Punch","floor":12},{"not_picked":["Endless Agony","Blade Dance"],"picked":"Dagger Spray","floor":13},{"not_picked":["Finisher","Crippling Poison","Reflex"],"picked":"SKIP","floor":14},{"not_picked":["Dagger Spray","Sucker Punch","Setup"],"picked":"SKIP","floor":18},{"not_picked":["Sucker Punch","Acrobatics"],"picked":"Well Laid Plans","floor":22},{"not_picked":["Dagger Throw","Bane+1"],"picked":"Cloak And Dagger+1","floor":22},{"not_picked":["Dagger Throw","Prepared","Blur"],"picked":"SKIP","floor":23},{"not_picked":["Dagger Spray","Deadly Poison"],"picked":"Footwork","floor":27},{"not_picked":["Poisoned Stab","Corpse Explosion","Dagger Throw"],"picked":"SKIP","floor":27},{"not_picked":["Outmaneuver","Deflect"],"picked":"Backflip+1","floor":28},{"not_picked":["Deadly Poison","Flying Knee"],"picked":"Cloak And Dagger","floor":30},{"not_picked":["Doppelganger","Deadly Poison"],"picked":"Well Laid Plans+1","floor":31},{"not_picked":["Flying Knee+1","Slice"],"picked":"Dodge and Roll+1","floor":31},{"not_picked":["Tools of the Trade","Die Die Die"],"picked":"After Image","floor":33},{"not_picked":["Choke","Skewer"],"picked":"Dodge and Roll","floor":35},{"not_picked":["Leg Sweep","Sucker Punch+1"],"picked":"Cloak And Dagger+1","floor":35},{"not_picked":["Infinite Blades+1","Setup"],"picked":"Noxious Fumes","floor":38},{"not_picked":["Quick Slash","Slice+1","Sucker Punch"],"picked":"SKIP","floor":38},{"not_picked":["Poisoned Stab","Sucker Punch"],"picked":"PiercingWail+1","floor":39},{"not_picked":["Underhanded Strike","Setup"],"picked":"Bane+1","floor":39},{"not_picked":["Calculated Gamble","Underhanded Strike"],"picked":"Cloak And Dagger+1","floor":40},{"not_picked":["Endless Agony+1","Backflip+1"],"picked":"Noxious Fumes+1","floor":41},{"not_picked":["Dodge and Roll","Deflect","Bouncing Flask+1"],"picked":"SKIP","floor":41},{"not_picked":["Leg Sweep+1","Masterful Stab"],"picked":"Deadly Poison+1","floor":42},{"not_picked":["Concentrate","Blade Dance+1"],"picked":"Envenom","floor":47},{"not_picked":["Tactician","Sucker Punch","Dodge and Roll+1"],"picked":"SKIP","floor":48},{"not_picked":["Backflip","Deadly Poison","Backstab"],"picked":"SKIP","floor":48}],"player_experience":122446,"relics_obtained":[{"floor":6,"key":"Bottled Tornado"},{"floor":8,"key":"Bird Faced Urn"},{"floor":9,"key":"Old Coin"},{"floor":13,"key":"Pen Nib"},{"floor":20,"key":"Enchiridion"},{"floor":23,"key":"Blue Candle"},{"floor":23,"key":"Bottled Lightning"},{"floor":26,"key":"Mercury Hourglass"},{"floor":28,"key":"Ginger"},{"floor":28,"key":"Darkstone Periapt"},{"floor":30,"key":"Whetstone"},{"floor":30,"key":"Omamori"},{"floor":40,"key":"The Specimen"},{"floor":40,"key":"PreservedInsect"},{"floor":42,"key":"Bronze Scales"},{"floor":42,"key":"Snake Skull"},{"floor":43,"key":"Oddly Smooth Stone"},{"floor":47,"key":"Ancient Tea Set"},{"floor":47,"key":"Ice Cream"}],"event_choices":[{"damage_healed":0,"gold_gain":75,"player_choice":"Gather Gold","damage_taken":11,"max_hp_gain":0,"max_hp_loss":0,"event_name":"World of Goop","floor":4,"gold_loss":0},{"damage_healed":0,"gold_gain":0,"player_choice":"Became a Ghost","damage_taken":0,"max_hp_gain":0,"max_hp_loss":32,"event_name":"Ghosts","floor":19,"gold_loss":0,"cards_obtained":["Ghostly","Ghostly","Ghostly","Ghostly","Ghostly"]},{"damage_healed":0,"gold_gain":0,"player_choice":"Obtained Book","damage_taken":16,"max_hp_gain":0,"max_hp_loss":0,"event_name":"Cursed Tome","floor":20,"gold_loss":0},{"damage_healed":0,"gold_gain":75,"player_choice":"Touch","damage_taken":3,"max_hp_gain":0,"max_hp_loss":0,"event_name":"FaceTrader","floor":24,"gold_loss":0},{"cards_removed":["Strike_G"],"damage_healed":0,"gold_gain":0,"player_choice":"Offered Basic","damage_taken":0,"max_hp_gain":0,"max_hp_loss":0,"event_name":"Bonfire Elementals","floor":36,"gold_loss":0}],"is_beta":false,"boss_relics":[{"not_picked":["Astrolabe","Empty Cage"],"picked":"Black Star"},{"not_picked":["Pandora\u0027s Box","Tiny House"],"picked":"Ring of the Serpent"}],"items_purged_floors":[5,21],"is_endless":false,"potions_floor_spawned":[2,8,12,16,18,31,33,39,40,42,48],"ascension_level":8}