{"gold_per_floor":[111,123,139,153,153,153,184,199,199,210,210,220,28,44,44,147,147],"floor_reached":17,"playtime":567,"items_purged":[],"score":161,"play_id":"1a234703-e805-410a-8b49-3423a28e4149","local_time":"20181121204057","is_ascension_mode":false,"campfire_choices":[{"data":"Zap","floor":6,"key":"SMITH"},{"floor":15,"key":"REST"}],"neow_cost":"NONE","seed_source_timestamp":346063054235147,"circlet_count":0,"master_deck":["Strike_B","Strike_B","Strike_B","Strike_B","Defend_B","Defend_B","Defend_B","Defend_B","Zap+1","Dualcast+1","Coolheaded","Chill","Echo Form","Glacier","Core Surge","Capacitor","FTL","Rainbow"],"special_seed":0,"relics":["Cracked Core","Oddly Smooth Stone","Mummified Hand","Nuclear Battery"],"potions_floor_usage":[3,14,14,14,14],"damage_taken":[{"damage":1.0,"enemies":"Cultist","floor":1.0,"turns":3.0},{"damage":0.0,"enemies":"2 Louse","floor":2.0,"turns":2.0},{"damage":0,"enemies":"Jaw Worm","floor":3,"turns":6},{"damage":4,"enemies":"Red Slaver","floor":4,"turns":4},{"damage":46,"enemies":"Gremlin Nob","floor":7,"turns":5},{"damage":7,"enemies":"Exordium Thugs","floor":8,"turns":5},{"damage":9,"enemies":"Gremlin Gang","floor":10,"turns":8},{"damage":7,"enemies":"Red Slaver","floor":12,"turns":3},{"damage":0,"enemies":"3 Louse","floor":14,"turns":4},{"damage":12,"enemies":"The Guardian","floor":16,"turns":14}],"seed_played":"-8710624869555802753","potions_obtained":[{"floor":3,"key":"Fruit Juice"},{"floor":5,"key":"EntropicBrew"},{"floor":5,"key":"SteroidPotion"},{"floor":5,"key":"SmokeBomb"},{"floor":10,"key":"Dexterity Potion"}],"is_trial":false,"path_per_floor":["M","M","M","M","?","R","E","M","T","M","$","M","$","M","R","B",null],"character_chosen":"DEFECT","items_purchased":["Core Surge","Capacitor"],"campfire_rested":1,"item_purchase_floors":[13,13],"current_hp_per_floor":[74,74,79,75,75,75,29,22,22,13,13,6,6,6,30,18,80],"gold":147,"neow_bonus":"UPGRADE_CARD","is_prod":false,"is_daily":false,"chose_seed":false,"campfire_upgraded":1,"win_rate":0,"timestamp":1542832857,"path_taken":["M","M","M","?","?","R","E","?","T","M","$","M","$","?","R","BOSS"],"build_version":"2018-11-15","purchased_purges":0,"victory":false,"max_hp_per_floor":[75,75,80,80,80,80,80,80,80,80,80,80,80,80,80,80,80],"card_choices":[{"not_picked":["Gash","Steam Power"],"picked":"Coolheaded","floor":1.0},{"not_picked":["Double Energy","Hello World","Reprogram"],"picked":"SKIP","floor":2.0},{"not_picked":["Sweeping Beam","Go for the Eyes"],"picked":"Chill","floor":3},{"not_picked":["Compile Driver","Steam"],"picked":"Echo Form","floor":4},{"not_picked":["Consume","Storm","Cold Snap"],"picked":"SKIP","floor":7},{"not_picked":["Hello World","Hologram"],"picked":"Glacier","floor":8},{"not_picked":["Hello World","Sweeping Beam","Lockon"],"picked":"SKIP","floor":10},{"not_picked":["Hologram","Tempest","Rip and Tear"],"picked":"SKIP","floor":12},{"not_picked":["Cold Snap","Meteor Strike"],"picked":"FTL","floor":14},{"not_picked":["Hyperbeam","Biased Cognition"],"picked":"Rainbow","floor":16}],"player_experience":810894,"relics_obtained":[{"floor":7,"key":"Oddly Smooth Stone"},{"floor":9,"key":"Mummified Hand"}],"event_choices":[{"damage_healed":0,"gold_gain":0,"player_choice":"Got Potions","damage_taken":0,"max_hp_gain":0,"max_hp_loss":0,"event_name":"Lab","floor":5,"gold_loss":0}],"is_beta":false,"boss_relics":[{"not_picked":["Philosopher\u0027s Stone","Tiny House"],"picked":"Nuclear Battery"}],"items_purged_floors":[],"is_endless":false,"potions_floor_spawned":[3,10,12],"ascension_level":0}