{"gold_per_floor":[112,123,140,154,11,11,24,43,43,69,69,104,104,118,118,221,221,238,238,115,128,398,425,442,452,529,542,221,45,45,55,55,55],"floor_reached":33,"playtime":2187,"items_purged":["Strike_R","Strike_R","Strike_R","Strike_R"],"score":281,"play_id":"367726f6-4245-4318-869f-06ee06a4f1c9","local_time":"20190207145438","is_ascension_mode":false,"campfire_choices":[{"data":"Sword Boomerang","floor":6,"key":"SMITH"},{"data":"Inflame","floor":11,"key":"SMITH"},{"data":"Bash","floor":15,"key":"SMITH"},{"data":"Whirlwind","floor":30,"key":"SMITH"},{"floor":32,"key":"REST"}],"neow_cost":"NONE","seed_source_timestamp":332204502695040,"circlet_count":0,"master_deck":["Strike_R","Defend_R","Defend_R","Defend_R","Defend_R","Bash+1","Clothesline","Inflame+1","Sword Boomerang+1","Havoc","Reaper","Armaments+1","Pummel","Shrug It Off","Demon Form","Dual Wield+1","True Grit","Pummel","Whirlwind+1","Anger"],"relics":["Burning Blood","Mercury Hourglass","Ancient Tea Set","Dream Catcher","Busted Crown","Du-Vu Doll","Tiny Chest","Pen Nib"],"potions_floor_usage":[4,10,18,31,33],"damage_taken":[{"damage":1,"enemies":"Cultist","floor":1,"turns":3},{"damage":3,"enemies":"Jaw Worm","floor":2,"turns":4},{"damage":3,"enemies":"Small Slimes","floor":3,"turns":3},{"damage":14,"enemies":"Exordium Thugs","floor":4,"turns":5},{"damage":4,"enemies":"Red Slaver","floor":7,"turns":4},{"damage":9,"enemies":"Exordium Wildlife","floor":8,"turns":4},{"damage":6,"enemies":"Gremlin Nob","floor":10,"turns":3},{"damage":8,"enemies":"Lagavulin","floor":12,"turns":3},{"damage":14,"enemies":"Exordium Thugs","floor":14,"turns":4},{"damage":36,"enemies":"Hexaghost","floor":16,"turns":8},{"damage":20,"enemies":"Spheric Guardian","floor":18,"turns":4},{"damage":5,"enemies":"Shell Parasite","floor":21,"turns":7},{"damage":31,"enemies":"Gremlin Leader","floor":23,"turns":8},{"damage":6,"enemies":"Snecko","floor":24,"turns":5},{"damage":1,"enemies":"Centurion and Healer","floor":25,"turns":8},{"damage":31,"enemies":"Cultist and Chosen","floor":27,"turns":6},{"damage":5,"enemies":"Shelled Parasite and Fungi","floor":31,"turns":3},{"damage":106,"enemies":"Collector","floor":33,"turns":7}],"seed_played":"3682091096187931329","potions_obtained":[{"floor":3,"key":"Explosive Potion"},{"floor":4,"key":"Fruit Juice"},{"floor":8,"key":"SkillPotion"},{"floor":12,"key":"Fire Potion"},{"floor":18,"key":"FairyPotion"},{"floor":27,"key":"Block Potion"}],"is_trial":false,"path_per_floor":["M","M","M","M","$","R","M","M","T","E","R","E","?","M","R","B",null,"M","?","$","M","?","E","M","M","T","M","$","$","R","M","R","B"],"character_chosen":"IRONCLAD","items_purchased":["Reaper","True Grit","Pen Nib","Whirlwind","Anger"],"campfire_rested":1,"item_purchase_floors":[5,20,28,28,29],"current_hp_per_floor":[88,88,88,85,85,85,87,84,84,84,84,89,89,81,81,58,93,79,79,79,93,57,32,43,62,62,37,37,37,37,45,72,0],"gold":55,"neow_bonus":"TEN_PERCENT_HP_BONUS","is_prod":false,"is_daily":false,"chose_seed":false,"campfire_upgraded":4,"win_rate":0.0,"timestamp":1549547678,"path_taken":["M","M","M","?","?","R","M","M","T","E","R","E","?","M","R","BOSS","M","?","$","M","?","E","?","M","T","M","?","$","R","M","R","BOSS"],"build_version":"2019-01-23","purchased_purges":4,"victory":false,"max_hp_per_floor":[88,88,88,93,93,93,93,93,93,93,93,93,93,93,93,93,93,93,93,93,93,93,93,93,93,93,93,93,93,93,93,93,93],"card_choices":[{"not_picked":["Heavy Blade","Dual Wield"],"picked":"Clothesline","floor":1},{"not_picked":["Shrug It Off","Thunderclap"],"picked":"Inflame","floor":2},{"not_picked":["Flex","Dropkick"],"picked":"Sword Boomerang","floor":3},{"not_picked":["Flex","Rage"],"picked":"Havoc","floor":4},{"not_picked":["Hemokinesis","Havoc"],"picked":"Armaments","floor":7},{"not_picked":["Dropkick","Pommel Strike","Fiend Fire"],"picked":"SKIP","floor":8},{"not_picked":["Clothesline","Body Slam"],"picked":"Pummel","floor":10},{"not_picked":["Dropkick","Clash","Hemokinesis"],"picked":"SKIP","floor":12},{"not_picked":["Wild Strike","Twin Strike"],"picked":"Shrug It Off","floor":14},{"not_picked":["Brutality","Reaper"],"picked":"Demon Form","floor":16},{"not_picked":[],"picked":"Dual Wield+1","floor":18},{"not_picked":["Headbutt"],"picked":"SKIP","floor":21},{"not_picked":[],"picked":"Pummel","floor":23},{"not_picked":["Body Slam"],"picked":"SKIP","floor":24},{"not_picked":["Perfected Strike"],"picked":"SKIP","floor":25},{"not_picked":["Clash+1"],"picked":"SKIP","floor":27},{"not_picked":["True Grit"],"picked":"SKIP","floor":31}],"player_experience":48405,"relics_obtained":[{"floor":9,"key":"Mercury Hourglass"},{"floor":10,"key":"Ancient Tea Set"},{"floor":12,"key":"Dream Catcher"},{"floor":23,"key":"Du-Vu Doll"},{"floor":26,"key":"Tiny Chest"}],"event_choices":[{"damage_healed":0,"gold_gain":0,"player_choice":"Upgraded","damage_taken":0,"max_hp_gain":0,"max_hp_loss":0,"event_name":"Upgrade Shrine","floor":13,"gold_loss":0,"cards_upgraded":["Armaments"]},{"damage_healed":0,"gold_gain":0,"player_choice":"Ignored","damage_taken":0,"max_hp_gain":0,"max_hp_loss":0,"event_name":"Cursed Tome","floor":19,"gold_loss":0},{"damage_healed":0,"gold_gain":270,"player_choice":"GOLD GOLD GOLD ","damage_taken":36,"max_hp_gain":0,"max_hp_loss":0,"event_name":"Knowing Skull","floor":22,"potions_obtained":[],"gold_loss":0,"cards_obtained":[]}],"is_beta":false,"boss_relics":[{"not_picked":["Philosopher\u0027s Stone","Orrery"],"picked":"Busted Crown"}],"items_purged_floors":[5,20,28,29],"is_endless":false,"potions_floor_spawned":[3,4,8,12,18,27],"killed_by":"Collector","ascension_level":0}