{"gold_per_floor":[216,171,189,208,208,208,242,242,242,263,24,39,39,4,4,105,105,117,117,136,148,167,167,184,184,265,10,10,10,22,38,38,139,139,154,173,573,573,174,174,192,192,192,192,192],"floor_reached":45,"playtime":1378,"items_purged":["Strike_R"],"score":463,"play_id":"e7c201ed-b3f9-48e7-9dd2-0e641788b96f","local_time":"20190121102021","is_ascension_mode":false,"campfire_choices":[{"data":"Whirlwind","floor":6,"key":"SMITH"},{"data":"Perfected Strike","floor":13,"key":"SMITH"},{"data":"Pommel Strike","floor":15,"key":"SMITH"},{"data":"Iron Wave","floor":23,"key":"SMITH"},{"floor":25,"key":"REST"},{"floor":29,"key":"REST"},{"floor":32,"key":"REST"},{"floor":40,"key":"REST"}],"neow_cost":"NONE","seed_source_timestamp":48076277901219,"circlet_count":0,"master_deck":["Strike_R+1","Strike_R","Strike_R","Strike_R","Defend_R","Defend_R","Defend_R","Defend_R","Bash+1","Perfected Strike+1","Iron Wave+1","Whirlwind+1","Pommel Strike+1","Shrug It Off+1","Pommel Strike+1","Demon Form+1","Wild Strike+1","Perfected Strike+1","Pommel Strike+1","Wild Strike+1","Thunderclap+1","Perfected Strike+1","Pommel Strike+1","Shrug It Off+1","Berserk+1","True Grit+1","Impervious","Sentinel","Madness","The Bomb","Chrysalis","Writhe"],"relics":["Burning Blood","Molten Egg 2","StoneCalendar","Odd Mushroom","Frozen Egg 2","Velvet Choker","Mercury Hourglass","Bottled Lightning","Philosopher\u0027s Stone","Old Coin","Membership Card","Tiny Chest","Letter Opener","Sundial"],"potions_floor_usage":[33,33,45,45],"damage_taken":[{"damage":6,"enemies":"Cultist","floor":1,"turns":3},{"damage":0,"enemies":"2 Louse","floor":3,"turns":2},{"damage":0,"enemies":"Small Slimes","floor":4,"turns":3},{"damage":13,"enemies":"3 Sentries","floor":7,"turns":3},{"damage":16,"enemies":"The Mushroom Lair","floor":10,"turns":4},{"damage":5,"enemies":"Looter","floor":12,"turns":3},{"damage":35,"enemies":"Slime Boss","floor":16,"turns":7},{"damage":12,"enemies":"Spheric Guardian","floor":18,"turns":5},{"damage":0,"enemies":"3 Byrds","floor":20,"turns":3},{"damage":22,"enemies":"Sentry and Sphere","floor":21,"turns":4},{"damage":26,"enemies":"Centurion and Healer","floor":22,"turns":5},{"damage":12,"enemies":"3 Cultists","floor":24,"turns":3},{"damage":25,"enemies":"Sentry and Sphere","floor":30,"turns":4},{"damage":5,"enemies":"Shelled Parasite and Fungi","floor":31,"turns":2},{"damage":24,"enemies":"Automaton","floor":33,"turns":6},{"damage":0,"enemies":"Orb Walker","floor":35,"turns":2},{"damage":0,"enemies":"3 Shapes","floor":36,"turns":2},{"damage":42,"enemies":"Mind Bloom Boss Battle","floor":37,"turns":5},{"damage":29,"enemies":"Maw","floor":41,"turns":5},{"damage":79,"enemies":"Nemesis","floor":45,"turns":5}],"seed_played":"-5215608304807595287","potions_obtained":[{"floor":1,"key":"EssenceOfSteel"},{"floor":7,"key":"GamblersBrew"},{"floor":12,"key":"SpeedPotion"},{"floor":18,"key":"AttackPotion"},{"floor":30,"key":"AttackPotion"},{"floor":36,"key":"EssenceOfSteel"},{"floor":41,"key":"Dexterity Potion"}],"is_trial":false,"path_per_floor":["M","$","M","M","?","R","E","?","T","?","$","M","R","?","R","B",null,"M","?","M","M","M","R","M","R","T","$","?","R","M","M","R","B",null,"M","M","?","?","$","R","M","?","T","?","E"],"character_chosen":"IRONCLAD","items_purchased":["Iron Wave","Frozen Egg 2","Bottled Lightning","Membership Card","Tiny Chest","Letter Opener"],"campfire_rested":4,"item_purchase_floors":[2,11,27,39,39,39],"current_hp_per_floor":[80,80,80,80,80,80,73,57,57,47,47,48,48,68,68,39,80,74,80,80,64,44,44,38,62,62,62,62,80,61,62,80,62,80,80,80,44,44,44,68,45,35,35,55,0],"gold":192,"neow_bonus":"HUNDRED_GOLD","is_prod":false,"is_daily":false,"chose_seed":false,"campfire_upgraded":4,"win_rate":0,"timestamp":1548037221,"path_taken":["M","$","M","?","?","R","E","?","T","?","$","M","R","?","R","BOSS","M","?","?","?","M","R","M","R","T","$","?","R","?","M","R","BOSS","M","M","?","?","$","R","M","?","T","?","E"],"build_version":"2019-01-17v2","purchased_purges":1,"victory":false,"max_hp_per_floor":[80,80,80,80,80,80,80,80,80,80,80,80,80,80,80,80,80,80,80,80,80,80,80,80,80,80,80,80,80,80,80,80,80,80,80,80,80,80,80,80,80,80,80,80,80],"card_choices":[{"not_picked":["Pummel","Sentinel"],"picked":"Perfected Strike","floor":1},{"not_picked":["Shrug It Off","Clothesline"],"picked":"Whirlwind","floor":3},{"not_picked":["Burning Pact","Anger"],"picked":"Pommel Strike","floor":4},{"not_picked":["Headbutt","Sever Soul"],"picked":"Shrug It Off","floor":7},{"not_picked":["Spot Weakness","Flex"],"picked":"Pommel Strike+1","floor":10},{"not_picked":["Body Slam+1","Ghostly Armor"],"picked":"Rupture+1","floor":12},{"not_picked":["Double Tap","Immolate+1"],"picked":"Demon Form+1","floor":16},{"not_picked":["Armaments+1","Warcry+1"],"picked":"Wild Strike+1","floor":18},{"not_picked":["Anger+1","True Grit"],"picked":"Perfected Strike+1","floor":20},{"not_picked":["Spot Weakness","Shockwave"],"picked":"Pommel Strike+1","floor":21},{"not_picked":["Hemokinesis+1","Battle Trance"],"picked":"Wild Strike+1","floor":22},{"not_picked":["Pummel+1","Dual Wield"],"picked":"Thunderclap+1","floor":24},{"not_picked":["Disarm","Flex"],"picked":"Pommel Strike+1","floor":30},{"not_picked":["Cleave+1","Reaper+1"],"picked":"Shrug It Off+1","floor":31},{"not_picked":["Offering","Impervious"],"picked":"Berserk+1","floor":33},{"not_picked":["Havoc","Body Slam+1"],"picked":"True Grit+1","floor":35},{"not_picked":["Thunderclap+1","Second Wind","Clothesline+1"],"picked":"SKIP","floor":36},{"not_picked":["Twin Strike+1","Thunderclap+1"],"picked":"Impervious","floor":37},{"not_picked":["Spot Weakness+1","Body Slam+1"],"picked":"Sentinel","floor":41},{"not_picked":["Panacea","PanicButton"],"picked":"Madness","floor":42},{"not_picked":["Dark Shackles","Deep Breath"],"picked":"The Bomb","floor":42},{"not_picked":["Forethought","Panacea"],"picked":"Chrysalis","floor":42}],"player_experience":103904,"relics_obtained":[{"floor":7,"key":"Molten Egg 2"},{"floor":9,"key":"StoneCalendar"},{"floor":10,"key":"Odd Mushroom"},{"floor":26,"key":"Mercury Hourglass"},{"floor":37,"key":"Old Coin"},{"floor":43,"key":"Sundial"}],"event_choices":[{"damage_healed":0,"gold_gain":0,"player_choice":"Grow","damage_taken":0,"max_hp_gain":0,"max_hp_loss":0,"event_name":"Living Wall","floor":5,"gold_loss":0,"cards_upgraded":["Bash"]},{"damage_healed":0,"gold_gain":0,"player_choice":"Entered Light","damage_taken":16,"max_hp_gain":0,"max_hp_loss":0,"event_name":"Shining Light","floor":8,"gold_loss":0,"cards_upgraded":["Shrug It Off","Strike_R"]},{"damage_healed":0,"gold_gain":0,"player_choice":"Fought Mushrooms","damage_taken":0,"max_hp_gain":0,"max_hp_loss":0,"event_name":"Mushrooms","floor":10,"gold_loss":0},{"damage_healed":20,"gold_gain":0,"player_choice":"Healed","damage_taken":0,"max_hp_gain":0,"max_hp_loss":0,"event_name":"The Cleric","floor":14,"gold_loss":35},{"cards_removed":["Rupture"],"damage_healed":6,"gold_gain":0,"player_choice":"Offered Uncommon","damage_taken":0,"max_hp_gain":0,"max_hp_loss":0,"event_name":"Bonfire Elementals","floor":19,"gold_loss":0},{"damage_healed":0,"gold_gain":0,"player_choice":"Copied","damage_taken":0,"max_hp_gain":0,"max_hp_loss":0,"event_name":"Duplicator","floor":28,"gold_loss":0,"cards_obtained":["Perfected Strike"]},{"damage_healed":0,"gold_gain":0,"player_choice":"Fight","damage_taken":0,"max_hp_gain":0,"max_hp_loss":0,"event_name":"MindBloom","floor":37,"gold_loss":0},{"damage_healed":0,"gold_gain":0,"player_choice":"Ignored","damage_taken":0,"max_hp_gain":0,"max_hp_loss":0,"event_name":"Mysterious Sphere","floor":38,"gold_loss":0},{"damage_healed":0,"gold_gain":0,"player_choice":"Memory 3","damage_taken":10,"max_hp_gain":0,"max_hp_loss":0,"event_name":"SensoryStone","floor":42,"gold_loss":0},{"damage_healed":20,"gold_gain":0,"player_choice":"Writhe","damage_taken":0,"max_hp_gain":0,"max_hp_loss":0,"event_name":"Winding Halls","floor":44,"gold_loss":0,"cards_obtained":["Writhe"]}],"is_beta":false,"boss_relics":[{"not_picked":["Lizard Tail","Mark of Pain"],"picked":"Velvet Choker"},{"not_picked":["Eternal Feather","Snecko Eye"],"picked":"Philosopher\u0027s Stone"}],"items_purged_floors":[39],"is_endless":false,"potions_floor_spawned":[1,7,12,18,21,24,30,36,41],"killed_by":"Nemesis","ascension_level":0}