{"gold_per_floor":[114,114,134,134,151,30,56,74,74,91,91,91,125,139,139,139],"floor_reached":16,"playtime":669,"items_purged":["Strike_G"],"score":129,"play_id":"ea60a2d4-0d82-4b16-9e40-33180afab7be","local_time":"20181219204332","is_ascension_mode":true,"campfire_choices":[{"floor":11,"key":"REST"},{"floor":15,"key":"REST"}],"neow_cost":"NONE","seed_source_timestamp":0,"circlet_count":0,"master_deck":["Defend_G","Defend_G","Defend_G","Defend_G","Defend_G","Strike_G","Strike_G","Strike_G","Strike_G","Survivor","Neutralize+1","Flying Knee","Dagger Throw","Backflip","Dagger Spray","Dagger Spray","Dagger Throw","PiercingWail","Skewer","Backflip"],"special_seed":0,"relics":["Ring of the Snake","Ancient Tea Set","Oddly Smooth Stone","Potion Belt","Pantograph","Letter Opener"],"potions_floor_usage":[10,13,16,16],"damage_taken":[{"damage":6.0,"enemies":"Cultist","floor":1.0,"turns":5.0},{"damage":11.0,"enemies":"Small Slimes","floor":3.0,"turns":4.0},{"damage":4.0,"enemies":"Jaw Worm","floor":5.0,"turns":5.0},{"damage":39,"enemies":"Lagavulin","floor":7,"turns":9},{"damage":9,"enemies":"Blue Slaver","floor":8,"turns":4},{"damage":0,"enemies":"Looter","floor":10,"turns":4},{"damage":1,"enemies":"3 Sentries","floor":13,"turns":4},{"damage":5,"enemies":"2 Fungi Beasts","floor":14,"turns":3},{"damage":71,"enemies":"Hexaghost","floor":16,"turns":11}],"seed_played":"9000865644936714099","potions_obtained":[{"floor":3.0,"key":"Explosive Potion"},{"floor":4.0,"key":"AttackPotion"},{"floor":4.0,"key":"Ancient Potion"},{"floor":4.0,"key":"Regen Potion"},{"floor":8,"key":"Fire Potion"},{"floor":14,"key":"SpeedPotion"}],"is_trial":false,"path_per_floor":["M","?","M","?","M","$","E","M","T","M","R","T","E","M","R","B"],"character_chosen":"THE_SILENT","items_purchased":["Dagger Spray"],"campfire_rested":2,"item_purchase_floors":[6],"current_hp_per_floor":[64,64,53,53,49,49,10,1,1,13,34,34,33,28,49,0],"gold":139,"neow_bonus":"RANDOM_COMMON_RELIC","is_prod":false,"is_daily":false,"chose_seed":false,"campfire_upgraded":0,"win_rate":0,"timestamp":1545223412,"path_taken":["M","?","?","?","?","$","E","M","T","M","R","?","E","M","R","BOSS"],"build_version":"2018-12-13","purchased_purges":1,"victory":false,"max_hp_per_floor":[70,70,70,70,70,70,70,70,70,70,70,70,70,70,70,70],"card_choices":[{"not_picked":["Deadly Poison","PiercingWail"],"picked":"Flying Knee","floor":1.0},{"not_picked":["Bane","Backflip"],"picked":"Dagger Throw","floor":3.0},{"not_picked":["Wraith Form v2","Dodge and Roll"],"picked":"Backflip","floor":5.0},{"not_picked":["Quick Slash","All Out Attack"],"picked":"Dagger Spray","floor":7},{"not_picked":["Bane","Venomology"],"picked":"Dagger Throw","floor":8},{"not_picked":["Deadly Poison","Bane"],"picked":"PiercingWail","floor":10},{"not_picked":["Blade Dance","Flying Knee"],"picked":"Skewer","floor":13},{"not_picked":["Prepared","Bane"],"picked":"Backflip","floor":14}],"player_experience":61508,"relics_obtained":[{"floor":7,"key":"Oddly Smooth Stone"},{"floor":9,"key":"Potion Belt"},{"floor":12,"key":"Pantograph"},{"floor":13,"key":"Letter Opener"}],"event_choices":[{"damage_healed":0.0,"max_hp_gain":0.0,"max_hp_loss":0.0,"gold_gain":0.0,"event_name":"Upgrade Shrine","player_choice":"Upgraded","floor":2.0,"gold_loss":0.0,"damage_taken":0.0,"cards_upgraded":["Neutralize"]},{"damage_healed":0.0,"max_hp_gain":0.0,"max_hp_loss":0.0,"gold_gain":0.0,"event_name":"Lab","player_choice":"Got Potions","floor":4.0,"gold_loss":0.0,"damage_taken":0.0}],"is_beta":false,"boss_relics":[],"items_purged_floors":[6],"is_endless":false,"potions_floor_spawned":[3,8,14],"killed_by":"Hexaghost","ascension_level":3}