{"gold_per_floor":[114,3,14,34,44,44,72,72,72,72,84,84,84,49,49,154,154,168,183,77,95,95,95,95,95,144,175,186,60,78,78,78,180,180,200,20,70,120,133,144,164,184,184,184,247,275,275,325,325,325],"floor_reached":51,"playtime":5094,"items_purged":["Regret","Strike_G"],"score":1061,"play_id":"7833f2b5-de5c-4cd7-9a05-2906abdc8be6","local_time":"20181014170023","is_ascension_mode":true,"campfire_choices":[{"floor":6,"key":"REST"},{"data":"Noxious Fumes","floor":8,"key":"SMITH"},{"data":"Envenom","floor":10,"key":"SMITH"},{"data":"Crippling Poison","floor":12,"key":"SMITH"},{"data":"Neutralize","floor":15,"key":"SMITH"},{"data":"Well Laid Plans","floor":23,"key":"SMITH"},{"data":"Catalyst","floor":25,"key":"SMITH"},{"floor":32,"key":"REST"},{"data":"Catalyst","floor":44,"key":"SMITH"},{"data":"Footwork","floor":47,"key":"SMITH"},{"data":"Burst","floor":49,"key":"SMITH"}],"neow_cost":"CURSE","seed_source_timestamp":378407474161,"circlet_count":0,"master_deck":["Defend_G+1","Defend_G","Defend_G","Defend_G","Defend_G","Strike_G","Strike_G+1","Strike_G","Strike_G","Survivor","Neutralize+1","Crippling Poison+1","Escape Plan+1","Heel Hook","Noxious Fumes+1","Backflip","Envenom+1","Dodge and Roll","Glass Knife","Cloak And Dagger+1","Footwork+1","Well Laid Plans+1","Poisoned Stab","Caltrops","Catalyst+1","Backflip","Tools of the Trade","Noxious Fumes","Dodge and Roll","Catalyst+1","Adrenaline","PiercingWail","Deflect+1","Backflip+1","Infinite Blades","Decay","PiercingWail+1","PiercingWail","PiercingWail","Burst+1","Dodge and Roll+1","Writhe"],"relics":["Ring of the Snake","Bird Faced Urn","Darkstone Periapt","Sozu","Nloth\u0027s Gift","War Paint","Ninja Scroll","SsserpentHead","Orrery","Tough Bandages","Turnip"],"potions_floor_usage":[16,18],"damage_taken":[{"damage":0,"enemies":"2 Louse","floor":1,"turns":4},{"damage":2,"enemies":"Small Slimes","floor":3,"turns":4},{"damage":4,"enemies":"Jaw Worm","floor":4,"turns":4},{"damage":14,"enemies":"3 Louse","floor":5,"turns":4},{"damage":20,"enemies":"Lagavulin","floor":7,"turns":8},{"damage":16,"enemies":"Large Slime","floor":11,"turns":9},{"damage":0,"enemies":"The Guardian","floor":16,"turns":9},{"damage":15,"enemies":"Spheric Guardian","floor":18,"turns":5},{"damage":0,"enemies":"3 Byrds","floor":19,"turns":4},{"damage":12,"enemies":"Sentry and Sphere","floor":21,"turns":7},{"damage":10,"enemies":"Book of Stabbing","floor":27,"turns":6},{"damage":10,"enemies":"Shelled Parasite and Fungi","floor":28,"turns":5},{"damage":11,"enemies":"Snake Plant","floor":30,"turns":5},{"damage":43,"enemies":"Automaton","floor":33,"turns":8},{"damage":2,"enemies":"Orb Walker","floor":35,"turns":5},{"damage":1,"enemies":"3 Shapes","floor":39,"turns":4},{"damage":7,"enemies":"Reptomancer","floor":40,"turns":5},{"damage":28,"enemies":"Spire Growth","floor":41,"turns":8},{"damage":16,"enemies":"4 Shapes","floor":42,"turns":6},{"damage":24,"enemies":"Sphere and 2 Shapes","floor":45,"turns":9},{"damage":6,"enemies":"Nemesis","floor":46,"turns":9},{"damage":31,"enemies":"Donu and Deca","floor":50,"turns":7}],"seed_played":"-4332961873343815654","potions_obtained":[{"floor":1,"key":"Fire Potion"},{"floor":4,"key":"SteroidPotion"}],"is_trial":false,"path_per_floor":["M","$","M","M","M","R","E","R","T","R","M","R","?","?","R","B",null,"M","M","$","M","?","R","?","R","T","E","M","$","M","?","R","B",null,"M","$","?","?","M","M","M","M","T","R","M","E","R","?","R","B"],"character_chosen":"THE_SILENT","items_purchased":["Escape Plan","Well Laid Plans","Poisoned Stab","Noxious Fumes","Dodge and Roll","Infinite Blades"],"campfire_rested":2,"item_purchase_floors":[2,20,20,29,29,36],"current_hp_per_floor":[63,63,61,57,45,66,48,48,48,48,36,36,22,39,39,43,63,52,56,56,52,52,52,52,52,52,52,52,52,53,53,70,35,61,70,70,76,76,76,76,60,58,58,58,50,60,60,82,82,63],"gold":325,"neow_bonus":"ONE_RARE_RELIC","is_prod":false,"is_daily":false,"chose_seed":false,"campfire_upgraded":9,"win_rate":0,"timestamp":1539550823,"path_taken":["M","$","M","M","M","R","E","R","T","R","M","R","?","?","R","BOSS","M","M","$","M","?","R","?","R","T","E","M","?","?","?","R","BOSS","M","$","?","?","M","M","M","M","T","R","?","E","R","?","R","BOSS"],"build_version":"2018-10-11","purchased_purges":2,"victory":true,"max_hp_per_floor":[70,70,70,70,70,70,70,70,70,70,70,70,70,70,70,70,70,70,70,70,70,70,70,70,70,70,70,70,70,70,70,70,70,70,70,70,76,76,76,76,76,76,76,76,76,76,76,82,82,82],"card_choices":[{"not_picked":["Quick Slash","Bane"],"picked":"Crippling Poison","floor":1},{"not_picked":["Dagger Spray","Finisher"],"picked":"Heel Hook","floor":3},{"not_picked":["Outmaneuver","Backflip"],"picked":"Noxious Fumes","floor":4},{"not_picked":["Deflect","Bouncing Flask"],"picked":"Backflip","floor":5},{"not_picked":["Endless Agony","Dodge and Roll"],"picked":"Envenom","floor":7},{"not_picked":["Quick Slash","Heel Hook"],"picked":"Dodge and Roll","floor":11},{"not_picked":["Phantasmal Killer","Storm of Steel"],"picked":"Glass Knife","floor":16},{"not_picked":["Deflect","Outmaneuver"],"picked":"Cloak And Dagger","floor":18},{"not_picked":["Backflip","Bane"],"picked":"Footwork","floor":19},{"not_picked":["Dagger Spray","Deflect"],"picked":"Caltrops","floor":21},{"not_picked":["Poisoned Stab","Dagger Spray"],"picked":"Backflip","floor":27},{"not_picked":["Flying Knee+1","Dagger Spray+1"],"picked":"Tools of the Trade","floor":28},{"not_picked":["Dagger Spray","PiercingWail"],"picked":"Catalyst","floor":30},{"not_picked":["A Thousand Cuts","Storm of Steel"],"picked":"Adrenaline","floor":33},{"not_picked":["Cloak And Dagger","Deadly Poison"],"picked":"PiercingWail","floor":34},{"not_picked":["Prepared","Finisher"],"picked":"Deflect+1","floor":34},{"not_picked":["Unload","Outmaneuver"],"picked":"Backflip+1","floor":35},{"not_picked":["Flying Knee+1","Crippling Poison"],"picked":"PiercingWail+1","floor":39},{"not_picked":["Dagger Throw","Slice+1"],"picked":"PiercingWail","floor":40},{"not_picked":["Prepared+1","Flying Knee+1"],"picked":"PiercingWail","floor":41},{"not_picked":["Masterful Stab+1","Deflect"],"picked":"Burst","floor":42},{"not_picked":["Choke+1","Die Die Die"],"picked":"Dodge and Roll+1","floor":45},{"not_picked":["Underhanded Strike+1","Prepared","Setup+1"],"picked":"SKIP","floor":46}],"player_experience":3034144,"relics_obtained":[{"floor":7,"key":"Sundial"},{"floor":9,"key":"Darkstone Periapt"},{"floor":26,"key":"War Paint"},{"floor":27,"key":"Ninja Scroll"},{"floor":43,"key":"Tough Bandages"},{"floor":46,"key":"Turnip"}],"event_choices":[{"event_name":"Shining Light","player_choice":"Entered Light","floor":13,"damage_taken":0},{"event_name":"The Cleric","player_choice":"Healed","floor":14,"damage_taken":0},{"event_name":"N\u0027loth","player_choice":"Traded a Sundial","floor":22,"damage_taken":0},{"event_name":"The Library","player_choice":"Read","floor":24,"damage_taken":0},{"event_name":"FaceTrader","player_choice":"Trade","floor":31,"damage_taken":0},{"event_name":"Wheel of Change","player_choice":"Curse","floor":37,"damage_taken":0},{"event_name":"Mysterious Sphere","player_choice":"Ignore","floor":38,"damage_taken":0},{"event_name":"Winding Halls","player_choice":"Writhe","floor":48,"damage_taken":0}],"is_beta":false,"boss_relics":[{"not_picked":["Ring of the Serpent","Eternal Feather"],"picked":"Sozu"},{"not_picked":["Runic Pyramid","HoveringKite"],"picked":"Orrery"}],"items_purged_floors":[2,36],"is_endless":false,"potions_floor_spawned":[1,4,18,19,30,33,39,40,41],"ascension_level":8}