{"gold_per_floor":[114,114,289,307,11,39,39,39,65,99,61,96,1,30,30,133,133,150,150,160,175,175,201,201,236,307,319,5,5,5,23,23,118,118,129,0,10,30,30,30,62,62,62,90,90,100,119,176,176,176],"floor_reached":51,"playtime":3720,"items_purged":[],"score":999,"play_id":"01d6b3f9-eeaa-4220-a709-f19487575de3","local_time":"20180704154650","is_ascension_mode":true,"campfire_choices":[{"floor":8,"key":"REST"},{"floor":15,"key":"REST"},{"floor":24,"key":"REST"},{"floor":30,"key":"REST"},{"floor":32,"key":"REST"},{"floor":40,"key":"REST"},{"floor":45,"key":"REST"},{"floor":49,"key":"REST"}],"neow_cost":"NONE","seed_source_timestamp":10728089986381,"circlet_count":0,"master_deck":["Strike_B","Defend_B","Defend_B","Zap","Dualcast","Hologram","Coolheaded","Doubt","Static Discharge","Static Discharge","Blizzard","Amplify","Chill","Defragment","Coolheaded","Hologram","Thunder Strike","Conserve Battery","Static Discharge+1","Ball Lightning","Loop","Cold Snap+1","BootSequence+1","Storm+1","Conserve Battery+1","Amplify","Turbo+1","Storm+1","Redo+1","Dramatic Entrance+1","Apotheosis","Melter+1","Consume+1","Rip and Tear+1","Rip and Tear+1","Hello World+1","Go for the Eyes+1","Hologram+1","Redo+1"],"relics":["Cracked Core","Bottled Tornado","Mango","Anchor","DataDisk","Pen Nib","Happy Flower","Black Star","Pear","Molten Egg 2","Shuriken","Mercury Hourglass","Matryoshka","Frozen Egg 2","Dodecahedron","Strawberry","Empty Cage","Red Mask","Bottled Flame","Toxic Egg 2","Dream Catcher","Darkstone Periapt","Prayer Wheel","Unceasing Top","Tiny Chest","Singing Bowl"],"potions_floor_usage":[16,18,23,25,27,33,41,48,48,50],"damage_taken":[{"damage":1,"enemies":"Jaw Worm","floor":1,"turns":4},{"damage":1,"enemies":"Cultist","floor":4,"turns":4},{"damage":23,"enemies":"Lagavulin","floor":6,"turns":7},{"damage":5,"enemies":"3 Sentries","floor":10,"turns":6},{"damage":14,"enemies":"Lagavulin","floor":12,"turns":7},{"damage":23,"enemies":"Gremlin Nob","floor":14,"turns":4},{"damage":40,"enemies":"The Guardian","floor":16,"turns":8},{"damage":19,"enemies":"2 Thieves","floor":18,"turns":5},{"damage":12,"enemies":"Spheric Guardian","floor":20,"turns":4},{"damage":16,"enemies":"Snecko","floor":21,"turns":6},{"damage":38,"enemies":"Gremlin Leader","floor":23,"turns":5},{"damage":27,"enemies":"Slavers","floor":25,"turns":5},{"damage":5,"enemies":"Centurion and Healer","floor":27,"turns":3},{"damage":4,"enemies":"Sentry and Sphere","floor":31,"turns":3},{"damage":33,"enemies":"Automaton","floor":33,"turns":8},{"damage":20,"enemies":"Orb Walker","floor":35,"turns":3},{"damage":24,"enemies":"3 Darklings","floor":37,"turns":3},{"damage":1,"enemies":"Sphere and 2 Shapes","floor":38,"turns":3},{"damage":16,"enemies":"Nemesis","floor":41,"turns":5},{"damage":28,"enemies":"2 Orb Walkers","floor":44,"turns":3},{"damage":6,"enemies":"4 Shapes","floor":46,"turns":4},{"damage":11,"enemies":"Maw","floor":47,"turns":4},{"damage":38,"enemies":"Giant Head","floor":48,"turns":7},{"damage":42,"enemies":"Time Eater","floor":50,"turns":7}],"seed_played":"3760759273854725994","potions_obtained":[{"floor":10,"key":"FearPotion"},{"floor":14,"key":"Ancient Potion"},{"floor":21,"key":"Explosive Potion"},{"floor":23,"key":"Fire Potion"},{"floor":25,"key":"EssenceOfSteel"},{"floor":27,"key":"Regen Potion"},{"floor":33,"key":"Poison Potion"},{"floor":35,"key":"Fire Potion"},{"floor":37,"key":"SpeedPotion"},{"floor":48,"key":"Ancient Potion"}],"is_trial":false,"path_per_floor":["M","?","?","M","$","E","?","R","T","E","?","E","$","E","R","B",null,"M","?","M","M","?","E","R","E","T","M","$","T","R","M","R","B",null,"M","?","M","M","?","R","E","?","T","E","R","M","M","E","R","B"],"character_chosen":"DEFECT","items_purchased":["Bottled Tornado","Sunder","Defragment","Coolheaded","Frozen Egg 2","Storm"],"campfire_rested":8,"item_purchase_floors":[5,5,13,13,28,28],"current_hp_per_floor":[74,67,67,66,66,57,57,83,83,78,78,64,64,41,67,27,89,70,70,58,42,71,43,72,45,45,40,40,47,78,74,105,81,106,86,86,62,61,56,87,71,71,71,43,74,68,57,19,52,10],"gold":176,"neow_bonus":"THREE_CARDS","is_prod":false,"is_daily":false,"chose_seed":false,"campfire_upgraded":0,"win_rate":0,"timestamp":1530733610,"path_taken":["M","?","?","M","$","E","?","R","T","E","?","E","?","E","R","BOSS","M","?","M","?","?","E","R","E","T","?","$","?","R","M","R","BOSS","M","?","?","M","?","R","E","?","T","E","R","M","?","E","R","BOSS"],"build_version":"2018-06-28","purchased_purges":0,"victory":true,"max_hp_per_floor":[75,75,75,75,75,89,89,89,89,89,89,89,89,89,89,89,89,89,89,89,89,89,99,99,99,99,99,99,106,106,106,106,106,106,106,106,106,106,106,106,106,106,106,106,106,106,106,106,108,108],"card_choices":[{"not_picked":["Stack","Leap"],"picked":"Hologram","floor":0},{"not_picked":["Stack","Steam"],"picked":"Coolheaded","floor":1},{"not_picked":["Leap","Rebound"],"picked":"Static Discharge","floor":4},{"not_picked":["Streamline","Ball Lightning"],"picked":"Static Discharge","floor":6},{"not_picked":["Cold Snap","Go for the Eyes"],"picked":"Amplify","floor":10},{"not_picked":["Compile Driver","Sunder"],"picked":"Chill","floor":12},{"not_picked":["Sunder","Beam Cell"],"picked":"Hologram","floor":14},{"not_picked":["Hyperbeam","Multi-Cast"],"picked":"Thunder Strike","floor":16},{"not_picked":["Gash","Rebound"],"picked":"Conserve Battery","floor":18},{"not_picked":["Hello World","Conserve Battery"],"picked":"Static Discharge+1","floor":20},{"not_picked":["Self Repair","Chill"],"picked":"Ball Lightning","floor":21},{"not_picked":["Cold Snap","Blizzard"],"picked":"Loop","floor":23},{"not_picked":["Sunder+1","BootSequence"],"picked":"Cold Snap+1","floor":25},{"not_picked":["Stack+1","Darkness"],"picked":"BootSequence+1","floor":27},{"not_picked":["Coolheaded","Compile Driver+1"],"picked":"Conserve Battery+1","floor":31},{"not_picked":["Buffer+1","Hyperbeam+1"],"picked":"Amplify","floor":33},{"not_picked":["Hologram+1","Stack"],"picked":"Turbo+1","floor":35},{"not_picked":["Barrage+1","Stack+1"],"picked":"Storm+1","floor":37},{"not_picked":["Cold Snap+1","Compile Driver+1"],"picked":"Redo+1","floor":38},{"not_picked":["Jack Of All Trades","Thinking Ahead"],"picked":"Dramatic Entrance+1","floor":39},{"not_picked":["Blind","Purity"],"picked":"Apotheosis","floor":39},{"not_picked":["Turbo+1","Glacier"],"picked":"Melter+1","floor":41},{"not_picked":["Rebound+1","Rip and Tear+1"],"picked":"Consume+1","floor":44},{"not_picked":["Aggregate+1","Cold Snap+1"],"picked":"Rip and Tear+1","floor":45},{"not_picked":["BootSequence+1","Cold Snap+1"],"picked":"Rip and Tear+1","floor":46},{"not_picked":["Recycle+1","Conserve Battery+1"],"picked":"Hello World+1","floor":46},{"not_picked":["Barrage+1","Rebound+1"],"picked":"Go for the Eyes+1","floor":47},{"not_picked":["Streamline+1","Melter+1"],"picked":"Hologram+1","floor":47},{"not_picked":["Blizzard+1","Scrape+1"],"picked":"Redo+1","floor":48},{"not_picked":["Turbo+1","Coolheaded+1","Steam+1"],"picked":"Singing Bowl","floor":49}],"player_experience":217087,"relics_obtained":[{"floor":6,"key":"Mango"},{"floor":9,"key":"Anchor"},{"floor":10,"key":"DataDisk"},{"floor":12,"key":"Pen Nib"},{"floor":14,"key":"Happy Flower"},{"floor":23,"key":"Pear"},{"floor":23,"key":"Molten Egg 2"},{"floor":25,"key":"Shuriken"},{"floor":25,"key":"Mercury Hourglass"},{"floor":26,"key":"Matryoshka"},{"floor":29,"key":"Dodecahedron"},{"floor":29,"key":"Strawberry"},{"floor":41,"key":"Bottled Flame"},{"floor":41,"key":"Toxic Egg 2"},{"floor":43,"key":"Dream Catcher"},{"floor":43,"key":"Darkstone Periapt"},{"floor":44,"key":"Prayer Wheel"},{"floor":44,"key":"Unceasing Top"},{"floor":48,"key":"Tiny Chest"},{"floor":48,"key":"Singing Bowl"}],"event_choices":[{"event_name":"Golden Wing","player_choice":"Card Removal","floor":2,"damage_taken":0},{"event_name":"Liars Game","player_choice":"agreed","floor":3,"damage_taken":0},{"event_name":"Living Wall","player_choice":"Change","floor":7,"damage_taken":0},{"event_name":"World of Goop","player_choice":"Left","floor":11,"damage_taken":0},{"event_name":"Back to Basics","player_choice":"Elegance","floor":19,"damage_taken":0},{"event_name":"The Library","player_choice":"Heal","floor":22,"damage_taken":0},{"event_name":"Tomb of Lord Red Mask","player_choice":"Paid","floor":36,"damage_taken":0},{"event_name":"SensoryStone","player_choice":"Memory 2","floor":39,"damage_taken":0},{"event_name":"Falling","player_choice":"Removed Attack","floor":42,"damage_taken":0}],"boss_relics":[{"not_picked":["Ectoplasm","Cursed Key"],"picked":"Black Star"},{"not_picked":["Calling Bell","White Beast Statue"],"picked":"Empty Cage"}],"items_purged_floors":[],"is_endless":false,"potions_floor_spawned":[10,14,21,23,25,27,33,35,37,48],"ascension_level":2}