{"gold_per_floor":[114,26,37,37,37,37,48,68,92,92,33,49,62,62,62,62],"floor_reached":16,"playtime":413,"items_purged":[],"score":166,"play_id":"df63603f-014c-40a3-a71c-a3e557d11866","local_time":"20181223080247","is_ascension_mode":true,"campfire_choices":[{"data":"Scrape","floor":6,"key":"SMITH"},{"data":"Dualcast","floor":10,"key":"SMITH"},{"data":"Beam Cell","floor":15,"key":"SMITH"}],"neow_cost":"NONE","seed_source_timestamp":259178794532100,"circlet_count":0,"master_deck":["AscendersBane","Strike_B","Strike_B","Strike_B","Defend_B","Defend_B","Defend_B","Defend_B","Zap+1","Dualcast+1","Turbo","Scrape+1","Cold Snap","Conserve Battery","Steam","Leap","Beam Cell+1"],"relics":["Cracked Core","Anchor","Strawberry"],"potions_floor_usage":[],"damage_taken":[{"damage":2,"enemies":"Jaw Worm","floor":1,"turns":3},{"damage":4,"enemies":"Small Slimes","floor":3,"turns":4},{"damage":0,"enemies":"Cultist","floor":7,"turns":3},{"damage":16,"enemies":"Lots of Slimes","floor":8,"turns":5},{"damage":0,"enemies":"Exordium Wildlife","floor":12,"turns":4},{"damage":0,"enemies":"Blue Slaver","floor":13,"turns":3},{"damage":9,"enemies":"Slime Boss","floor":16,"turns":6}],"seed_played":"-2219664925859107247","potions_obtained":[{"floor":1,"key":"FearPotion"},{"floor":8,"key":"Block Potion"}],"is_trial":false,"path_per_floor":["M","$","M","?","?","R","M","M","T","R","$","M","M","?","R","B"],"character_chosen":"DEFECT","items_purchased":["Scrape","Steam"],"campfire_rested":0,"item_purchase_floors":[2,11],"current_hp_per_floor":[69,69,65,65,65,65,65,49,56,56,56,56,56,49,49,40],"gold":62,"neow_bonus":"TEN_PERCENT_HP_BONUS","is_prod":false,"is_daily":false,"chose_seed":false,"campfire_upgraded":3,"win_rate":0,"timestamp":1545580967,"path_taken":["M","$","M","?","?","R","?","M","T","R","?","M","M","?","R","BOSS"],"build_version":"2018-12-20","purchased_purges":0,"victory":false,"max_hp_per_floor":[78,78,78,78,78,78,78,78,85,85,85,85,85,85,85,85],"card_choices":[{"not_picked":["Streamline","Aggregate"],"picked":"Turbo","floor":1},{"not_picked":["Conserve Battery","Sweeping Beam"],"picked":"Cold Snap","floor":3},{"not_picked":["Barrage","Streamline"],"picked":"Conserve Battery","floor":7},{"not_picked":["Reboot","Beam Cell","Consume"],"picked":"SKIP","floor":8},{"not_picked":["Reprogram","Redo"],"picked":"Leap","floor":12},{"not_picked":["Cold Snap","Redo"],"picked":"Beam Cell","floor":13}],"player_experience":1030328,"relics_obtained":[{"floor":9,"key":"Strawberry"}],"event_choices":[{"damage_healed":0,"gold_gain":0,"player_choice":"Grow","damage_taken":0,"max_hp_gain":0,"max_hp_loss":0,"event_name":"Living Wall","floor":4,"gold_loss":0,"cards_upgraded":["Zap"]},{"damage_healed":0,"gold_gain":0,"player_choice":"Gave Potion","damage_taken":0,"relics_obtained":["Anchor"],"max_hp_gain":0,"max_hp_loss":0,"event_name":"WeMeetAgain","floor":5,"gold_loss":0},{"cards_removed":["Strike_B"],"damage_healed":0,"gold_gain":0,"player_choice":"Card Removal","damage_taken":7,"max_hp_gain":0,"max_hp_loss":0,"event_name":"Golden Wing","floor":14,"gold_loss":0}],"is_beta":false,"boss_relics":[],"items_purged_floors":[],"is_endless":false,"potions_floor_spawned":[1,8],"killed_by":"Slime Boss","ascension_level":16}