{"gold_per_floor":[111,64,79,91,21,21,46,46,46,66,15,43,43,58,58,157,157,172,172,172,73,89,114,114,140,140,174,174,206,224,124,124,227,227,243,263,263,263,263],"floor_reached":40,"playtime":3671,"items_purged":["Strike_R","Strike_R"],"score":1094,"play_id":"1bff2473-1c92-4a08-81b9-029b326d8656","local_time":"20190131100047","is_ascension_mode":true,"campfire_choices":[{"data":"Inflame","floor":6,"key":"SMITH"},{"data":"Pommel Strike","floor":13,"key":"SMITH"},{"data":"Heavy Blade","floor":15,"key":"SMITH"},{"data":"True Grit","floor":24,"key":"SMITH"},{"data":"Shockwave","floor":28,"key":"SMITH"},{"data":"Heavy Blade","floor":32,"key":"SMITH"}],"neow_cost":"NONE","seed_source_timestamp":295302893932000,"circlet_count":0,"master_deck":["Strike_R+1","Defend_R+1","Defend_R+1","Defend_R+1","Defend_R+1","Bash+1","Shrug It Off+1","Twin Strike+1","Inflame+1","Heavy Blade+1","Shrug It Off+1","Shrug It Off+1","Pommel Strike+1","Heavy Blade+1","Impervious+1","Disarm+1","Shockwave+1","Ghostly+1","Ghostly+1","Ghostly+1","Ghostly+1","Ghostly+1","True Grit+1","Armaments+1","Heavy Blade+1","Corruption+1","Limit Break+1","Dark Embrace+1","Shrug It Off+1"],"relics":["Burning Blood","Vajra","Mango","Blue Candle","Bottled Tornado","Snecko Eye","Peace Pipe","Kunai","Dodecahedron","Singing Bowl","Blood Vial","Empty Cage","Mark of the Bloom"],"potions_floor_usage":[4,12,12,18,33,39,39,39],"damage_taken":[{"damage":15,"enemies":"Cultist","floor":1,"turns":5},{"damage":0,"enemies":"Jaw Worm","floor":3,"turns":4},{"damage":2,"enemies":"Small Slimes","floor":4,"turns":3},{"damage":34,"enemies":"3 Sentries","floor":7,"turns":9},{"damage":0,"enemies":"Exordium Wildlife","floor":10,"turns":3},{"damage":10,"enemies":"Lagavulin","floor":12,"turns":5},{"damage":12,"enemies":"Large Slime","floor":14,"turns":5},{"damage":8,"enemies":"Slime Boss","floor":16,"turns":7},{"damage":15,"enemies":"3 Byrds","floor":18,"turns":5},{"damage":0,"enemies":"Spheric Guardian","floor":22,"turns":3},{"damage":9,"enemies":"Book of Stabbing","floor":23,"turns":5},{"damage":0,"enemies":"Slavers","floor":25,"turns":6},{"damage":0,"enemies":"Gremlin Leader","floor":27,"turns":5},{"damage":0,"enemies":"Book of Stabbing","floor":29,"turns":3},{"damage":5,"enemies":"Centurion and Healer","floor":30,"turns":6},{"damage":4,"enemies":"Champ","floor":33,"turns":7},{"damage":0,"enemies":"Orb Walker","floor":35,"turns":2},{"damage":0,"enemies":"3 Darklings","floor":36,"turns":3},{"damage":9,"enemies":"Donu and Deca","floor":39,"turns":10}],"seed_played":"5557197219618440081","potions_obtained":[{"floor":1,"key":"SpeedPotion"},{"floor":7,"key":"SteroidPotion"},{"floor":10,"key":"SteroidPotion"},{"floor":14,"key":"Weak Potion"},{"floor":22,"key":"Strength Potion"},{"floor":23,"key":"Regen Potion"},{"floor":29,"key":"Weak Potion"},{"floor":35,"key":"Poison Potion"},{"floor":36,"key":"Explosive Potion"}],"is_trial":false,"path_per_floor":["M","$","M","M","?","R","E","$","T","M","$","E","R","M","R","B",null,"M","?","?","$","M","E","R","E","T","E","R","E","M","$","R","B",null,"M","M","?","?","B",null],"character_chosen":"IRONCLAD","items_purchased":["Twin Strike","Shrug It Off","True Grit"],"campfire_rested":0,"item_purchase_floors":[2,11,21],"current_hp_per_floor":[71,71,77,81,81,81,67,67,67,73,73,69,69,63,63,61,92,83,83,51,51,51,48,48,51,51,51,51,51,53,53,53,53,53,53,55,55,55,46],"gold":263,"neow_bonus":"TEN_PERCENT_HP_BONUS","is_prod":false,"is_daily":false,"chose_seed":false,"campfire_upgraded":6,"win_rate":0,"timestamp":1548925247,"path_taken":["M","$","M","M","?","R","E","?","T","?","?","E","R","M","R","BOSS","M","?","?","$","M","E","R","E","T","E","R","E","M","?","R","BOSS","M","M","?","?","BOSS"],"build_version":"2019-01-23","purchased_purges":2,"victory":true,"max_hp_per_floor":[88,88,88,88,88,88,102,102,102,102,102,102,102,102,102,102,102,102,102,51,51,51,51,51,51,51,51,51,51,53,53,53,53,53,53,55,55,55,55],"card_choices":[{"not_picked":["Ghostly Armor","Heavy Blade"],"picked":"Shrug It Off","floor":1},{"not_picked":["Hemokinesis","True Grit"],"picked":"Inflame","floor":3},{"not_picked":["Rupture","Anger"],"picked":"Heavy Blade","floor":4},{"not_picked":["True Grit","Headbutt"],"picked":"Shrug It Off","floor":7},{"not_picked":["Clash","Headbutt","Thunderclap"],"picked":"SKIP","floor":10},{"not_picked":["Flex","Twin Strike"],"picked":"Pommel Strike","floor":12},{"not_picked":["Barricade","Dropkick"],"picked":"Heavy Blade","floor":14},{"not_picked":["Bludgeon","Brutality"],"picked":"Impervious","floor":16},{"not_picked":["Entrench","Dropkick"],"picked":"Disarm","floor":18},{"not_picked":["Body Slam+1","Wild Strike+1"],"picked":"Armaments+1","floor":22},{"not_picked":["Hemokinesis","Rupture","Dual Wield"],"picked":"SKIP","floor":23},{"not_picked":["Dropkick","Cleave"],"picked":"Heavy Blade","floor":25},{"not_picked":["Pummel+1","Body Slam"],"picked":"Corruption","floor":27},{"not_picked":["Perfected Strike","Sword Boomerang"],"picked":"Limit Break","floor":29},{"not_picked":["Thunderclap","Clash","Infernal Blade"],"picked":"Singing Bowl","floor":30},{"not_picked":["Barricade","Bludgeon"],"picked":"Dark Embrace","floor":33},{"not_picked":["Flex+1","Headbutt"],"picked":"Shrug It Off+1","floor":35},{"not_picked":["Metallicize+1","Perfected Strike","Rupture+1"],"picked":"Singing Bowl","floor":36}],"player_experience":215004,"relics_obtained":[{"floor":7,"key":"Mango"},{"floor":9,"key":"Blue Candle"},{"floor":12,"key":"Bottled Tornado"},{"floor":23,"key":"Peace Pipe"},{"floor":25,"key":"Kunai"},{"floor":26,"key":"Dodecahedron"},{"floor":27,"key":"Singing Bowl"},{"floor":29,"key":"Blood Vial"}],"event_choices":[{"damage_healed":0,"gold_gain":0,"player_choice":"Paid Gold","damage_taken":0,"relics_obtained":["Vajra"],"max_hp_gain":0,"max_hp_loss":0,"event_name":"WeMeetAgain","floor":5,"gold_loss":70},{"damage_healed":0,"gold_gain":0,"player_choice":"Read","damage_taken":0,"max_hp_gain":0,"max_hp_loss":0,"event_name":"The Library","floor":19,"gold_loss":0,"cards_obtained":["Shockwave"]},{"damage_healed":0,"gold_gain":0,"player_choice":"Became a Ghost","damage_taken":0,"max_hp_gain":0,"max_hp_loss":51,"event_name":"Ghosts","floor":20,"gold_loss":0,"cards_obtained":["Ghostly","Ghostly","Ghostly","Ghostly","Ghostly"]},{"damage_healed":0,"gold_gain":0,"player_choice":"Upgrade","damage_taken":0,"relics_obtained":["Mark of the Bloom"],"max_hp_gain":0,"max_hp_loss":0,"event_name":"MindBloom","floor":37,"gold_loss":0,"cards_upgraded":["Strike_R","Defend_R","Defend_R","Defend_R","Defend_R","Bash","Shrug It Off","Twin Strike","Shrug It Off","Shrug It Off","Heavy Blade","Impervious","Disarm","Ghostly","Ghostly","Ghostly","Ghostly","Ghostly","Corruption","Limit Break","Dark Embrace"]},{"damage_healed":0,"gold_gain":0,"player_choice":"Took Portal","damage_taken":0,"max_hp_gain":0,"max_hp_loss":0,"event_name":"SecretPortal","floor":38,"gold_loss":0}],"is_beta":false,"boss_relics":[{"not_picked":["Sozu","Runic Pyramid"],"picked":"Snecko Eye"},{"not_picked":["Runic Cube","Calling Bell"],"picked":"Empty Cage"}],"items_purged_floors":[21,31],"is_endless":false,"potions_floor_spawned":[1,7,10,14,22,23,29,30,35,36],"ascension_level":9}