{"gold_per_floor":[110,128,128,128,142,177,188,219,289,317,347,359,371,402,414,529,541,571,599,611,650,672,713,725,754,766,878,213,225,151,198,198,300,300,310,325,325,337,350,350,376,376,431,431,135,167,181,27,27,27],"floor_reached":51,"playtime":6549,"items_purged":["Strike_G","Defend_G"],"score":1558,"play_id":"f71eec22-ad26-4513-b220-fad9479deee5","local_time":"20181102140503","is_ascension_mode":true,"campfire_choices":[{"data":"Tactician","floor":13.0,"key":"SMITH"},{"data":"Noxious Fumes","floor":15.0,"key":"SMITH"},{"data":"Tactician","floor":24,"key":"SMITH"},{"floor":32,"key":"REST"},{"data":"Calculated Gamble","floor":40,"key":"SMITH"},{"data":"Acrobatics","floor":42,"key":"SMITH"},{"data":"Thinking Ahead","floor":44,"key":"SMITH"},{"data":"Purity","floor":49,"key":"SMITH"}],"neow_cost":"NONE","seed_source_timestamp":0,"circlet_count":0,"master_deck":["AscendersBane","Defend_G","Defend_G","Survivor","Neutralize+1","Dodge and Roll+1","Masterful Stab+1","Acrobatics+1","Sucker Punch+1","Tactician+1","Outmaneuver","Noxious Fumes+1","Adrenaline","Backflip","Backflip","Corpse Explosion","Tactician+1","Deflect","Blur","Acrobatics+1","Acrobatics+1","Footwork","Thinking Ahead+1","Swift Strike+1","Escape Plan","Calculated Gamble+1","After Image","Secret Technique","Purity+1"],"special_seed":0,"relics":["Astrolabe","Potion Belt","FossilizedHelix","Art of War","Dodecahedron","MawBank","Empty Cage","Red Mask","Anchor","WingedGreaves","Torii","Molten Egg 2","Orichalcum","Regal Pillow","Bronze Scales","Busted Crown","Whetstone","Ancient Tea Set","Pen Nib"],"potions_floor_usage":[19,21,25,25,27,46,50],"damage_taken":[{"damage":0.0,"enemies":"Cultist","floor":1.0,"turns":4.0},{"damage":0.0,"enemies":"2 Louse","floor":2.0,"turns":3.0},{"damage":0.0,"enemies":"Jaw Worm","floor":5.0,"turns":3.0},{"damage":12.0,"enemies":"3 Sentries","floor":6.0,"turns":12.0},{"damage":0.0,"enemies":"Looter","floor":7.0,"turns":3.0},{"damage":0.0,"enemies":"Gremlin Nob","floor":8.0,"turns":3.0},{"damage":8.0,"enemies":"Lagavulin","floor":10.0,"turns":8.0},{"damage":0.0,"enemies":"Exordium Wildlife","floor":11.0,"turns":4.0},{"damage":0.0,"enemies":"Red Slaver","floor":14.0,"turns":4.0},{"damage":0.0,"enemies":"Hexaghost","floor":16.0,"turns":9.0},{"damage":8,"enemies":"Chosen","floor":18,"turns":5},{"damage":9,"enemies":"2 Thieves","floor":19,"turns":4},{"damage":6,"enemies":"Masked Bandits","floor":21,"turns":2},{"damage":14,"enemies":"Sentry and Sphere","floor":22,"turns":7},{"damage":3,"enemies":"Book of Stabbing","floor":23,"turns":7},{"damage":0,"enemies":"Centurion and Healer","floor":25,"turns":5},{"damage":0,"enemies":"Colosseum Slavers","floor":27,"turns":4},{"damage":26,"enemies":"Colosseum Nobs","floor":27,"turns":4},{"damage":12,"enemies":"Snake Plant","floor":29,"turns":6},{"damage":0,"enemies":"Collector","floor":33,"turns":9},{"damage":0,"enemies":"Orb Walker","floor":35,"turns":4},{"damage":0,"enemies":"3 Darklings","floor":36,"turns":4},{"damage":0,"enemies":"4 Shapes","floor":38,"turns":3},{"damage":0,"enemies":"Spire Growth","floor":39,"turns":6},{"damage":0,"enemies":"Giant Head","floor":41,"turns":9},{"damage":0,"enemies":"Reptomancer","floor":46,"turns":3},{"damage":0,"enemies":"Writhing Mass","floor":47,"turns":4},{"damage":0,"enemies":"Donu and Deca","floor":50,"turns":3}],"seed_played":"1431865865278362728","potions_obtained":[{"floor":1.0,"key":"Regen Potion"},{"floor":2.0,"key":"SpeedPotion"},{"floor":5.0,"key":"AttackPotion"},{"floor":11.0,"key":"EntropicBrew"},{"floor":18,"key":"PowerPotion"},{"floor":21,"key":"GhostInAJar"},{"floor":23,"key":"Regen Potion"},{"floor":29,"key":"SpeedPotion"},{"floor":33,"key":"Poison Potion"},{"floor":36,"key":"Swift Potion"},{"floor":41,"key":"GamblersBrew"}],"is_trial":false,"path_per_floor":["M","M","?","?","M","E","M","E","T","E","M","?","R","M","R","B",null,"M","M","?","?","M","E","R","M","T","?","$","M","$","T","R","B",null,"M","M","?","M","M","R","E","R","T","R","$","E","M","$","R","B",null],"character_chosen":"THE_SILENT","items_purchased":["Footwork","Orichalcum","Thinking Ahead","Swift Strike+1","Regal Pillow","Calculated Gamble","Secret Technique","Purity","GamblersBrew"],"campfire_rested":1,"item_purchase_floors":[28,28,28,28,28,30,45,48,48],"current_hp_per_floor":[63,63,56,61,61,49,49,58,58,50,50,50,50,50,50,50,69,61,52,52,46,32,29,29,43,43,17,17,5,5,5,42,42,67,67,67,67,67,67,67,67,67,67,67,67,67,67,67,67,67],"gold":27,"neow_bonus":"BOSS_RELIC","is_prod":false,"is_daily":false,"chose_seed":false,"campfire_upgraded":7,"win_rate":0,"timestamp":1541192703,"path_taken":["M","M","?","?","M","E","M","E","T","E","M","?","R","M","R","BOSS","M","M","?","?","?","E","R","M","T","?","?","?","$","?","R","BOSS","M","M","?","M","M","R","E","R","T","R","$","E","M","$","R","BOSS"],"build_version":"2018-11-01","purchased_purges":2,"victory":true,"max_hp_per_floor":[70,70,70,75,75,75,75,75,75,75,75,75,75,75,75,75,75,75,75,75,75,75,75,75,75,75,75,75,75,75,75,75,75,75,75,75,75,75,75,75,75,75,75,75,75,75,75,75,75,75],"card_choices":[{"not_picked":["Setup","Eviscerate","Accuracy"],"picked":"SKIP","floor":1.0},{"not_picked":["Bane","Skewer"],"picked":"Infinite Blades","floor":2.0},{"not_picked":["Prepared","Blade Dance"],"picked":"Sucker Punch","floor":5.0},{"not_picked":["Riddle With Holes","Blade Dance"],"picked":"Tactician","floor":6.0},{"not_picked":["Cloak And Dagger","Skewer"],"picked":"Outmaneuver","floor":7.0},{"not_picked":["Dodge and Roll","Bouncing Flask"],"picked":"Noxious Fumes","floor":8.0},{"not_picked":["Skewer","Masterful Stab"],"picked":"Adrenaline","floor":10.0},{"not_picked":["Prepared","Footwork"],"picked":"Backflip","floor":11.0},{"not_picked":["Dodge and Roll","Poisoned Stab"],"picked":"Backflip","floor":14.0},{"not_picked":["Glass Knife","Bullet Time"],"picked":"Corpse Explosion","floor":16.0},{"not_picked":["Noxious Fumes","Poisoned Stab+1"],"picked":"Tactician","floor":18},{"not_picked":["Outmaneuver+1","Quick Slash"],"picked":"Deflect","floor":19},{"not_picked":["Setup","Dagger Throw"],"picked":"Blur","floor":21},{"not_picked":["Dagger Spray","Cloak And Dagger"],"picked":"Acrobatics","floor":22},{"not_picked":["Quick Slash+1","Dagger Throw"],"picked":"Acrobatics+1","floor":23},{"not_picked":["Flying Knee","Dagger Spray","Cloak And Dagger"],"picked":"SKIP","floor":25},{"not_picked":["Slice+1","Envenom"],"picked":"Escape Plan","floor":29},{"not_picked":["Wraith Form v2","Doppelganger"],"picked":"After Image","floor":33},{"not_picked":["Dagger Throw+1"],"picked":"SKIP","floor":35},{"not_picked":["Flechettes+1"],"picked":"SKIP","floor":36},{"not_picked":["PiercingWail"],"picked":"SKIP","floor":38},{"not_picked":["Flying Knee+1"],"picked":"SKIP","floor":39},{"not_picked":["Endless Agony+1"],"picked":"SKIP","floor":41},{"not_picked":["Infinite Blades+1"],"picked":"SKIP","floor":46},{"not_picked":["Quick Slash+1"],"picked":"SKIP","floor":47}],"player_experience":84715,"relics_obtained":[{"floor":6.0,"key":"FossilizedHelix"},{"floor":8.0,"key":"Art of War"},{"floor":9.0,"key":"Dodecahedron"},{"floor":10.0,"key":"MawBank"},{"floor":21,"key":"Red Mask"},{"floor":23,"key":"Anchor"},{"floor":26,"key":"WingedGreaves"},{"floor":27,"key":"Torii"},{"floor":27,"key":"Molten Egg 2"},{"floor":31,"key":"Bronze Scales"},{"floor":41,"key":"Whetstone"},{"floor":43,"key":"Ancient Tea Set"},{"floor":46,"key":"Pen Nib"}],"event_choices":[{"damage_healed":0.0,"max_hp_gain":0.0,"max_hp_loss":0.0,"gold_gain":0.0,"event_name":"Scrap Ooze","player_choice":"Success","floor":3.0,"gold_loss":0.0,"damage_taken":7.0,"relics_obtained":["Potion Belt"]},{"damage_healed":0.0,"max_hp_gain":5.0,"max_hp_loss":0.0,"gold_gain":0.0,"event_name":"Big Fish","player_choice":"Donut","floor":4.0,"gold_loss":0.0,"damage_taken":0.0},{"cards_removed":["Strike_G"],"damage_healed":0.0,"max_hp_gain":0.0,"max_hp_loss":0.0,"gold_gain":0.0,"event_name":"Living Wall","player_choice":"Forget","floor":12.0,"gold_loss":0.0,"damage_taken":0.0},{"damage_healed":0,"gold_gain":0,"player_choice":"Ignored","damage_taken":0,"max_hp_gain":0,"max_hp_loss":0,"event_name":"Cursed Tome","floor":20,"gold_loss":0},{"damage_healed":0,"gold_gain":0,"player_choice":"Fought Bandits","damage_taken":0,"max_hp_gain":0,"max_hp_loss":0,"event_name":"Masked Bandits","floor":21,"gold_loss":0},{"damage_healed":0,"gold_gain":0,"player_choice":"Fight","damage_taken":0,"max_hp_gain":0,"max_hp_loss":0,"event_name":"Colosseum","floor":27,"gold_loss":0},{"damage_healed":0,"gold_gain":0,"player_choice":"Fought Nobs","damage_taken":0,"max_hp_gain":0,"max_hp_loss":0,"event_name":"Colosseum","floor":27,"gold_loss":0},{"cards_removed":["Infinite Blades"],"damage_healed":0,"gold_gain":0,"player_choice":"Removed Power","damage_taken":0,"max_hp_gain":0,"max_hp_loss":0,"event_name":"Falling","floor":37,"gold_loss":0}],"is_beta":false,"boss_relics":[{"not_picked":["Runic Pyramid","Eternal Feather"],"picked":"Empty Cage"},{"not_picked":["Pandora\u0027s Box","WristBlade"],"picked":"Busted Crown"}],"items_purged_floors":[28,45],"is_endless":false,"potions_floor_spawned":[1,2,5,11,18,21,23,29,33,36,41],"ascension_level":10}