{"gold_per_floor":[111,111,127,302,317,317,23,23,71,106,106,121,121,139,139,242,242,258,273,273,273,287,287,312,6,54,54,64,64,64,76,76,178,178,198,98,112,112,128,128,19,19,19,19,19,31,109,128,128,128],"floor_reached":51,"playtime":1619,"items_purged":["Doubt","Strike_B"],"score":665,"play_id":"e81acd78-3492-429a-9d62-0acee4b65c27","local_time":"20181102215810","is_ascension_mode":false,"campfire_choices":[{"data":"Dualcast","floor":6.0,"key":"SMITH"},{"data":"Defragment","floor":11.0,"key":"SMITH"},{"data":"Zap","floor":13.0,"key":"SMITH"},{"data":"Go for the Eyes","floor":15.0,"key":"SMITH"},{"data":"Buffer","floor":23.0,"key":"SMITH"},{"floor":27.0,"key":"REST"},{"data":"Defragment","floor":29.0,"key":"SMITH"},{"data":"Electrodynamics","floor":32.0,"key":"SMITH"},{"data":"Thunder Strike","floor":40.0,"key":"SMITH"},{"data":"Capacitor","floor":42.0,"key":"SMITH"},{"data":"Coolheaded","floor":44.0,"key":"SMITH"},{"data":"Ball Lightning","floor":49,"key":"SMITH"}],"neow_cost":"NONE","seed_source_timestamp":1652134303914883,"circlet_count":0,"master_deck":["Strike_B","Strike_B","Defend_B","Defend_B","Defend_B","Zap+1","Dualcast+1","Electrodynamics+1","Go for the Eyes+1","Ball Lightning+1","Defragment+1","Buffer+1","Undo","Coolheaded+1","Apotheosis+1","Defragment+1","Stack+1","Conserve Battery+1","Thunder Strike+1","Glacier+1","White Noise+1","Chill+1","Defragment+1","Reboot+1","Capacitor+1","Fusion+1","Chaos+1"],"special_seed":0,"relics":["Cracked Core","Ancient Tea Set","Orichalcum","Torii","Eternal Feather","Toxic Egg 2","Strawberry","Orrery","Frozen Egg 2","Cables"],"potions_floor_usage":[48,50,50],"damage_taken":[{"damage":1.0,"enemies":"Jaw Worm","floor":1.0,"turns":3.0},{"damage":0.0,"enemies":"Small Slimes","floor":3.0,"turns":2.0},{"damage":1.0,"enemies":"Cultist","floor":5.0,"turns":3.0},{"damage":14.0,"enemies":"Gremlin Nob","floor":10.0,"turns":4.0},{"damage":8.0,"enemies":"Red Slaver","floor":12.0,"turns":2.0},{"damage":0.0,"enemies":"Exordium Wildlife","floor":14.0,"turns":2.0},{"damage":10.0,"enemies":"The Guardian","floor":16.0,"turns":9.0},{"damage":18.0,"enemies":"2 Thieves","floor":18.0,"turns":3.0},{"damage":21.0,"enemies":"Chosen","floor":19.0,"turns":5.0},{"damage":1.0,"enemies":"3 Cultists","floor":22.0,"turns":3.0},{"damage":22.0,"enemies":"Book of Stabbing","floor":24.0,"turns":7.0},{"damage":12.0,"enemies":"Snecko","floor":28.0,"turns":5.0},{"damage":24.0,"enemies":"Snake Plant","floor":31.0,"turns":5.0},{"damage":12.0,"enemies":"Champ","floor":33.0,"turns":18.0},{"damage":0.0,"enemies":"3 Shapes","floor":35.0,"turns":3.0},{"damage":16.0,"enemies":"3 Darklings","floor":37.0,"turns":3.0},{"damage":0.0,"enemies":"Sphere and 2 Shapes","floor":39.0,"turns":9.0},{"damage":0.0,"enemies":"Maw","floor":46.0,"turns":8.0},{"damage":3,"enemies":"4 Shapes","floor":48,"turns":7},{"damage":15,"enemies":"Awakened One","floor":50,"turns":12}],"seed_played":"-470655559946613936","potions_obtained":[{"floor":3.0,"key":"PowerPotion"},{"floor":10.0,"key":"Explosive Potion"},{"floor":12.0,"key":"GamblersBrew"},{"floor":19.0,"key":"SpeedPotion"},{"floor":28.0,"key":"Strength Potion"},{"floor":33.0,"key":"GamblersBrew"},{"floor":35.0,"key":"Strength Potion"},{"floor":37.0,"key":"Block Potion"}],"is_trial":false,"path_per_floor":["M","?","M","?","M","R","$","?","T","E","R","M","R","M","R","B",null,"M","M","$","?","M","R","E","$","T","R","M","R","?","M","R","B",null,"M","$","M","?","M","R","$","R","T","R","?","M","T","M","R","B",null],"character_chosen":"DEFECT","items_purchased":["Defragment","Ancient Tea Set","Apotheosis+1","Defragment","Stack+1","Capacitor","Fusion+1"],"campfire_rested":1,"item_purchase_floors":[7,7,25,25,25,41,41],"current_hp_per_floor":[74,79,79,79,78,78,78,78,78,64,64,56,56,56,56,46,80,62,41,41,33,32,41,19,19,26,64,52,64,64,40,52,40,87,87,87,71,71,71,86,86,87,87,87,87,87,87,84,87,72],"gold":128,"neow_bonus":"ONE_RANDOM_RARE_CARD","is_prod":false,"is_daily":false,"chose_seed":false,"campfire_upgraded":11,"win_rate":0,"timestamp":1541195890,"path_taken":["M","?","M","?","M","R","$","?","T","E","R","M","R","M","R","BOSS","M","M","$","?","M","R","E","$","T","R","?","R","?","M","R","BOSS","M","$","M","?","M","R","?","R","T","R","?","M","?","M","R","BOSS"],"build_version":"2018-11-01","purchased_purges":2,"victory":true,"max_hp_per_floor":[75,80,80,80,80,80,80,80,80,80,80,80,80,80,80,80,80,80,80,80,80,80,80,80,80,87,87,87,87,87,87,87,87,87,87,87,87,87,87,87,87,87,87,87,87,87,87,87,87,87],"card_choices":[{"not_picked":["Compile Driver","Fusion"],"picked":"Go for the Eyes","floor":1.0},{"not_picked":["Self Repair","Fusion","Stack"],"picked":"SKIP","floor":3.0},{"not_picked":["Heatsinks","Coolheaded"],"picked":"Ball Lightning","floor":5.0},{"not_picked":["Rip and Tear","Ball Lightning","Leap"],"picked":"SKIP","floor":10.0},{"not_picked":["Chaos","Reprogram","Coolheaded"],"picked":"SKIP","floor":12.0},{"not_picked":["Hologram","Streamline","Go for the Eyes"],"picked":"SKIP","floor":14.0},{"not_picked":["Creative AI","All For One"],"picked":"Buffer","floor":16.0},{"not_picked":["Blizzard","Sweeping Beam","Redo"],"picked":"SKIP","floor":18.0},{"not_picked":["Leap","Darkness+1"],"picked":"Undo","floor":19.0},{"not_picked":["Rebound+1","Gash+1"],"picked":"Coolheaded","floor":22.0},{"not_picked":["Darkness+1","Sunder","Lockon"],"picked":"SKIP","floor":24.0},{"not_picked":["Gash","Go for the Eyes","Stack+1"],"picked":"SKIP","floor":28.0},{"not_picked":["Hello World","Darkness+1"],"picked":"Conserve Battery+1","floor":31.0},{"not_picked":["Machine Learning","Buffer"],"picked":"Thunder Strike","floor":33.0},{"not_picked":["Steam+1","Leap+1"],"picked":"Glacier+1","floor":34.0},{"not_picked":["Sunder","Recycle+1"],"picked":"White Noise+1","floor":34.0},{"not_picked":["Streamline","Scrape"],"picked":"Chill+1","floor":34.0},{"not_picked":["Electrodynamics","Genetic Algorithm+1"],"picked":"Defragment+1","floor":35.0},{"not_picked":["Stack+1","FTL","Scrape"],"picked":"SKIP","floor":37.0},{"not_picked":["Skim+1","Reprogram+1","Ball Lightning+1"],"picked":"SKIP","floor":39.0},{"not_picked":["Conserve Battery+1","Lockon","Stack+1"],"picked":"SKIP","floor":46.0},{"not_picked":["Glacier+1","Recycle+1"],"picked":"Chaos+1","floor":48}],"player_experience":754948,"relics_obtained":[{"floor":9.0,"key":"Orichalcum"},{"floor":10.0,"key":"Torii"},{"floor":24.0,"key":"Toxic Egg 2"},{"floor":26.0,"key":"Strawberry"},{"floor":43.0,"key":"Frozen Egg 2"},{"floor":47.0,"key":"Cables"}],"event_choices":[{"damage_healed":0.0,"max_hp_gain":5.0,"max_hp_loss":0.0,"gold_gain":0.0,"event_name":"Big Fish","player_choice":"Donut","floor":2.0,"gold_loss":0.0,"damage_taken":0.0},{"damage_healed":0.0,"max_hp_gain":0.0,"max_hp_loss":0.0,"gold_gain":175.0,"event_name":"Liars Game","player_choice":"AGREE","floor":4.0,"gold_loss":0.0,"damage_taken":0.0,"cards_obtained":["Doubt"]},{"damage_healed":0.0,"max_hp_gain":0.0,"max_hp_loss":0.0,"gold_gain":0.0,"event_name":"Match and Keep!","player_choice":"0 cards matched","floor":8.0,"gold_loss":0.0,"damage_taken":0.0,"cards_obtained":[]},{"damage_healed":0.0,"max_hp_gain":0.0,"max_hp_loss":0.0,"gold_gain":0.0,"event_name":"Knowing Skull","player_choice":"","floor":21.0,"potions_obtained":[],"gold_loss":0.0,"damage_taken":8.0,"cards_obtained":[]},{"damage_healed":0.0,"max_hp_gain":0.0,"max_hp_loss":0.0,"gold_gain":0.0,"cards_transformed":["Strike_B"],"event_name":"Transmorgrifier","player_choice":"Transformed","floor":38.0,"gold_loss":0.0,"damage_taken":0.0,"cards_obtained":["Reboot"]},{"cards_removed":["Defend_B"],"damage_healed":0.0,"max_hp_gain":0.0,"max_hp_loss":0.0,"gold_gain":0.0,"event_name":"Falling","player_choice":"Removed Skill","floor":45.0,"gold_loss":0.0,"damage_taken":0.0}],"is_beta":false,"boss_relics":[{"not_picked":["Lizard Tail","Busted Crown"],"picked":"Eternal Feather"},{"not_picked":["Tiny House","Black Star"],"picked":"Orrery"}],"items_purged_floors":[7,36],"is_endless":false,"potions_floor_spawned":[3,10,12,19,28,33,35,37,39],"ascension_level":0}