{"gold_per_floor":[116,94,114,189,189,189,218,20,45,45,60,60,72,72,72,177,177,194,205,215,234,251,251,262,150,218,233,251,149,248,264,264,264],"floor_reached":33,"playtime":1147,"items_purged":[],"score":251,"play_id":"c595179b-7573-49ae-a2dd-7e8975933237","local_time":"20190120222439","is_ascension_mode":false,"campfire_choices":[{"data":"Zap","floor":6,"key":"SMITH"},{"data":"Coolheaded","floor":10,"key":"SMITH"},{"data":"Strike_B","floor":12,"key":"SMITH"},{"data":"Defend_B","floor":15,"key":"SMITH"},{"data":"Ball Lightning","floor":23,"key":"SMITH"},{"floor":32,"key":"REST"}],"neow_cost":"NONE","seed_source_timestamp":2342122764816975,"circlet_count":0,"master_deck":["Strike_B+1","Strike_B+1","Strike_B","Defend_B+1","Defend_B","Defend_B","Zap+1","Dualcast+1","Coolheaded+1","Chill+1","Apotheosis+1","Leap+1","Undo+1","Reboot+1","Tempest+1","Ball Lightning+1","Ball Lightning+1","Chaos+1","Blizzard","White Noise+1","Conserve Battery+1","Chill+1"],"relics":["Cracked Core","Strawberry","Toxic Egg 2","Centennial Puzzle","Empty Cage","The Courier"],"potions_floor_usage":[21],"damage_taken":[{"damage":2,"enemies":"Small Slimes","floor":1,"turns":3},{"damage":0,"enemies":"Jaw Worm","floor":3,"turns":4},{"damage":23,"enemies":"Gremlin Nob","floor":7,"turns":4},{"damage":0,"enemies":"Cultist","floor":11,"turns":4},{"damage":0,"enemies":"Large Slime","floor":13,"turns":5},{"damage":40,"enemies":"Slime Boss","floor":16,"turns":13},{"damage":1,"enemies":"Spheric Guardian","floor":18,"turns":4},{"damage":0,"enemies":"Shell Parasite","floor":19,"turns":6},{"damage":6,"enemies":"Shelled Parasite and Fungi","floor":20,"turns":8},{"damage":4,"enemies":"Centurion and Healer","floor":21,"turns":10},{"damage":0,"enemies":"Snecko","floor":22,"turns":5},{"damage":4,"enemies":"Cultist and Chosen","floor":24,"turns":5},{"damage":10,"enemies":"Centurion and Healer","floor":27,"turns":4},{"damage":0,"enemies":"Shelled Parasite and Fungi","floor":28,"turns":6},{"damage":18,"enemies":"Snecko","floor":31,"turns":6},{"damage":0,"enemies":"Champ","floor":33,"turns":2}],"seed_played":"-8320130947691533194","potions_obtained":[{"floor":7,"key":"Fire Potion"},{"floor":19,"key":"Strength Potion"},{"floor":21,"key":"Energy Potion"},{"floor":24,"key":"PowerPotion"}],"is_trial":false,"path_per_floor":["M","$","M","?","?","R","E","$","T","R","M","R","M","?","R","B",null,"M","M","M","M","M","R","M","$","T","M","M","$","?","M","R","B"],"character_chosen":"DEFECT","items_purchased":["Coolheaded","Apotheosis+1","Leap+1","Blizzard","White Noise+1","Conserve Battery+1","Chill+1"],"campfire_rested":1,"item_purchase_floors":[2,8,8,25,25,29,29],"current_hp_per_floor":[80,80,80,69,69,69,46,46,46,46,46,46,46,46,46,6,82,81,81,75,71,71,71,67,67,67,57,57,57,57,39,63,63],"gold":264,"neow_bonus":"RANDOM_COMMON_RELIC","is_prod":false,"is_daily":false,"chose_seed":false,"campfire_upgraded":5,"win_rate":0,"timestamp":1548023079,"path_taken":["M","$","M","?","?","R","E","$","T","R","M","R","M","?","R","BOSS","M","M","?","M","M","R","M","$","T","M","M","$","?","M","R","BOSS"],"build_version":"2019-01-17v2","purchased_purges":0,"victory":false,"max_hp_per_floor":[82,82,82,82,82,82,82,82,82,82,82,82,82,82,82,82,82,82,82,82,82,82,82,82,82,82,82,82,82,82,82,82,82],"card_choices":[{"not_picked":["Redo","Loop","Double Energy"],"picked":"SKIP","floor":1},{"not_picked":["Coolheaded","Gash","Self Repair"],"picked":"SKIP","floor":3},{"not_picked":["Static Discharge","Go for the Eyes"],"picked":"Chill","floor":7},{"not_picked":["Cold Snap","Leap+1","Barrage"],"picked":"SKIP","floor":11},{"not_picked":["Compile Driver","Consume+1"],"picked":"Undo+1","floor":13},{"not_picked":["Thunder Strike","Hyperbeam"],"picked":"Reboot+1","floor":16},{"not_picked":["Sweeping Beam","Go for the Eyes"],"picked":"Tempest+1","floor":18},{"not_picked":["Gash+1","Streamline+1","Barrage"],"picked":"SKIP","floor":19},{"not_picked":["Fusion+1","Redo+1","Go for the Eyes"],"picked":"SKIP","floor":20},{"not_picked":["Auto Shields+1","Streamline+1"],"picked":"Ball Lightning","floor":21},{"not_picked":["Streamline","Go for the Eyes"],"picked":"Ball Lightning+1","floor":22},{"not_picked":["Streamline","Biased Cognition"],"picked":"Chaos+1","floor":24},{"not_picked":["Doom and Gloom","Recycle+1","Undo+1"],"picked":"SKIP","floor":27},{"not_picked":["Turbo+1","Beam Cell","Tempest+1"],"picked":"SKIP","floor":28},{"not_picked":["Barrage","Beam Cell+1","Steam Power+1"],"picked":"SKIP","floor":31}],"player_experience":984111,"relics_obtained":[{"floor":7,"key":"Toxic Egg 2"},{"floor":9,"key":"Centennial Puzzle"},{"floor":26,"key":"The Courier"}],"event_choices":[{"damage_healed":0,"gold_gain":75,"player_choice":"Gather Gold","damage_taken":11,"max_hp_gain":0,"max_hp_loss":0,"event_name":"World of Goop","floor":4,"gold_loss":0},{"damage_healed":0,"gold_gain":0,"player_choice":"Grow","damage_taken":0,"max_hp_gain":0,"max_hp_loss":0,"event_name":"Living Wall","floor":5,"gold_loss":0,"cards_upgraded":["Dualcast"]},{"damage_healed":0,"gold_gain":0,"player_choice":"Upgraded","damage_taken":0,"max_hp_gain":0,"max_hp_loss":0,"event_name":"Upgrade Shrine","floor":14,"gold_loss":0,"cards_upgraded":["Strike_B"]},{"damage_healed":0,"gold_gain":99,"player_choice":"Stole From Cult","damage_taken":0,"max_hp_gain":0,"max_hp_loss":0,"event_name":"Nest","floor":30,"gold_loss":0}],"is_beta":false,"boss_relics":[{"not_picked":["Tiny House","Busted Crown"],"picked":"Empty Cage"}],"items_purged_floors":[],"is_endless":false,"potions_floor_spawned":[7,19,21,24,31],"killed_by":"Champ","ascension_level":0}