{"gold_per_floor":[109,121,136,153,164,164,196,196,196,221,0,0,10,30,30,109,109,119,119,119,139,139,139,166,185,209,209],"floor_reached":27,"playtime":1594,"items_purged":[],"score":450,"play_id":"7f6ed472-69e3-4fdb-ae44-ef2b21f15c32","local_time":"20181228235554","is_ascension_mode":true,"campfire_choices":[{"floor":6,"key":"REST"},{"floor":8,"key":"REST"},{"floor":15,"key":"REST"},{"floor":23,"key":"REST"}],"neow_cost":"NONE","seed_source_timestamp":998877165544820,"circlet_count":0,"master_deck":["AscendersBane","Defend_G","Defend_G","Defend_G","Defend_G","Defend_G","Strike_G","Strike_G","Strike_G","Survivor","Neutralize","Bouncing Flask","Quick Slash","Noxious Fumes","Backstab","Dash+1","Dagger Throw+1","Outmaneuver","Flying Knee+1","Dodge and Roll","Adrenaline","Distraction+1","RitualDagger+1","Decay","Backflip"],"relics":["Ring of the Snake","Molten Egg 2","Torii","Ice Cream","Snake Skull","Empty Cage","Red Mask","Boot"],"potions_floor_usage":[10,10,16,18],"damage_taken":[{"damage":17,"enemies":"Cultist","floor":1,"turns":6},{"damage":4,"enemies":"Jaw Worm","floor":2,"turns":6},{"damage":1,"enemies":"Small Slimes","floor":3,"turns":5},{"damage":10,"enemies":"2 Fungi Beasts","floor":4,"turns":4},{"damage":9,"enemies":"Blue Slaver","floor":5,"turns":5},{"damage":34,"enemies":"3 Sentries","floor":7,"turns":10},{"damage":11,"enemies":"Lagavulin","floor":10,"turns":5},{"damage":7,"enemies":"Large Slime","floor":13,"turns":4},{"damage":1,"enemies":"2 Fungi Beasts","floor":14,"turns":3},{"damage":8,"enemies":"Hexaghost","floor":16,"turns":8},{"damage":17,"enemies":"Shell Parasite","floor":18,"turns":5},{"damage":31,"enemies":"Chosen","floor":21,"turns":4},{"damage":0,"enemies":"Masked Bandits","floor":24,"turns":2},{"damage":13,"enemies":"Shelled Parasite and Fungi","floor":25,"turns":8},{"damage":15,"enemies":"Snecko","floor":27,"turns":3}],"seed_played":"-942932850459180053","potions_obtained":[{"floor":1,"key":"AttackPotion"},{"floor":4,"key":"Energy Potion"},{"floor":13,"key":"EssenceOfSteel"},{"floor":14,"key":"Dexterity Potion"},{"floor":16,"key":"Energy Potion"}],"is_trial":false,"path_per_floor":["M","M","M","M","M","R","E","R","T","E","$","?","M","M","R","B",null,"M","?","?","M","?","R","?","M","T","M"],"character_chosen":"THE_SILENT","items_purchased":["Snake Skull","Outmaneuver"],"campfire_rested":4,"item_purchase_floors":[11,11],"current_hp_per_floor":[48,44,43,33,24,45,11,32,32,21,21,21,14,13,34,26,61,44,44,38,7,7,28,28,15,15,0],"gold":209,"neow_bonus":"TEN_PERCENT_HP_BONUS","is_prod":false,"is_daily":false,"chose_seed":false,"campfire_upgraded":0,"win_rate":0,"timestamp":1546070154,"path_taken":["M","M","M","?","M","R","E","R","T","E","?","?","M","M","R","BOSS","M","?","?","M","?","R","?","M","T","?"],"build_version":"2018-12-20","purchased_purges":0,"victory":false,"max_hp_per_floor":[72,72,72,72,72,72,72,72,72,72,72,72,72,72,72,72,72,72,72,72,72,72,72,72,72,72,72],"card_choices":[{"not_picked":["Deflect","Footwork"],"picked":"Bouncing Flask","floor":1},{"not_picked":["Predator","Outmaneuver"],"picked":"Quick Slash","floor":2},{"not_picked":["Quick Slash","Bane"],"picked":"Noxious Fumes","floor":3},{"not_picked":["Dagger Spray","Bane"],"picked":"Backstab","floor":4},{"not_picked":["Prepared","Blur","Acrobatics"],"picked":"SKIP","floor":5},{"not_picked":["Escape Plan","Quick Slash"],"picked":"Dash","floor":7},{"not_picked":["Bane+1","Blur"],"picked":"Dagger Throw+1","floor":10},{"not_picked":["Outmaneuver","Acrobatics"],"picked":"Flying Knee+1","floor":13},{"not_picked":["Caltrops","Reflex"],"picked":"Dodge and Roll","floor":14},{"not_picked":["Unload+1","Phantasmal Killer"],"picked":"Adrenaline","floor":16},{"not_picked":["Dagger Throw+1","Underhanded Strike+1"],"picked":"Distraction+1","floor":18},{"not_picked":["Underhanded Strike+1","Predator+1","Endless Agony+1"],"picked":"SKIP","floor":21},{"not_picked":["Acrobatics","Bouncing Flask"],"picked":"Backflip","floor":25}],"player_experience":253050,"relics_obtained":[{"floor":7,"key":"Molten Egg 2"},{"floor":9,"key":"Torii"},{"floor":10,"key":"Ice Cream"},{"floor":24,"key":"Red Mask"},{"floor":26,"key":"Boot"}],"event_choices":[{"damage_healed":0,"gold_gain":0,"player_choice":"Leave","damage_taken":0,"max_hp_gain":0,"max_hp_loss":0,"event_name":"The Cleric","floor":12,"gold_loss":0},{"damage_healed":0,"gold_gain":0,"player_choice":"Ignored","damage_taken":0,"max_hp_gain":0,"max_hp_loss":0,"event_name":"Vampires","floor":19,"gold_loss":0},{"damage_healed":0,"gold_gain":0,"player_choice":"Joined the Cult","damage_taken":6,"max_hp_gain":0,"max_hp_loss":0,"event_name":"Nest","floor":20,"gold_loss":0,"cards_obtained":["RitualDagger"]},{"damage_healed":0,"gold_gain":0,"player_choice":"Smashed Altar","damage_taken":0,"max_hp_gain":0,"max_hp_loss":0,"event_name":"Forgotten Altar","floor":22,"gold_loss":0,"cards_obtained":["Decay"]},{"damage_healed":0,"gold_gain":0,"player_choice":"Fought Bandits","damage_taken":0,"max_hp_gain":0,"max_hp_loss":0,"event_name":"Masked Bandits","floor":24,"gold_loss":0}],"is_beta":false,"boss_relics":[{"not_picked":["Coffee Dripper","HoveringKite"],"picked":"Empty Cage"}],"items_purged_floors":[],"is_endless":false,"potions_floor_spawned":[1,4,13,14,16],"killed_by":"Snecko","ascension_level":20}