{"gold_per_floor":[109,128,278,50,63,63,94,169,196,213,213,243,254,270,270,341,341,356,373,373,3,17,51,51,65,89,101,134,148,178,197,197,274,274,289,336,346,346,346,346,376,411,411,446,446,446,71,0,0,0,0,0,0,28,28],"floor_reached":55,"playtime":4417,"items_purged":["Doubt"],"score":1469,"play_id":"c290374a-c085-4902-8411-9c9d63dbae59","local_time":"20190202235753","is_ascension_mode":true,"campfire_choices":[{"data":"Sunder","floor":6,"key":"SMITH"},{"data":"Static Discharge","floor":11,"key":"SMITH"},{"floor":15,"key":"REST"},{"data":"Biased Cognition","floor":24,"key":"SMITH"},{"floor":32,"key":"REST"},{"data":"Coolheaded","floor":40,"key":"SMITH"},{"floor":45,"key":"RECALL"},{"data":"Defragment","floor":46,"key":"SMITH"},{"data":"Defragment","floor":49,"key":"SMITH"},{"data":"Thunder Strike","floor":52,"key":"SMITH"}],"neow_cost":"NONE","seed_source_timestamp":114131813613869,"circlet_count":0,"master_deck":["AscendersBane","Strike_B","Strike_B+1","Strike_B","Strike_B","Defend_B","Defend_B","Defend_B","Defend_B","Zap+1","Dualcast","Sunder+1","Cold Snap","Static Discharge+1","Biased Cognition+1","Conserve Battery","Thunder Strike+1","Glacier","Coolheaded+1","Self Repair","Doom and Gloom+1","Compile Driver","Capacitor","Machine Learning","Cold Snap","Meteor Strike","Leap+1","Skim+1","Defragment+1","Defragment+1","BootSequence"],"relics":["Cracked Core","Omamori","Pen Nib","Centennial Puzzle","Vajra","Snecko Eye","Mummified Hand","Nunchaku","Oddly Smooth Stone","Calipers","PreservedInsect","Black Star","WingedGreaves","Question Card","Boot","Dream Catcher","Gremlin Horn","Juzu Bracelet","Bag of Marbles","Incense Burner","Red Mask","Strawberry","Whetstone"],"potions_floor_usage":[7,12,12,23,29,33,35,41,42,42],"damage_taken":[{"damage":1,"enemies":"2 Louse","floor":1,"turns":2},{"damage":0,"enemies":"Small Slimes","floor":2,"turns":2},{"damage":4,"enemies":"Jaw Worm","floor":5,"turns":3},{"damage":8,"enemies":"Gremlin Nob","floor":7,"turns":3},{"damage":2,"enemies":"3 Louse","floor":10,"turns":3},{"damage":13,"enemies":"Lagavulin","floor":12,"turns":5},{"damage":0,"enemies":"Large Slime","floor":13,"turns":3},{"damage":2,"enemies":"Red Slaver","floor":14,"turns":2},{"damage":12,"enemies":"Hexaghost","floor":16,"turns":7},{"damage":10,"enemies":"Shell Parasite","floor":18,"turns":2},{"damage":11,"enemies":"2 Thieves","floor":19,"turns":4},{"damage":14,"enemies":"Shelled Parasite and Fungi","floor":22,"turns":6},{"damage":1,"enemies":"Slavers","floor":23,"turns":4},{"damage":0,"enemies":"3 Cultists","floor":25,"turns":4},{"damage":0,"enemies":"Snecko","floor":27,"turns":4},{"damage":16,"enemies":"Book of Stabbing","floor":28,"turns":4},{"damage":42,"enemies":"Snake Plant","floor":29,"turns":6},{"damage":0,"enemies":"Gremlin Leader","floor":30,"turns":5},{"damage":0,"enemies":"Chosen and Byrds","floor":31,"turns":4},{"damage":27,"enemies":"Automaton","floor":33,"turns":10},{"damage":0,"enemies":"3 Darklings","floor":35,"turns":5},{"damage":24,"enemies":"2 Orb Walkers","floor":36,"turns":4},{"damage":0,"enemies":"3 Shapes","floor":37,"turns":4},{"damage":10,"enemies":"Nemesis","floor":41,"turns":5},{"damage":22,"enemies":"Reptomancer","floor":42,"turns":7},{"damage":0,"enemies":"Giant Head","floor":44,"turns":7},{"damage":6,"enemies":"Donu and Deca","floor":50,"turns":11},{"damage":45,"enemies":"Shield and Spear","floor":54,"turns":6},{"damage":49,"enemies":"The Heart","floor":55,"turns":2}],"seed_played":"-3483240954563352633","potions_obtained":[{"floor":2,"key":"FearPotion"},{"floor":7,"key":"Energy Potion"},{"floor":10,"key":"SkillPotion"},{"floor":12,"key":"SmokeBomb"},{"floor":23,"key":"SteroidPotion"},{"floor":28,"key":"Regen Potion"},{"floor":29,"key":"Dexterity Potion"},{"floor":33,"key":"SteroidPotion"},{"floor":35,"key":"GamblersBrew"},{"floor":41,"key":"AttackPotion"}],"is_trial":false,"path_per_floor":["M","M","?","$","M","R","E","?","T","M","R","E","M","M","R","B",null,"M","M","?","$","M","E","R","M","T","M","E","M","E","M","R","B",null,"M","?","M","?","?","R","E","E","T","E","R","R","$","?","R","B",null,"R","$","E","B"],"character_chosen":"DEFECT","items_purchased":["Omamori","Mummified Hand","Self Repair","Swift Potion","Incense Burner","Ancient Potion"],"campfire_rested":2,"item_purchase_floors":[4,21,21,21,47,47],"current_hp_per_floor":[63,63,63,63,59,59,51,40,40,38,38,25,25,23,44,32,61,51,40,40,40,33,39,39,46,46,53,44,23,30,30,51,31,61,68,44,51,65,65,65,62,47,47,54,54,54,54,54,54,55,67,67,67,36,0],"gold":28,"neow_bonus":"UPGRADE_CARD","is_prod":false,"is_daily":false,"chose_seed":false,"campfire_upgraded":7,"win_rate":0,"timestamp":1549180673,"path_taken":["M","M","?","$","M","R","E","?","T","M","R","E","M","M","R","BOSS","M","M","?","$","M","E","R","M","T","M","E","M","E","M","R","BOSS","M","?","M","?","?","R","E","E","T","E","R","R","$","?","R","BOSS","R","$","E","BOSS"],"build_version":"2019-01-23","purchased_purges":1,"victory":false,"max_hp_per_floor":[71,71,71,71,71,71,71,71,71,71,71,71,71,71,71,71,71,71,71,71,71,71,71,71,71,71,71,71,71,71,71,71,71,71,71,71,71,71,71,71,71,71,71,71,71,71,71,71,71,71,71,71,71,78,78],"card_choices":[{"not_picked":["Turbo","Heatsinks","Streamline"],"picked":"SKIP","floor":1},{"not_picked":["Fusion","Conserve Battery"],"picked":"Sunder","floor":2},{"not_picked":["Recycle","Undo"],"picked":"Cold Snap","floor":5},{"not_picked":["Streamline","Beam Cell","Compile Driver"],"picked":"SKIP","floor":7},{"not_picked":["Barrage","Conserve Battery"],"picked":"Static Discharge","floor":10},{"not_picked":["Rip and Tear","Hyperbeam"],"picked":"Biased Cognition","floor":12},{"not_picked":["Stack","Tempest"],"picked":"Conserve Battery","floor":13},{"not_picked":["Heatsinks","Auto Shields","Compile Driver"],"picked":"SKIP","floor":14},{"not_picked":["Biased Cognition","Fission"],"picked":"Thunder Strike","floor":16},{"not_picked":["BootSequence","Turbo"],"picked":"Glacier","floor":18},{"not_picked":["Steam","Compile Driver+1"],"picked":"Coolheaded","floor":19},{"not_picked":["Stack","Double Energy"],"picked":"Doom and Gloom","floor":22},{"not_picked":["Sweeping Beam","Hologram"],"picked":"Compile Driver","floor":23},{"not_picked":["Steam+1","Go for the Eyes"],"picked":"Capacitor","floor":25},{"not_picked":["Stack","Go for the Eyes","Steam"],"picked":"SKIP","floor":27},{"not_picked":["Reboot","Chill+1"],"picked":"Machine Learning","floor":28},{"not_picked":["Gash","Turbo"],"picked":"Cold Snap","floor":29},{"not_picked":["Undo","Gash","Chaos"],"picked":"SKIP","floor":30},{"not_picked":["Double Energy","FTL+1"],"picked":"Doom and Gloom","floor":31},{"not_picked":["Fission","Buffer"],"picked":"Meteor Strike","floor":33},{"not_picked":["Compile Driver","Barrage"],"picked":"Leap+1","floor":35},{"not_picked":["Turbo","Reprogram"],"picked":"Skim+1","floor":36},{"not_picked":["Stack","Steam","Gash+1"],"picked":"SKIP","floor":37},{"not_picked":["Ball Lightning","Streamline+1","Cold Snap+1"],"picked":"SKIP","floor":41},{"not_picked":["Go for the Eyes","Barrage","Storm"],"picked":"Defragment","floor":42},{"not_picked":["Hello World","Compile Driver","Ball Lightning+1"],"picked":"Defragment","floor":44},{"not_picked":["Sunder","Rip and Tear","Doom and Gloom"],"picked":"BootSequence","floor":54}],"player_experience":481225,"relics_obtained":[{"floor":7,"key":"Pen Nib"},{"floor":9,"key":"Centennial Puzzle"},{"floor":12,"key":"Vajra"},{"floor":23,"key":"Nunchaku"},{"floor":26,"key":"Oddly Smooth Stone"},{"floor":28,"key":"Calipers"},{"floor":30,"key":"PreservedInsect"},{"floor":36,"key":"WingedGreaves"},{"floor":41,"key":"Question Card"},{"floor":41,"key":"Boot"},{"floor":42,"key":"Dream Catcher"},{"floor":42,"key":"Gremlin Horn"},{"floor":44,"key":"Juzu Bracelet"},{"floor":44,"key":"Bag of Marbles"},{"floor":54,"key":"Strawberry"},{"floor":54,"key":"Whetstone"}],"event_choices":[{"damage_healed":0,"gold_gain":150,"player_choice":"AGREE","damage_taken":0,"max_hp_gain":0,"max_hp_loss":0,"event_name":"Liars Game","floor":3,"gold_loss":0,"cards_obtained":["Doubt"]},{"damage_healed":0,"gold_gain":75,"player_choice":"Gather Gold","damage_taken":11,"max_hp_gain":0,"max_hp_loss":0,"event_name":"World of Goop","floor":8,"gold_loss":0},{"damage_healed":0,"gold_gain":0,"player_choice":"Ignored","damage_taken":0,"max_hp_gain":0,"max_hp_loss":0,"event_name":"Vampires","floor":20,"gold_loss":0},{"damage_healed":0,"gold_gain":0,"player_choice":"Fight","damage_taken":0,"max_hp_gain":0,"max_hp_loss":0,"event_name":"Mysterious Sphere","floor":36,"gold_loss":0},{"damage_healed":14,"gold_gain":0,"player_choice":"Writhe","damage_taken":0,"max_hp_gain":0,"max_hp_loss":0,"event_name":"Winding Halls","floor":38,"gold_loss":0,"cards_obtained":["Writhe"]},{"cards_removed":["Doom and Gloom"],"damage_healed":0,"gold_gain":0,"player_choice":"Removed Attack","damage_taken":0,"max_hp_gain":0,"max_hp_loss":0,"event_name":"Falling","floor":39,"gold_loss":0},{"damage_healed":0,"gold_gain":0,"player_choice":"Paid","damage_taken":0,"relics_obtained":["Red Mask"],"max_hp_gain":0,"max_hp_loss":0,"event_name":"Tomb of Lord Red Mask","floor":48,"gold_loss":71}],"is_beta":false,"boss_relics":[{"not_picked":["Runic Pyramid","Lizard Tail"],"picked":"Snecko Eye"},{"not_picked":["Eternal Feather","FrozenCore"],"picked":"Black Star"}],"items_purged_floors":[4],"is_endless":false,"potions_floor_spawned":[2,7,10,12,23,28,29,33,35,37,41],"killed_by":"The Heart","ascension_level":15}