{"gold_per_floor":[112,112,28,48,62,94,94,94,119,130,130],"floor_reached":11,"playtime":437,"items_purged":[],"score":84,"play_id":"6a64476f-9169-4241-a39e-144bc2ea732e","local_time":"20190209232802","is_ascension_mode":true,"campfire_choices":[{"floor":8,"key":"REST"}],"neow_cost":"NONE","seed_source_timestamp":1143759028483141,"circlet_count":0,"master_deck":["Strike_B","Strike_B","Strike_B+1","Defend_B+1","Defend_B","Defend_B+1","Defend_B","Zap+1","Dualcast","Leap","Impatience+1","Steam","Gash","Hologram"],"relics":["Cracked Core","War Paint","Orichalcum"],"potions_floor_usage":[],"damage_taken":[{"damage":4,"enemies":"Jaw Worm","floor":1,"turns":4},{"damage":14,"enemies":"Small Slimes","floor":4,"turns":4},{"damage":1,"enemies":"Cultist","floor":5,"turns":3},{"damage":40,"enemies":"3 Sentries","floor":6,"turns":9},{"damage":11,"enemies":"Exordium Thugs","floor":10,"turns":6},{"damage":0,"enemies":"Lagavulin","floor":11,"turns":1}],"seed_played":"5788902962719267069","potions_obtained":[{"floor":4,"key":"LiquidBronze"},{"floor":6,"key":"PowerPotion"}],"is_trial":false,"path_per_floor":["M","?","$","M","M","E","?","R","T","M","E"],"character_chosen":"DEFECT","items_purchased":["Impatience"],"campfire_rested":1,"item_purchase_floors":[3],"current_hp_per_floor":[71,71,71,57,56,16,1,23,23,12,12],"gold":130,"neow_bonus":"UPGRADE_CARD","is_prod":false,"is_daily":false,"chose_seed":false,"campfire_upgraded":0,"win_rate":0,"timestamp":1549751282,"path_taken":["M","?","$","M","M","E","?","R","T","M","E"],"build_version":"2019-01-23","purchased_purges":0,"victory":false,"max_hp_per_floor":[75,75,75,75,75,75,75,75,75,75,75],"card_choices":[{"not_picked":["Rebound","Steam Power"],"picked":"Leap","floor":1},{"not_picked":["Ball Lightning","Force Field"],"picked":"Steam","floor":4},{"not_picked":["Turbo","Ball Lightning","Sweeping Beam"],"picked":"SKIP","floor":5},{"not_picked":["Darkness","FTL"],"picked":"Gash","floor":6},{"not_picked":["Sweeping Beam","Ball Lightning"],"picked":"Hologram","floor":10}],"player_experience":50747,"relics_obtained":[{"floor":6,"key":"War Paint"},{"floor":9,"key":"Orichalcum"}],"event_choices":[{"cards_removed":["Strike_B"],"damage_healed":0,"gold_gain":0,"player_choice":"Forget","damage_taken":0,"max_hp_gain":0,"max_hp_loss":0,"event_name":"Living Wall","floor":2,"gold_loss":0},{"damage_healed":0,"gold_gain":0,"player_choice":"Entered Light","damage_taken":15,"max_hp_gain":0,"max_hp_loss":0,"event_name":"Shining Light","floor":7,"gold_loss":0,"cards_upgraded":["Defend_B","Strike_B"]}],"is_beta":false,"boss_relics":[],"items_purged_floors":[],"is_endless":false,"potions_floor_spawned":[4,6],"killed_by":"Lagavulin","ascension_level":3}