{"gold_per_floor":[111,186,361,371,471,471,13,24,69,69,82,101,101,126,126,126],"floor_reached":16,"playtime":527,"items_purged":[],"score":100,"play_id":"2e22efcf-ad69-42de-be0a-2db2d737b7f6","local_time":"20190203224541","is_ascension_mode":false,"campfire_choices":[{"data":"Bash","floor":6,"key":"SMITH"},{"data":"Sadistic Nature","floor":10,"key":"SMITH"},{"data":"Clothesline","floor":13,"key":"SMITH"},{"floor":15,"key":"REST"}],"neow_cost":"NONE","seed_source_timestamp":192710381035230,"circlet_count":0,"master_deck":["Strike_R","Strike_R","Strike_R","Strike_R","Strike_R","Defend_R","Defend_R","Defend_R","Defend_R","Bash+1","True Grit","Doubt","Clothesline+1","Sadistic Nature+1","Disarm","Twin Strike","Sentinel","Flame Barrier"],"relics":["Burning Blood","Champion Belt","Oddly Smooth Stone","Juzu Bracelet"],"potions_floor_usage":[16,16,16],"damage_taken":[{"damage":1,"enemies":"Jaw Worm","floor":1,"turns":5},{"damage":7,"enemies":"Small Slimes","floor":4,"turns":4},{"damage":0,"enemies":"Cultist","floor":8,"turns":3},{"damage":11,"enemies":"3 Louse","floor":11,"turns":5},{"damage":28,"enemies":"Gremlin Gang","floor":12,"turns":9},{"damage":38,"enemies":"3 Sentries","floor":14,"turns":10},{"damage":51,"enemies":"Slime Boss","floor":16,"turns":9}],"seed_played":"-3440106958521422014","potions_obtained":[{"floor":4,"key":"EssenceOfSteel"},{"floor":8,"key":"AttackPotion"},{"floor":14,"key":"LiquidBronze"}],"is_trial":false,"path_per_floor":["M","?","?","M","?","R","$","M","T","R","M","M","R","E","R","B"],"character_chosen":"IRONCLAD","items_purchased":["Champion Belt","Sadistic Nature"],"campfire_rested":1,"item_purchase_floors":[7,7],"current_hp_per_floor":[88,77,77,76,76,76,76,82,82,82,77,55,55,23,49,0],"gold":126,"neow_bonus":"TEN_PERCENT_HP_BONUS","is_prod":false,"is_daily":false,"chose_seed":false,"campfire_upgraded":3,"win_rate":0,"timestamp":1549205141,"path_taken":["M","?","?","M","?","R","$","M","T","R","?","M","R","E","R","BOSS"],"build_version":"2019-01-23","purchased_purges":0,"victory":false,"max_hp_per_floor":[88,88,88,88,88,88,88,88,88,88,88,88,88,88,88,88],"card_choices":[{"not_picked":["Clothesline","Infernal Blade"],"picked":"True Grit","floor":1},{"not_picked":["Carnage","Reckless Charge"],"picked":"Clothesline","floor":4},{"not_picked":["Sword Boomerang","Headbutt"],"picked":"Disarm","floor":8},{"not_picked":["Havoc","Seeing Red"],"picked":"Twin Strike","floor":11},{"not_picked":["Anger","Evolve"],"picked":"Sentinel","floor":12},{"not_picked":["Warcry","Seeing Red"],"picked":"Flame Barrier","floor":14}],"player_experience":186927,"relics_obtained":[{"floor":9,"key":"Oddly Smooth Stone"},{"floor":14,"key":"Juzu Bracelet"}],"event_choices":[{"damage_healed":0,"gold_gain":75,"player_choice":"Gather Gold","damage_taken":11,"max_hp_gain":0,"max_hp_loss":0,"event_name":"World of Goop","floor":2,"gold_loss":0},{"damage_healed":0,"gold_gain":175,"player_choice":"AGREE","damage_taken":0,"max_hp_gain":0,"max_hp_loss":0,"event_name":"Liars Game","floor":3,"gold_loss":0,"cards_obtained":["Doubt"]},{"damage_healed":0,"gold_gain":100,"player_choice":"Gold","damage_taken":0,"max_hp_gain":0,"max_hp_loss":0,"event_name":"Wheel of Change","floor":5,"gold_loss":0}],"is_beta":false,"boss_relics":[],"items_purged_floors":[],"is_endless":false,"potions_floor_spawned":[4,8,14],"killed_by":"Slime Boss","ascension_level":0}