{"gold_per_floor":[119,136,154,174,187,187,217,217,241,269,269,269,283,312,312,383,383,399,417,437,437,49,49,80,94,94,104,124,135,61,61,61,61],"floor_reached":33,"playtime":2457,"items_purged":["Strike_G+1"],"score":495,"play_id":"67ff4f0a-d383-4302-ba3a-8cc6f0d08713","local_time":"20181124125918","is_ascension_mode":true,"campfire_choices":[{"data":"Neutralize","floor":6,"key":"SMITH"},{"floor":8,"key":"REST"},{"floor":11,"key":"REST"},{"floor":15,"key":"REST"},{"data":"Burst","floor":23,"key":"SMITH"},{"data":"Footwork","floor":32,"key":"SMITH"}],"neow_cost":"NONE","seed_source_timestamp":336736985474477,"circlet_count":0,"master_deck":["AscendersBane","Defend_G+1","Defend_G+1","Defend_G+1","Defend_G+1","Defend_G+1","Strike_G+1","Strike_G+1","Strike_G+1","Strike_G+1","Survivor","Neutralize+1","Quick Slash","Caltrops","Dagger Spray","PiercingWail","Dagger Spray","Deadly Poison","Blur","Blur","Sucker Punch","Burst+1","Dagger Throw+1","Masterful Stab","Catalyst","Leg Sweep","Leg Sweep","Footwork+1"],"relics":["Velvet Choker","WingedGreaves","Juzu Bracelet","Art of War","Blood Vial","Coffee Dripper","Lee\u0027s Waffle","Pear","Molten Egg 2"],"potions_floor_usage":[7,16,19,24,27,33,33],"damage_taken":[{"damage":1,"enemies":"Cultist","floor":1,"turns":4},{"damage":0,"enemies":"Small Slimes","floor":2,"turns":3},{"damage":2,"enemies":"Jaw Worm","floor":3,"turns":3},{"damage":0,"enemies":"2 Fungi Beasts","floor":4,"turns":3},{"damage":7,"enemies":"Blue Slaver","floor":5,"turns":3},{"damage":38,"enemies":"Gremlin Nob","floor":7,"turns":5},{"damage":19,"enemies":"Lagavulin","floor":10,"turns":8},{"damage":3,"enemies":"Exordium Thugs","floor":13,"turns":6},{"damage":15,"enemies":"3 Sentries","floor":14,"turns":6},{"damage":22,"enemies":"Slime Boss","floor":16,"turns":15},{"damage":16,"enemies":"Spheric Guardian","floor":18,"turns":6},{"damage":9,"enemies":"Chosen","floor":19,"turns":6},{"damage":18,"enemies":"Centurion and Healer","floor":20,"turns":12},{"damage":8,"enemies":"Book of Stabbing","floor":24,"turns":7},{"damage":13,"enemies":"Sentry and Sphere","floor":25,"turns":8},{"damage":0,"enemies":"3 Cultists","floor":27,"turns":6},{"damage":13,"enemies":"Shelled Parasite and Fungi","floor":28,"turns":8},{"damage":6,"enemies":"Cultist and Chosen","floor":29,"turns":8},{"damage":15,"enemies":"Colosseum Slavers","floor":31,"turns":5},{"damage":40,"enemies":"Champ","floor":33,"turns":12}],"seed_played":"-6266777281016267662","potions_obtained":[{"floor":2,"key":"PowerPotion"},{"floor":5,"key":"SpeedPotion"},{"floor":13,"key":"Weak Potion"},{"floor":16,"key":"GamblersBrew"},{"floor":20,"key":"Dexterity Potion"},{"floor":25,"key":"AttackPotion"},{"floor":27,"key":"EntropicBrew"},{"floor":28,"key":"EssenceOfSteel"}],"is_trial":false,"path_per_floor":["M","M","M","M","M","R","E","R","T","E","R","?","M","E","R","B",null,"M","M","M","?","$","R","E","M","T","M","M","M","$","?","R","B"],"character_chosen":"THE_SILENT","items_purchased":["Lee\u0027s Waffle","Catalyst","Leg Sweep","Footwork"],"campfire_rested":3,"item_purchase_floors":[22,22,22,30],"current_hp_per_floor":[58,58,56,56,49,49,11,30,30,11,30,30,27,12,31,11,52,38,31,15,15,73,73,75,64,64,66,55,51,51,38,38,0],"gold":61,"neow_bonus":"BOSS_RELIC","is_prod":false,"is_daily":false,"chose_seed":false,"campfire_upgraded":3,"win_rate":0,"timestamp":1543093158,"path_taken":["M","M","M","?","M","R","E","R","T","E","R","?","M","E","R","BOSS","M","M","M","?","$","R","E","M","T","M","M","M","$","?","R","BOSS"],"build_version":"2018-11-15","purchased_purges":1,"victory":false,"max_hp_per_floor":[66,66,66,66,66,66,66,66,66,66,66,66,66,66,66,66,66,66,66,66,66,73,73,83,83,83,83,83,83,83,83,83,83],"card_choices":[{"not_picked":["Prepared","Eviscerate"],"picked":"Quick Slash","floor":1},{"not_picked":["Flying Knee","Poisoned Stab"],"picked":"Caltrops","floor":2},{"not_picked":["Quick Slash","Dodge and Roll"],"picked":"Dagger Spray","floor":3},{"not_picked":["Quick Slash","Poisoned Stab"],"picked":"PiercingWail","floor":4},{"not_picked":["Acrobatics","Accuracy"],"picked":"Dagger Spray","floor":5},{"not_picked":["Endless Agony","Cloak And Dagger"],"picked":"Deadly Poison","floor":7},{"not_picked":["Riddle With Holes","Storm of Steel"],"picked":"Blur","floor":10},{"not_picked":["Outmaneuver","Setup"],"picked":"Blur","floor":13},{"not_picked":["Dodge and Roll","Underhanded Strike"],"picked":"Sucker Punch","floor":14},{"not_picked":["Venomology","Die Die Die"],"picked":"Burst","floor":16},{"not_picked":["Choke","Flechettes","Blade Dance"],"picked":"SKIP","floor":18},{"not_picked":["Blade Dance","Predator"],"picked":"Dagger Throw+1","floor":19},{"not_picked":["Accuracy","Backflip"],"picked":"Masterful Stab","floor":20},{"not_picked":["Eviscerate","Flechettes","Dagger Spray+1"],"picked":"SKIP","floor":24},{"not_picked":["Grand Finale","Dagger Throw","Slice"],"picked":"SKIP","floor":25},{"not_picked":["Prepared+1","Bane+1","Distraction"],"picked":"SKIP","floor":27},{"not_picked":["Caltrops","Quick Slash+1"],"picked":"Leg Sweep","floor":28},{"not_picked":["Calculated Gamble","Outmaneuver","Storm of Steel"],"picked":"SKIP","floor":29}],"player_experience":138270,"relics_obtained":[{"floor":7,"key":"WingedGreaves"},{"floor":9,"key":"Juzu Bracelet"},{"floor":10,"key":"Art of War"},{"floor":14,"key":"Blood Vial"},{"floor":24,"key":"Pear"},{"floor":26,"key":"Molten Egg 2"}],"event_choices":[{"damage_healed":0,"gold_gain":0,"player_choice":"Ignored","damage_taken":0,"max_hp_gain":0,"max_hp_loss":0,"event_name":"Shining Light","floor":12,"gold_loss":0},{"damage_healed":0,"gold_gain":0,"player_choice":"Simplicity","damage_taken":0,"max_hp_gain":0,"max_hp_loss":0,"event_name":"Back to Basics","floor":21,"gold_loss":0,"cards_upgraded":["Defend_G","Defend_G","Defend_G","Defend_G","Defend_G","Strike_G","Strike_G","Strike_G","Strike_G","Strike_G"]},{"damage_healed":0,"gold_gain":0,"player_choice":"Fight","damage_taken":0,"max_hp_gain":0,"max_hp_loss":0,"event_name":"Colosseum","floor":31,"gold_loss":0},{"damage_healed":0,"gold_gain":0,"player_choice":"Fled From Nobs","damage_taken":0,"max_hp_gain":0,"max_hp_loss":0,"event_name":"Colosseum","floor":31,"gold_loss":0}],"is_beta":false,"boss_relics":[{"not_picked":["Calling Bell","Orrery"],"picked":"Coffee Dripper"}],"items_purged_floors":[22],"is_endless":false,"potions_floor_spawned":[2,5,13,16,20,25,27,28],"killed_by":"Champ","ascension_level":14}