{"gold_per_floor":[118,118,129,4,24,24,34,34,57,57,57,72,98,98,98,194,194,210,210,224,68,79,79,79,79,130,130,156,176,176,3,3,106,106,117,192,211,229,229],"floor_reached":39,"playtime":4414,"items_purged":["Strike_B","Strike_B"],"score":424,"play_id":"7ed0063b-ce04-4140-9620-cff4ededea4a","local_time":"20190206090830","is_ascension_mode":false,"campfire_choices":[{"data":"Cold Snap","floor":6,"key":"SMITH"},{"data":"Rip and Tear","floor":8,"key":"SMITH"},{"data":"Coolheaded","floor":10,"key":"SMITH"},{"data":"Zap","floor":15,"key":"SMITH"},{"data":"Defragment","floor":23,"key":"SMITH"},{"data":"Reprogram","floor":25,"key":"SMITH"},{"data":"Electrodynamics","floor":27,"key":"SMITH"},{"data":"Seek","floor":32,"key":"SMITH"}],"neow_cost":"NONE","seed_source_timestamp":78829158363200,"circlet_count":0,"master_deck":["Zap+1","Dualcast","Coolheaded+1","Self Repair","Rip and Tear+1","Glacier","Cold Snap+1","Beam Cell","Skim","All For One","Electrodynamics+1","Glacier","Reprogram+1","Defragment+1","Reprogram+1","FTL+1","Redo","Seek+1","FTL","Creative AI","Amplify","Defragment","Electrodynamics","Multi-Cast","Stack+1","Redo+1"],"relics":["Cracked Core","Regal Pillow","Ancient Tea Set","Philosopher\u0027s Stone","Centennial Puzzle","Dodecahedron","Pandora\u0027s Box"],"potions_floor_usage":[13,33,37,38],"damage_taken":[{"damage":0,"enemies":"2 Louse","floor":1,"turns":5},{"damage":2,"enemies":"Cultist","floor":3,"turns":4},{"damage":5,"enemies":"Small Slimes","floor":5,"turns":4},{"damage":0,"enemies":"2 Fungi Beasts","floor":7,"turns":5},{"damage":8,"enemies":"Red Slaver","floor":12,"turns":4},{"damage":2,"enemies":"Gremlin Nob","floor":13,"turns":3},{"damage":53,"enemies":"Hexaghost","floor":16,"turns":12},{"damage":15,"enemies":"Spheric Guardian","floor":18,"turns":4},{"damage":2,"enemies":"Chosen","floor":20,"turns":5},{"damage":11,"enemies":"Shelled Parasite and Fungi","floor":22,"turns":7},{"damage":0,"enemies":"Gremlin Leader","floor":28,"turns":6},{"damage":0,"enemies":"3 Cultists","floor":29,"turns":3},{"damage":27,"enemies":"Collector","floor":33,"turns":11},{"damage":26,"enemies":"3 Shapes","floor":35,"turns":5},{"damage":7,"enemies":"Orb Walker","floor":37,"turns":5},{"damage":51,"enemies":"Writhing Mass","floor":38,"turns":8},{"damage":10,"enemies":"4 Shapes","floor":39,"turns":1}],"seed_played":"-4080850319397925206","potions_obtained":[{"floor":5,"key":"SpeedPotion"},{"floor":13,"key":"Weak Potion"},{"floor":16,"key":"Ancient Potion"},{"floor":20,"key":"SkillPotion"},{"floor":33,"key":"Energy Potion"}],"is_trial":false,"path_per_floor":["M","?","M","$","M","R","M","R","T","R","$","M","E","?","R","B",null,"M","?","M","$","M","R","?","R","T","R","E","M","?","$","R","B",null,"M","?","M","M","M"],"character_chosen":"DEFECT","items_purchased":["Glacier","Fire Potion","Defragment","FTL"],"campfire_rested":0,"item_purchase_floors":[4,4,21,31],"current_hp_per_floor":[75,75,75,75,75,75,75,75,75,75,75,74,75,80,80,34,80,72,72,77,77,73,73,73,73,73,73,80,80,80,80,80,60,80,54,46,53,9,0],"gold":229,"neow_bonus":"TRANSFORM_CARD","is_prod":false,"is_daily":false,"chose_seed":false,"campfire_upgraded":8,"win_rate":0.0,"timestamp":1549440510,"path_taken":["M","?","?","$","M","R","M","R","T","R","$","M","E","?","R","BOSS","M","?","?","?","?","R","?","R","T","R","E","?","?","$","R","BOSS","M","?","M","?","M"],"build_version":"2019-01-23","purchased_purges":2,"victory":false,"max_hp_per_floor":[75,75,75,75,75,75,75,75,75,75,75,75,75,80,80,80,80,80,80,80,80,80,80,80,80,80,80,80,80,80,80,80,80,80,80,80,80,80,80],"card_choices":[{"not_picked":["Redo","Storm"],"picked":"Self Repair","floor":1},{"not_picked":["Capacitor","Ball Lightning"],"picked":"Rip and Tear","floor":3},{"not_picked":["Barrage","Beam Cell"],"picked":"Cold Snap","floor":5},{"not_picked":["Compile Driver","Genetic Algorithm"],"picked":"Beam Cell","floor":7},{"not_picked":["Streamline","Fusion"],"picked":"Skim","floor":12},{"not_picked":["Steam","Go for the Eyes"],"picked":"All For One","floor":13},{"not_picked":["Machine Learning","Seek"],"picked":"Electrodynamics","floor":16},{"not_picked":["Cold Snap","Melter+1"],"picked":"Glacier","floor":18},{"not_picked":["Rebound","Hologram"],"picked":"Reprogram","floor":20},{"not_picked":["Coolheaded","Force Field+1"],"picked":"Reprogram+1","floor":22},{"not_picked":["Gash+1","Hologram"],"picked":"FTL+1","floor":28},{"not_picked":["Beam Cell","Stack"],"picked":"Redo","floor":29},{"not_picked":["Thunder Strike","Seek"],"picked":"Creative AI","floor":33},{"not_picked":["Cold Snap","Storm"],"picked":"Stack+1","floor":35},{"not_picked":["White Noise","Melter","Rebound+1"],"picked":"SKIP","floor":37},{"not_picked":["Cold Snap+1","Lockon+1"],"picked":"Redo+1","floor":38}],"player_experience":429323,"relics_obtained":[{"floor":9,"key":"Regal Pillow"},{"floor":13,"key":"Ancient Tea Set"},{"floor":26,"key":"Centennial Puzzle"},{"floor":28,"key":"Dodecahedron"}],"event_choices":[{"cards_removed":["Strike_B"],"damage_healed":0,"gold_gain":0,"player_choice":"Purged","damage_taken":0,"max_hp_gain":0,"max_hp_loss":0,"event_name":"Purifier","floor":2,"gold_loss":0},{"damage_healed":0,"gold_gain":0,"player_choice":"Donut","damage_taken":0,"max_hp_gain":5,"max_hp_loss":0,"event_name":"Big Fish","floor":14,"gold_loss":0},{"damage_healed":0,"gold_gain":0,"player_choice":"Bought 0 Potions","damage_taken":0,"max_hp_gain":0,"max_hp_loss":0,"event_name":"The Woman in Blue","floor":19,"gold_loss":0},{"damage_healed":0,"gold_gain":0,"player_choice":"Ignored","damage_taken":0,"max_hp_gain":0,"max_hp_loss":0,"event_name":"N\u0027loth","floor":24,"gold_loss":0},{"damage_healed":0,"gold_gain":0,"player_choice":"Read","damage_taken":0,"max_hp_gain":0,"max_hp_loss":0,"event_name":"The Library","floor":30,"gold_loss":0,"cards_obtained":["Seek"]},{"damage_healed":0,"gold_gain":75,"player_choice":"Touch","damage_taken":8,"max_hp_gain":0,"max_hp_loss":0,"event_name":"FaceTrader","floor":36,"gold_loss":0}],"is_beta":false,"boss_relics":[{"not_picked":["Velvet Choker","Ectoplasm"],"picked":"Philosopher\u0027s Stone"},{"not_picked":["Runic Dome","Black Star"],"picked":"Pandora\u0027s Box"}],"items_purged_floors":[21,31],"is_endless":false,"potions_floor_spawned":[5,13,16,20,29,33,35],"killed_by":"4 Shapes","ascension_level":0}