{"gold_per_floor":[119,269,288,136,150,185,185,215,215,227,227,254,282,282,282,359,359,369,388,109,126,139,139,167,167,190,208,208,233,249,276,276,351,351,365,365,378,395,412,412,440,452,531,531,545,545,39,70,70,70,70,70,13,42,42],"floor_reached":56,"playtime":6191,"items_purged":["Doubt"],"score":2169,"play_id":"912aa185-a304-48ef-8055-ee87459f1869","local_time":"20190203134125","is_ascension_mode":true,"campfire_choices":[{"data":"Zap","floor":7,"key":"SMITH"},{"data":"Biased Cognition","floor":11,"key":"SMITH"},{"data":"Defragment","floor":15,"key":"SMITH"},{"data":"Fission","floor":23,"key":"SMITH"},{"data":"Seek","floor":25,"key":"SMITH"},{"data":"Go for the Eyes","floor":32,"key":"SMITH"},{"data":"Turbo","floor":40,"key":"SMITH"},{"floor":49,"key":"RECALL"},{"data":"Coolheaded","floor":52,"key":"SMITH"}],"neow_cost":"NONE","seed_source_timestamp":161755141683691,"circlet_count":0,"master_deck":["AscendersBane","Zap+1","Dualcast","Fission+1","Sweeping Beam","Chill","Defragment+1","Cold Snap+1","Biased Cognition+1","Coolheaded+1","Conserve Battery+1","Undo","Seek+1","Melter","Undo","Hyperbeam","Tempest","Cold Snap","Storm","Storm","Compile Driver+1","Coolheaded+1","Steam+1","Doom and Gloom","Heatsinks+1","Go for the Eyes+1","Leap","Echo Form","Redo+1","Turbo+1","Defragment+1","Amplify","Loop+1","Impatience"],"relics":["Cracked Core","Meat on the Bone","Potion Belt","Letter Opener","Odd Mushroom","Regal Pillow","GremlinMask","Pandora\u0027s Box","Lantern","Art of War","Boot","Du-Vu Doll","Pantograph","Whetstone","Inserter","Sundial","OrangePellets","Bottled Lightning","Ancient Tea Set","War Paint"],"potions_floor_usage":[6,16,19,29,31,38,42,50,50,50,55,55],"damage_taken":[{"damage":6,"enemies":"2 Louse","floor":1,"turns":4},{"damage":8,"enemies":"Jaw Worm","floor":3,"turns":6},{"damage":0,"enemies":"Small Slimes","floor":5,"turns":4},{"damage":19,"enemies":"3 Sentries","floor":6,"turns":7},{"damage":1,"enemies":"Exordium Thugs","floor":10,"turns":5},{"damage":0,"enemies":"The Mushroom Lair","floor":12,"turns":3},{"damage":0,"enemies":"Lagavulin","floor":13,"turns":7},{"damage":32,"enemies":"The Guardian","floor":16,"turns":16},{"damage":11,"enemies":"2 Thieves","floor":18,"turns":5},{"damage":4,"enemies":"3 Byrds","floor":19,"turns":3},{"damage":0,"enemies":"3 Cultists","floor":21,"turns":4},{"damage":0,"enemies":"Shelled Parasite and Fungi","floor":22,"turns":4},{"damage":0,"enemies":"Slavers","floor":24,"turns":4},{"damage":0,"enemies":"Snake Plant","floor":27,"turns":2},{"damage":0,"enemies":"Gremlin Leader","floor":29,"turns":3},{"damage":5,"enemies":"Chosen and Byrds","floor":30,"turns":3},{"damage":2,"enemies":"Book of Stabbing","floor":31,"turns":5},{"damage":36,"enemies":"Champ","floor":33,"turns":13},{"damage":4,"enemies":"3 Darklings","floor":35,"turns":4},{"damage":0,"enemies":"3 Shapes","floor":37,"turns":2},{"damage":0,"enemies":"3 Darklings","floor":38,"turns":4},{"damage":9,"enemies":"4 Shapes","floor":39,"turns":4},{"damage":6,"enemies":"Giant Head","floor":41,"turns":6},{"damage":6,"enemies":"Jaw Worm Horde","floor":42,"turns":3},{"damage":8,"enemies":"Writhing Mass","floor":45,"turns":3},{"damage":1,"enemies":"Nemesis","floor":48,"turns":4},{"damage":35,"enemies":"Awakened One","floor":50,"turns":9},{"damage":27,"enemies":"Shield and Spear","floor":54,"turns":5},{"damage":38,"enemies":"The Heart","floor":55,"turns":7}],"seed_played":"8213060807518837536","potions_obtained":[{"floor":3,"key":"FearPotion"},{"floor":5,"key":"LiquidBronze"},{"floor":13,"key":"Fire Potion"},{"floor":16,"key":"Swift Potion"},{"floor":18,"key":"EssenceOfSteel"},{"floor":21,"key":"Energy Potion"},{"floor":22,"key":"EntropicBrew"},{"floor":29,"key":"SteroidPotion"},{"floor":30,"key":"Regen Potion"},{"floor":33,"key":"Fire Potion"},{"floor":35,"key":"Dexterity Potion"},{"floor":39,"key":"LiquidBronze"},{"floor":42,"key":"Poison Potion"}],"is_trial":false,"path_per_floor":["M","?","M","$","M","E","R","?","T","M","R","?","E","?","R","B",null,"M","M","$","M","M","R","E","R","T","M","?","E","M","E","R","B",null,"M","?","M","M","M","R","E","M","T","?","M","?","$","E","R","B",null,"R","$","E","B",null],"character_chosen":"DEFECT","items_purchased":["Defragment","Lantern","PowerPotion","Steam","OrangePellets","Bottled Lightning","SpeedPotion"],"campfire_rested":0,"item_purchase_floors":[4,20,20,20,47,47,53],"current_hp_per_floor":[58,58,50,50,50,31,31,31,31,42,42,42,42,42,42,22,59,48,44,44,44,44,44,44,44,44,44,44,44,39,37,37,38,63,59,59,59,71,62,62,56,50,50,50,42,32,32,43,43,45,65,65,65,38,37],"gold":42,"neow_bonus":"TRANSFORM_CARD","is_prod":false,"is_daily":false,"chose_seed":false,"campfire_upgraded":8,"win_rate":0,"timestamp":1549230085,"path_taken":["M","?","M","$","M","E","R","?","T","M","R","?","E","?","R","BOSS","M","M","$","M","M","R","E","R","T","M","?","E","?","E","R","BOSS","M","?","M","M","?","R","E","M","T","?","M","?","$","E","R","BOSS","R","$","E","BOSS"],"build_version":"2019-01-23","purchased_purges":1,"victory":true,"max_hp_per_floor":[71,71,71,71,71,71,71,71,71,71,71,71,71,71,71,71,71,71,71,71,71,71,71,71,71,71,71,71,71,71,71,71,71,71,71,71,71,71,71,71,71,71,71,71,71,71,71,71,71,71,71,71,71,71,71],"card_choices":[{"not_picked":["Compile Driver","Streamline"],"picked":"Sweeping Beam","floor":1},{"not_picked":["Stack","Fission"],"picked":"Chill","floor":3},{"not_picked":["Coolheaded","Gash"],"picked":"Cold Snap","floor":5},{"not_picked":["Doom and Gloom","Glacier"],"picked":"Biased Cognition","floor":6},{"not_picked":["Heatsinks","Leap"],"picked":"Coolheaded","floor":10},{"not_picked":["Melter","Streamline"],"picked":"Conserve Battery","floor":12},{"not_picked":["Turbo","Cold Snap"],"picked":"Undo","floor":13},{"not_picked":["Fission","Machine Learning"],"picked":"Seek","floor":16},{"not_picked":["Consume","Scrape"],"picked":"Compile Driver","floor":18},{"not_picked":["Conserve Battery","Chill"],"picked":"Coolheaded+1","floor":19},{"not_picked":["Beam Cell","Stack"],"picked":"Doom and Gloom","floor":21},{"not_picked":["Barrage","Darkness","Hello World"],"picked":"SKIP","floor":22},{"not_picked":["Reboot","Rebound"],"picked":"Gash+1","floor":24},{"not_picked":["Aggregate","Redo"],"picked":"Heatsinks","floor":27},{"not_picked":["Recycle","Darkness","Meteor Strike"],"picked":"SKIP","floor":29},{"not_picked":["Sweeping Beam+1","Compile Driver"],"picked":"Go for the Eyes","floor":30},{"not_picked":["Skim","Self Repair"],"picked":"Leap","floor":31},{"not_picked":["Multi-Cast","Hyperbeam"],"picked":"Echo Form","floor":33},{"not_picked":["Cold Snap","Go for the Eyes"],"picked":"Redo+1","floor":35},{"not_picked":["Rebound","Cold Snap","FTL"],"picked":"SKIP","floor":37},{"not_picked":["Go for the Eyes","Stack"],"picked":"Turbo","floor":38},{"not_picked":["Doom and Gloom","Amplify"],"picked":"Defragment+1","floor":39},{"not_picked":["Gash","Go for the Eyes","Rebound"],"picked":"SKIP","floor":41},{"not_picked":["Compile Driver+1","Cold Snap"],"picked":"Amplify","floor":42},{"not_picked":["Darkness","Steam Power"],"picked":"Loop+1","floor":45},{"not_picked":["Finesse","Swift Strike"],"picked":"Impatience","floor":46},{"not_picked":["Stack","Sweeping Beam","Rebound+1"],"picked":"SKIP","floor":48},{"not_picked":["Streamline","Barrage","Compile Driver+1"],"picked":"SKIP","floor":54}],"player_experience":485642,"relics_obtained":[{"floor":6,"key":"Meat on the Bone"},{"floor":9,"key":"Letter Opener"},{"floor":12,"key":"Odd Mushroom"},{"floor":13,"key":"Regal Pillow"},{"floor":24,"key":"Art of War"},{"floor":26,"key":"Boot"},{"floor":29,"key":"Pantograph"},{"floor":31,"key":"Whetstone"},{"floor":41,"key":"Sundial"},{"floor":48,"key":"Ancient Tea Set"},{"floor":54,"key":"War Paint"}],"event_choices":[{"damage_healed":0,"gold_gain":150,"player_choice":"AGREE","damage_taken":0,"max_hp_gain":0,"max_hp_loss":0,"event_name":"Liars Game","floor":2,"gold_loss":0,"cards_obtained":["Doubt"]},{"damage_healed":0,"gold_gain":30,"player_choice":"Searched \u00272\u0027 times","damage_taken":0,"relics_obtained":["Potion Belt"],"max_hp_gain":0,"max_hp_loss":0,"event_name":"Dead Adventurer","floor":8,"gold_loss":0},{"damage_healed":0,"gold_gain":0,"player_choice":"Fought Mushrooms","damage_taken":0,"max_hp_gain":0,"max_hp_loss":0,"event_name":"Mushrooms","floor":12,"gold_loss":0},{"damage_healed":0,"gold_gain":0,"player_choice":"Trade","damage_taken":0,"relics_obtained":["GremlinMask"],"max_hp_gain":0,"max_hp_loss":0,"event_name":"FaceTrader","floor":14,"gold_loss":0},{"damage_healed":0,"gold_gain":0,"player_choice":"Gave Potion","damage_taken":0,"relics_obtained":["Du-Vu Doll"],"max_hp_gain":0,"max_hp_loss":0,"event_name":"WeMeetAgain","floor":28,"gold_loss":0},{"damage_healed":0,"gold_gain":0,"player_choice":"Forge","damage_taken":0,"max_hp_gain":0,"max_hp_loss":0,"event_name":"Accursed Blacksmith","floor":36,"gold_loss":0,"cards_upgraded":["Heatsinks"]},{"cards_removed":["Gash"],"damage_healed":0,"gold_gain":0,"player_choice":"Removed Attack","damage_taken":0,"max_hp_gain":0,"max_hp_loss":0,"event_name":"Falling","floor":44,"gold_loss":0},{"damage_healed":0,"gold_gain":0,"player_choice":"Memory 3","damage_taken":10,"max_hp_gain":0,"max_hp_loss":0,"event_name":"SensoryStone","floor":46,"gold_loss":0}],"is_beta":false,"boss_relics":[{"not_picked":["Lizard Tail","Runic Dome"],"picked":"Pandora\u0027s Box"},{"not_picked":["Philosopher\u0027s Stone","Empty Cage"],"picked":"Inserter"}],"items_purged_floors":[4],"is_endless":false,"potions_floor_spawned":[3,5,13,16,18,21,22,29,30,33,35,37,39,42],"ascension_level":16}