{"gold_per_floor":[119,269,83,96,107,142,142,167,167,177,197,34,64,64],"floor_reached":14,"playtime":969,"items_purged":["Doubt"],"score":200,"play_id":"59c58b24-73f1-405c-9723-f0e9e0d2503b","local_time":"20181224230932","is_ascension_mode":true,"campfire_choices":[{"data":"Predator","floor":7.0,"key":"SMITH"}],"neow_cost":"NONE","seed_source_timestamp":651050019480636,"circlet_count":0,"master_deck":["AscendersBane","Defend_G","Defend_G","Defend_G","Defend_G","Defend_G","Strike_G","Strike_G","Strike_G","Strike_G","Strike_G","Survivor","Neutralize","Predator+1","Dagger Spray","Leg Sweep","All Out Attack","Bouncing Flask","Deadly Poison"],"special_seed":0,"relics":["Ring of the Snake","Omamori","Paper Crane","Orichalcum","Art of War","Tiny Chest"],"potions_floor_usage":[14,14],"damage_taken":[{"damage":1.0,"enemies":"Small Slimes","floor":1.0,"turns":4.0},{"damage":1.0,"enemies":"Jaw Worm","floor":4.0,"turns":3.0},{"damage":0.0,"enemies":"Cultist","floor":5.0,"turns":4.0},{"damage":34.0,"enemies":"3 Sentries","floor":6.0,"turns":8.0},{"damage":18.0,"enemies":"Gremlin Nob","floor":8.0,"turns":4.0},{"damage":0.0,"enemies":"Blue Slaver","floor":10.0,"turns":4.0},{"damage":5.0,"enemies":"Exordium Thugs","floor":11.0,"turns":4.0},{"damage":7,"enemies":"Lagavulin","floor":14,"turns":7}],"seed_played":"7263403361673285792","potions_obtained":[{"floor":4.0,"key":"GhostInAJar"},{"floor":10.0,"key":"Poison Potion"}],"is_trial":false,"path_per_floor":["M","?","$","M","M","E","R","E","T","M","M","$","?","E"],"character_chosen":"THE_SILENT","items_purchased":["Dagger Spray","Fire Potion","Art of War"],"campfire_rested":0,"item_purchase_floors":[3,3,12],"current_hp_per_floor":[64,64,64,63,63,29,29,11,11,11,6,6,6,0],"gold":64,"neow_bonus":"TEN_PERCENT_HP_BONUS","is_prod":false,"is_daily":false,"chose_seed":false,"campfire_upgraded":1,"win_rate":0,"timestamp":1545721772,"path_taken":["M","?","$","M","M","E","R","E","T","M","M","$","?","E"],"build_version":"2018-12-20","purchased_purges":1,"victory":false,"max_hp_per_floor":[72,72,72,72,72,72,72,72,72,72,72,72,72,72],"card_choices":[{"not_picked":["Sucker Punch","Outmaneuver"],"picked":"Predator","floor":1.0},{"not_picked":["Outmaneuver","Finisher"],"picked":"Leg Sweep","floor":4.0},{"not_picked":["Predator","Calculated Gamble"],"picked":"Poisoned Stab","floor":5.0},{"not_picked":["Blade Dance","Predator","Eviscerate"],"picked":"SKIP","floor":6.0},{"not_picked":["Quick Slash","Finisher"],"picked":"All Out Attack","floor":8.0},{"not_picked":["Skewer","All Out Attack"],"picked":"Bouncing Flask","floor":10.0},{"not_picked":["Acrobatics","Prepared"],"picked":"Deadly Poison","floor":11.0}],"player_experience":217349,"relics_obtained":[{"floor":6.0,"key":"Omamori"},{"floor":8.0,"key":"Paper Crane"},{"floor":9.0,"key":"Orichalcum"}],"event_choices":[{"damage_healed":0.0,"max_hp_gain":0.0,"max_hp_loss":0.0,"gold_gain":150.0,"event_name":"Liars Game","player_choice":"AGREE","floor":2.0,"gold_loss":0.0,"damage_taken":0.0,"cards_obtained":["Doubt"]},{"cards_removed":["Poisoned Stab"],"damage_healed":0.0,"max_hp_gain":0.0,"max_hp_loss":0.0,"gold_gain":0.0,"event_name":"WeMeetAgain","player_choice":"Gave Card","floor":13.0,"gold_loss":0.0,"damage_taken":0.0,"relics_obtained":["Tiny Chest"]}],"is_beta":false,"boss_relics":[],"items_purged_floors":[3],"is_endless":false,"potions_floor_spawned":[4,6,10],"killed_by":"Lagavulin","ascension_level":20}