{"gold_per_floor":[117,117,36,54,54,54,73,113,113,113,137,180,180,194,194,323,323,323,323,323,323,4,4,4,4,4,4,4,4,4,4,4,4],"floor_reached":33,"playtime":2401,"items_purged":[],"score":433,"play_id":"0191bda4-110a-4f1b-bfb0-f9b9d6c95f9d","local_time":"20190130150348","is_ascension_mode":true,"campfire_choices":[{"data":"True Grit","floor":6,"key":"SMITH"},{"data":"Demon Form","floor":10,"key":"SMITH"},{"data":"Bash","floor":15,"key":"SMITH"},{"data":"Clothesline","floor":23,"key":"SMITH"},{"data":"Heavy Blade","floor":32,"key":"SMITH"}],"neow_cost":"TEN_PERCENT_HP_LOSS","seed_source_timestamp":228368494787500,"circlet_count":0,"master_deck":["Strike_R","Strike_R","Strike_R","Strike_R","Strike_R","Defend_R","Defend_R","Defend_R","Defend_R","Bash+1","Demon Form+1","Clothesline+1","Immolate","True Grit+1","Twin Strike","Shrug It Off","Impervious","Ghostly Armor","Shrug It Off","Heavy Blade+1","Necronomicurse"],"relics":["Burning Blood","Bloody Idol","Thread and Needle","Nunchaku","Matryoshka","Regal Pillow","The Courier","Ectoplasm","Magic Flower","Bottled Lightning","Necronomicon","Darkstone Periapt","Potion Belt","Bag of Marbles","Toxic Egg 2"],"potions_floor_usage":[12,16,24,24,27,27,29,33],"damage_taken":[{"damage":0,"enemies":"Small Slimes","floor":1,"turns":3},{"damage":10,"enemies":"Jaw Worm","floor":4,"turns":4},{"damage":0,"enemies":"2 Louse","floor":7,"turns":1},{"damage":30,"enemies":"3 Sentries","floor":8,"turns":7},{"damage":2,"enemies":"Blue Slaver","floor":11,"turns":6},{"damage":2,"enemies":"Gremlin Nob","floor":12,"turns":3},{"damage":3,"enemies":"2 Fungi Beasts","floor":14,"turns":3},{"damage":4,"enemies":"Hexaghost","floor":16,"turns":7},{"damage":1,"enemies":"Shell Parasite","floor":18,"turns":4},{"damage":0,"enemies":"Spheric Guardian","floor":19,"turns":4},{"damage":7,"enemies":"Book of Stabbing","floor":24,"turns":8},{"damage":34,"enemies":"Slavers","floor":27,"turns":7},{"damage":11,"enemies":"Book of Stabbing","floor":29,"turns":4},{"damage":80,"enemies":"Automaton","floor":33,"turns":6}],"seed_played":"-4947214111565648353","potions_obtained":[{"floor":1,"key":"FearPotion"},{"floor":12,"key":"Fire Potion"},{"floor":14,"key":"EssenceOfSteel"},{"floor":16,"key":"Block Potion"},{"floor":24,"key":"PowerPotion"},{"floor":27,"key":"Dexterity Potion"},{"floor":29,"key":"SkillPotion"}],"is_trial":false,"path_per_floor":["M","?","$","M","?","R","M","E","T","R","M","E","T","M","R","B",null,"M","M","$","?","$","R","E","?","T","E","?","E","$","?","R","B"],"character_chosen":"IRONCLAD","items_purchased":["Immolate","Magic Flower","Shrug It Off","PowerPotion"],"campfire_rested":0,"item_purchase_floors":[3,22,22,22],"current_hp_per_floor":[72,54,54,50,55,55,61,37,37,37,41,45,45,48,48,50,70,75,77,77,77,77,77,77,61,61,36,36,34,34,34,34,0],"gold":4,"neow_bonus":"THREE_RARE_CARDS","is_prod":false,"is_daily":false,"chose_seed":false,"campfire_upgraded":5,"win_rate":0,"timestamp":1548857028,"path_taken":["M","?","$","M","?","R","M","E","T","R","M","E","?","?","R","BOSS","M","M","$","?","$","R","E","?","T","E","?","E","?","?","R","BOSS"],"build_version":"2019-01-23","purchased_purges":0,"victory":false,"max_hp_per_floor":[72,72,72,72,77,77,77,77,77,77,77,77,77,77,77,77,77,77,77,77,77,77,77,77,77,77,77,77,77,77,77,77,77],"card_choices":[{"not_picked":["Juggernaut","Barricade"],"picked":"Demon Form","floor":0},{"not_picked":["Clothesline","Warcry","Thunderclap"],"picked":"SKIP","floor":1},{"not_picked":["Warcry","Thunderclap"],"picked":"Clothesline","floor":1},{"not_picked":["Sword Boomerang","Sever Soul"],"picked":"True Grit","floor":4},{"not_picked":["Pommel Strike","Iron Wave"],"picked":"Twin Strike","floor":7},{"not_picked":["True Grit","Burning Pact"],"picked":"Shrug It Off","floor":8},{"not_picked":["Spot Weakness","Barricade","Sword Boomerang"],"picked":"SKIP","floor":11},{"not_picked":["Clash","Power Through","Wild Strike"],"picked":"SKIP","floor":12},{"not_picked":["Clash","Clothesline","Havoc"],"picked":"SKIP","floor":14},{"not_picked":["Barricade","Juggernaut"],"picked":"Impervious","floor":16},{"not_picked":["Spot Weakness","Searing Blow","Cleave"],"picked":"SKIP","floor":18},{"not_picked":["Wild Strike","Clash"],"picked":"Ghostly Armor","floor":19},{"not_picked":["Dropkick","Spot Weakness"],"picked":"Heavy Blade","floor":24},{"not_picked":["Blood for Blood","Armaments","Combust"],"picked":"SKIP","floor":27},{"not_picked":["Clothesline","Searing Blow","Body Slam"],"picked":"SKIP","floor":29}],"player_experience":200890,"relics_obtained":[{"floor":8,"key":"Thread and Needle"},{"floor":9,"key":"Nunchaku"},{"floor":12,"key":"Matryoshka"},{"floor":13,"key":"Regal Pillow"},{"floor":13,"key":"The Courier"},{"floor":24,"key":"Bottled Lightning"},{"floor":25,"key":"Necronomicon"},{"floor":26,"key":"Darkstone Periapt"},{"floor":26,"key":"Potion Belt"},{"floor":27,"key":"Bag of Marbles"},{"floor":29,"key":"Toxic Egg 2"}],"event_choices":[{"damage_healed":0,"gold_gain":0,"player_choice":"Take Damage","damage_taken":18,"relics_obtained":["Golden Idol"],"max_hp_gain":0,"max_hp_loss":0,"event_name":"Golden Idol","floor":2,"gold_loss":0},{"damage_healed":0,"gold_gain":0,"player_choice":"Donut","damage_taken":0,"max_hp_gain":5,"max_hp_loss":0,"event_name":"Big Fish","floor":5,"gold_loss":0},{"damage_healed":0,"gold_gain":0,"player_choice":"Gave Idol","damage_taken":0,"relics_obtained":["Bloody Idol"],"max_hp_gain":0,"max_hp_loss":0,"event_name":"Forgotten Altar","floor":21,"relics_lost":["Golden Idol"],"gold_loss":0},{"damage_healed":0,"gold_gain":0,"player_choice":"Obtained Book","damage_taken":16,"max_hp_gain":0,"max_hp_loss":0,"event_name":"Cursed Tome","floor":25,"gold_loss":0},{"damage_healed":0,"gold_gain":99,"player_choice":"Stole From Cult","damage_taken":0,"max_hp_gain":0,"max_hp_loss":0,"event_name":"Nest","floor":28,"gold_loss":0},{"damage_healed":0,"gold_gain":0,"player_choice":"Ignored","damage_taken":0,"max_hp_gain":0,"max_hp_loss":0,"event_name":"Beggar","floor":31,"gold_loss":0}],"is_beta":false,"boss_relics":[{"not_picked":["Eternal Feather","Runic Cube"],"picked":"Ectoplasm"}],"items_purged_floors":[],"is_endless":false,"potions_floor_spawned":[1,12,14,16,24,27,29],"killed_by":"Automaton","ascension_level":8}