{"gold_per_floor":[213,213,225,70,70,403,403,60,60,80,112,173,223,243,243,348,348,361,361,185,253,330,356,356,216,284,284,149,164,229,194,194,296,296,306,356,423,442,327,327,356,369,393,443,460,470,540,282,282,282,282,282,48,80,80],"floor_reached":56,"playtime":3818,"items_purged":[],"score":1443,"play_id":"25362fda-5349-447a-89f7-8ef7c3585373","local_time":"20190104104053","is_ascension_mode":true,"campfire_choices":[{"floor":7,"key":"REST"},{"data":"Bash","floor":15,"key":"SMITH"},{"floor":24,"key":"REST"},{"data":"Spot Weakness","floor":27,"key":"SMITH"},{"data":"Feel No Pain","floor":32,"key":"SMITH"},{"data":"Fiend Fire","floor":40,"key":"SMITH"},{"floor":49,"key":"RECALL"},{"data":"Dark Embrace","floor":52,"key":"SMITH"}],"neow_cost":"NONE","seed_source_timestamp":1553733650958516,"circlet_count":0,"master_deck":["Bash+1","Shrug It Off+1","Spot Weakness+1","Twin Strike","Cleave","Shockwave+1","Shrug It Off+1","Twin Strike","Disarm+1","Impervious+1","Anger","Fiend Fire+1","Infernal Blade+1","Dark Embrace+1","Cleave","Wild Strike","Heavy Blade","Searing Blow","Dark Shackles+1","Ghostly Armor+1","Second Wind+1","True Grit+1","Corruption+1","Flash of Steel+1","Feel No Pain+1","Body Slam+1","Pummel+1","Impervious+1","Burning Pact+1","Pommel Strike+1","Feel No Pain+1","Shrug It Off+1","Pommel Strike+1","Shrug It Off+1","Shockwave+1"],"relics":["Burning Blood","Dream Catcher","SsserpentHead","Old Coin","Membership Card","Toxic Egg 2","Pear","Pen Nib","Pandora\u0027s Box","Molten Egg 2","Red Mask","Bag of Preparation","ClockworkSouvenir","Question Card","Centennial Puzzle","Bag of Marbles","Frozen Egg 2","Coffee Dripper","War Paint","Red Skull","Brimstone","FossilizedHelix","Strange Spoon","Happy Flower","Pocketwatch"],"potions_floor_usage":[14,55],"damage_taken":[{"damage":1,"enemies":"Cultist","floor":1,"turns":3},{"damage":1,"enemies":"Small Slimes","floor":3,"turns":4},{"damage":64,"enemies":"3 Sentries","floor":6,"turns":15},{"damage":0,"enemies":"Jaw Worm","floor":10,"turns":3},{"damage":20,"enemies":"Lagavulin","floor":11,"turns":7},{"damage":2,"enemies":"3 Louse","floor":12,"turns":4},{"damage":0,"enemies":"Lots of Slimes","floor":14,"turns":3},{"damage":43,"enemies":"Slime Boss","floor":16,"turns":10},{"damage":33,"enemies":"Spheric Guardian","floor":18,"turns":4},{"damage":8,"enemies":"2 Thieves","floor":21,"turns":4},{"damage":22,"enemies":"Masked Bandits","floor":22,"turns":4},{"damage":9,"enemies":"Slavers","floor":23,"turns":6},{"damage":11,"enemies":"Sentry and Sphere","floor":29,"turns":5},{"damage":0,"enemies":"Centurion and Healer","floor":30,"turns":3},{"damage":22,"enemies":"Automaton","floor":33,"turns":8},{"damage":0,"enemies":"Orb Walker","floor":35,"turns":2},{"damage":5,"enemies":"3 Darklings","floor":37,"turns":4},{"damage":0,"enemies":"Sphere and 2 Shapes","floor":38,"turns":7},{"damage":26,"enemies":"Reptomancer","floor":41,"turns":7},{"damage":2,"enemies":"Transient","floor":42,"turns":5},{"damage":0,"enemies":"Spire Growth","floor":45,"turns":4},{"damage":6,"enemies":"Jaw Worm Horde","floor":46,"turns":4},{"damage":4,"enemies":"Maw","floor":47,"turns":4},{"damage":20,"enemies":"Awakened One","floor":50,"turns":6},{"damage":8,"enemies":"Shield and Spear","floor":54,"turns":4},{"damage":33,"enemies":"The Heart","floor":55,"turns":7}],"seed_played":"-2621175136725792014","potions_obtained":[{"floor":1,"key":"EssenceOfSteel"},{"floor":3,"key":"Energy Potion"},{"floor":6,"key":"Explosive Potion"},{"floor":16,"key":"EssenceOfSteel"},{"floor":23,"key":"BloodPotion"}],"is_trial":false,"path_per_floor":["M","$","M","$","?","E","R","$","T","M","E","M","?","M","R","B",null,"M","?","$","M","?","E","R","$","T","R","$","M","M","?","R","B",null,"M","?","M","M","$","R","E","M","T","?","M","M","M","$","R","B",null,"R","$","E","B",null],"character_chosen":"IRONCLAD","items_purchased":["Dream Catcher","Membership Card","Toxic Egg 2","Cleave","Molten Egg 2","Dark Shackles+1","ClockworkSouvenir","Flash of Steel+1","Feel No Pain","Centennial Puzzle","Bag of Marbles","Feel No Pain+1","War Paint","Brimstone","FossilizedHelix","Strange Spoon","Happy Flower","Shockwave+1","Weak Potion"],"campfire_rested":2,"item_purchase_floors":[4,8,8,8,20,20,25,25,28,28,28,39,39,48,48,53,53,53,53],"current_hp_per_floor":[80,80,80,80,80,22,46,46,56,62,48,52,52,58,58,21,90,63,63,63,61,45,42,69,69,69,69,69,64,70,70,70,54,90,90,90,90,90,90,90,70,74,74,74,80,80,82,82,82,68,90,90,90,88,70],"gold":80,"neow_bonus":"HUNDRED_GOLD","is_prod":false,"is_daily":false,"chose_seed":false,"campfire_upgraded":5,"win_rate":0,"timestamp":1546627253,"path_taken":["M","?","?","$","?","E","R","$","T","M","E","?","?","M","R","BOSS","M","?","$","?","?","E","R","$","T","R","?","M","?","?","R","BOSS","M","?","?","M","$","R","E","M","T","?","M","M","?","$","R","BOSS","R","$","E","BOSS"],"build_version":"2019-01-03v3","purchased_purges":0,"victory":true,"max_hp_per_floor":[80,80,80,80,80,80,80,80,90,90,90,90,90,90,90,90,90,90,90,90,90,90,90,90,90,90,90,90,90,90,90,90,90,90,90,90,90,90,90,90,90,90,90,90,90,90,90,90,90,90,90,90,90,90,90],"card_choices":[{"not_picked":["Power Through","Anger"],"picked":"Shrug It Off","floor":1},{"not_picked":["Anger","Havoc","Iron Wave"],"picked":"SKIP","floor":3},{"not_picked":["Perfected Strike","Thunderclap"],"picked":"Spot Weakness","floor":6},{"not_picked":["Flex","Sever Soul"],"picked":"Twin Strike","floor":7},{"not_picked":["Barricade","Pommel Strike"],"picked":"Shockwave+1","floor":10},{"not_picked":["Twin Strike","Havoc+1"],"picked":"Shrug It Off+1","floor":11},{"not_picked":["Cleave","Warcry+1","Sever Soul"],"picked":"SKIP","floor":12},{"not_picked":["Sentinel+1","Uppercut"],"picked":"Disarm+1","floor":14},{"not_picked":["Exhume+1","Double Tap+1"],"picked":"Impervious+1","floor":16},{"not_picked":["Anger+1","Hemokinesis","Sever Soul"],"picked":"SKIP","floor":18},{"not_picked":["Warcry+1","Heavy Blade+1"],"picked":"Ghostly Armor+1","floor":21},{"not_picked":["Sword Boomerang+1","Perfected Strike+1"],"picked":"Second Wind+1","floor":22},{"not_picked":["Reckless Charge+1","Havoc+1"],"picked":"True Grit+1","floor":23},{"not_picked":["Thunderclap+1","Warcry+1"],"picked":"Corruption","floor":24},{"not_picked":["Havoc+1","Anger+1","Uppercut+1"],"picked":"Body Slam+1","floor":29},{"not_picked":["Combust","Uppercut+1","True Grit+1"],"picked":"Pummel+1","floor":30},{"not_picked":["Bludgeon+1","Reaper+1","Dark Embrace+1"],"picked":"Impervious+1","floor":33},{"not_picked":["Fire Breathing+1","Wild Strike+1","Headbutt+1"],"picked":"Burning Pact+1","floor":35},{"not_picked":["Anger+1","Perfected Strike+1","Cleave+1","Wild Strike+1"],"picked":"SKIP","floor":37},{"not_picked":["Clothesline+1","Armaments+1","Havoc+1"],"picked":"Pommel Strike+1","floor":38},{"not_picked":["Headbutt+1","Pommel Strike+1","Burning Pact+1"],"picked":"Shrug It Off+1","floor":41},{"not_picked":["Body Slam+1","Anger+1","Warcry+1","Havoc+1"],"picked":"SKIP","floor":42},{"not_picked":["Thunderclap+1","Perfected Strike+1","Fiend Fire+1","Anger+1"],"picked":"SKIP","floor":45},{"not_picked":["Reckless Charge+1","Rupture+1","Clash+1"],"picked":"Pommel Strike+1","floor":46},{"not_picked":["Iron Wave+1","Whirlwind+1","Pommel Strike+1"],"picked":"Shrug It Off+1","floor":47},{"not_picked":["Juggernaut+1","Seeing Red+1","Clash+1","Rupture+1"],"picked":"SKIP","floor":54}],"player_experience":333688,"relics_obtained":[{"floor":6,"key":"Old Coin"},{"floor":9,"key":"Pear"},{"floor":11,"key":"Pen Nib"},{"floor":22,"key":"Red Mask"},{"floor":23,"key":"Bag of Preparation"},{"floor":26,"key":"Question Card"},{"floor":41,"key":"Red Skull"},{"floor":54,"key":"Pocketwatch"}],"event_choices":[{"damage_healed":0,"gold_gain":0,"player_choice":"Trade","damage_taken":0,"relics_obtained":["SsserpentHead"],"max_hp_gain":0,"max_hp_loss":0,"event_name":"FaceTrader","floor":5,"gold_loss":0},{"damage_healed":0,"gold_gain":0,"cards_transformed":["Strike_R"],"player_choice":"Change","damage_taken":0,"max_hp_gain":0,"max_hp_loss":0,"event_name":"Living Wall","floor":13,"gold_loss":0,"cards_obtained":["Twin Strike"]},{"damage_healed":0,"gold_gain":0,"player_choice":"Bet on Murderer","damage_taken":0,"max_hp_gain":0,"max_hp_loss":0,"event_name":"The Joust","floor":19,"gold_loss":50},{"damage_healed":0,"gold_gain":0,"player_choice":"Fought Bandits","damage_taken":0,"max_hp_gain":0,"max_hp_loss":0,"event_name":"Masked Bandits","floor":22,"gold_loss":0},{"damage_healed":0,"gold_gain":0,"player_choice":"Obtained Relic","damage_taken":0,"relics_obtained":["Frozen Egg 2"],"max_hp_gain":0,"max_hp_loss":0,"event_name":"Addict","floor":31,"gold_loss":85},{"damage_healed":0,"gold_gain":0,"player_choice":"Got Potions","damage_taken":0,"max_hp_gain":0,"max_hp_loss":0,"event_name":"Lab","floor":36,"gold_loss":0},{"damage_healed":0,"gold_gain":0,"player_choice":"Forge","damage_taken":0,"max_hp_gain":0,"max_hp_loss":0,"event_name":"Accursed Blacksmith","floor":44,"gold_loss":0,"cards_upgraded":["Corruption"]}],"is_beta":false,"boss_relics":[{"not_picked":["Runic Cube","Eternal Feather"],"picked":"Pandora\u0027s Box"},{"not_picked":["Tiny House","Calling Bell"],"picked":"Coffee Dripper"}],"items_purged_floors":[],"is_endless":false,"potions_floor_spawned":[1,3,6,16,23,30,33,35,42,45,46],"ascension_level":3}