{"gold_per_floor":[111,111,128,148,159,109,121,121,121,10,44,44,219,252,252,351,351,361,377,32,46,46,374,374,119,142,161,161,175,205,217,217,317,317,336,353,353,203,222,222,233,250,250,250,350,9,9,20,20,20],"floor_reached":51,"playtime":7255,"items_purged":["Strike_G","Strike_G","Distraction","Strike_G"],"score":674,"play_id":"3d423ca5-9d6c-4e71-86ec-fab4b5be4c5d","local_time":"20190205204552","is_ascension_mode":false,"campfire_choices":[{"data":"Bouncing Flask","floor":8,"key":"SMITH"},{"data":"Noxious Fumes","floor":12,"key":"SMITH"},{"data":"Neutralize","floor":15,"key":"SMITH"},{"data":"PiercingWail","floor":24,"key":"SMITH"},{"data":"Malaise","floor":28,"key":"SMITH"},{"floor":32,"key":"REST"},{"floor":40,"key":"REST"},{"floor":44,"key":"REST"},{"data":"PiercingWail","floor":47,"key":"SMITH"},{"floor":49,"key":"REST"}],"neow_cost":"NONE","seed_source_timestamp":175384946843790,"circlet_count":0,"master_deck":["Defend_G","Defend_G","Defend_G","Defend_G","Defend_G","Survivor","Neutralize+1","Noxious Fumes+1","PiercingWail+1","Deadly Poison","Bouncing Flask+1","Dodge and Roll","Bouncing Flask","Malaise+1","Burst","Footwork+1","Well Laid Plans+1","Sadistic Nature+1","Backflip","Footwork+1","PiercingWail+1","Noxious Fumes+1","Burst","Malaise","Deflect+1","PiercingWail+1","Neutralize","Backflip+1","Flechettes+1","Leg Sweep"],"relics":["Ring of the Snake","Frozen Egg 2","Omamori","Torii","Velvet Choker","Old Coin","Lantern","Kunai","Ninja Scroll","The Specimen","FossilizedHelix"],"potions_floor_usage":[11,16,23,23,30,30,33,41,50],"damage_taken":[{"damage":2,"enemies":"Small Slimes","floor":1,"turns":5},{"damage":0,"enemies":"Jaw Worm","floor":3,"turns":4},{"damage":0,"enemies":"2 Louse","floor":4,"turns":4},{"damage":6,"enemies":"Exordium Wildlife","floor":5,"turns":5},{"damage":2,"enemies":"Red Slaver","floor":7,"turns":4},{"damage":16,"enemies":"Gremlin Nob","floor":11,"turns":5},{"damage":12,"enemies":"Lagavulin","floor":14,"turns":5},{"damage":1,"enemies":"The Guardian","floor":16,"turns":8},{"damage":12,"enemies":"Chosen","floor":18,"turns":5},{"damage":0,"enemies":"Shell Parasite","floor":19,"turns":7},{"damage":7,"enemies":"Snake Plant","floor":21,"turns":4},{"damage":20,"enemies":"Gremlin Leader","floor":23,"turns":6},{"damage":1,"enemies":"Shelled Parasite and Fungi","floor":27,"turns":5},{"damage":0,"enemies":"Centurion and Healer","floor":29,"turns":4},{"damage":1,"enemies":"Slavers","floor":30,"turns":5},{"damage":11,"enemies":"Snecko","floor":31,"turns":4},{"damage":7,"enemies":"Champ","floor":33,"turns":10},{"damage":32,"enemies":"3 Shapes","floor":35,"turns":4},{"damage":9,"enemies":"3 Darklings","floor":36,"turns":6},{"damage":7,"enemies":"Jaw Worm Horde","floor":39,"turns":4},{"damage":1,"enemies":"Sphere and 2 Shapes","floor":41,"turns":7},{"damage":16,"enemies":"Spire Growth","floor":42,"turns":7},{"damage":0,"enemies":"Mind Bloom Boss Battle","floor":45,"turns":6},{"damage":7,"enemies":"Writhing Mass","floor":48,"turns":4},{"damage":14,"enemies":"Time Eater","floor":50,"turns":13}],"seed_played":"7760355476510941075","potions_obtained":[{"floor":1,"key":"FearPotion"},{"floor":3,"key":"Dexterity Potion"},{"floor":11,"key":"Energy Potion"},{"floor":16,"key":"AttackPotion"},{"floor":18,"key":"SpeedPotion"},{"floor":27,"key":"Swift Potion"},{"floor":30,"key":"Strength Potion"},{"floor":31,"key":"Dexterity Potion"},{"floor":35,"key":"Fire Potion"},{"floor":39,"key":"GhostInAJar"},{"floor":41,"key":"SteroidPotion"},{"floor":45,"key":"Regen Potion"}],"is_trial":false,"path_per_floor":["M","?","M","M","M","?","M","R","T","$","E","R","?","E","R","B",null,"M","M","$","M","?","E","R","$","T","M","R","M","E","M","R","B",null,"M","M","?","$","M","R","M","M","T","R","?","$","R","M","R","B",null],"character_chosen":"THE_SILENT","items_purchased":["Bouncing Flask","Well Laid Plans+1","Sadistic Nature+1","Footwork+1","Dexterity Potion","Leg Sweep","FossilizedHelix"],"campfire_rested":4,"item_purchase_floors":[10,20,20,25,25,46,46],"current_hp_per_floor":[75,80,80,80,74,74,72,72,72,72,56,56,56,44,44,43,82,70,70,70,63,63,43,43,43,43,42,42,42,41,30,54,47,82,50,41,41,41,34,58,57,41,41,65,65,65,65,58,82,68],"gold":20,"neow_bonus":"TEN_PERCENT_HP_BONUS","is_prod":false,"is_daily":false,"chose_seed":false,"campfire_upgraded":6,"win_rate":0.0,"timestamp":1549395952,"path_taken":["M","?","M","M","M","?","M","R","T","?","E","R","?","E","R","BOSS","M","M","$","M","?","E","R","$","T","M","R","M","E","M","R","BOSS","M","M","?","$","M","R","M","?","T","R","?","$","R","M","R","BOSS"],"build_version":"2019-01-23","purchased_purges":4,"victory":true,"max_hp_per_floor":[77,82,82,82,82,82,82,82,82,82,82,82,82,82,82,82,82,82,82,82,82,82,82,82,82,82,82,82,82,82,82,82,82,82,82,82,82,82,82,82,82,82,82,82,82,82,82,82,82,82],"card_choices":[{"not_picked":["Deadly Poison","Backflip"],"picked":"Noxious Fumes","floor":1},{"not_picked":["Dagger Throw","Escape Plan"],"picked":"PiercingWail","floor":3},{"not_picked":["Prepared","Flechettes"],"picked":"Deadly Poison","floor":4},{"not_picked":["PiercingWail","Expertise"],"picked":"Bouncing Flask","floor":5},{"not_picked":["Deadly Poison","Dash"],"picked":"Dodge and Roll","floor":7},{"not_picked":["Bouncing Flask","Underhanded Strike","Predator"],"picked":"SKIP","floor":11},{"not_picked":["All Out Attack","Heel Hook"],"picked":"Malaise","floor":14},{"not_picked":["Unload","Adrenaline"],"picked":"Burst","floor":16},{"not_picked":["Underhanded Strike","Outmaneuver+1"],"picked":"Footwork+1","floor":18},{"not_picked":["Underhanded Strike+1","Outmaneuver","Flying Knee"],"picked":"SKIP","floor":19},{"not_picked":["Riddle With Holes","Acrobatics+1","Dodge and Roll"],"picked":"SKIP","floor":21},{"not_picked":["Noxious Fumes+1","Calculated Gamble"],"picked":"Backflip","floor":23},{"not_picked":["Underhanded Strike","Escape Plan","Prepared+1"],"picked":"SKIP","floor":27},{"not_picked":["Dodge and Roll","Acrobatics+1"],"picked":"PiercingWail","floor":29},{"not_picked":["Masterful Stab","Sucker Punch"],"picked":"Noxious Fumes+1","floor":30},{"not_picked":["Dagger Spray","Dodge and Roll"],"picked":"Burst","floor":31},{"not_picked":["Burst","Phantasmal Killer"],"picked":"Malaise","floor":33},{"not_picked":["Flying Knee+1","Deadly Poison+1"],"picked":"Deflect+1","floor":35},{"not_picked":["Acrobatics","Reflex"],"picked":"PiercingWail+1","floor":36},{"not_picked":["Prepared","Well Laid Plans+1"],"picked":"Backflip+1","floor":39},{"not_picked":["Flying Knee+1","Underhanded Strike","Slice+1"],"picked":"SKIP","floor":41},{"not_picked":["All Out Attack+1","Flechettes","Underhanded Strike+1"],"picked":"SKIP","floor":42},{"not_picked":["Finisher+1","PiercingWail"],"picked":"Flechettes+1","floor":45},{"not_picked":["Dodge and Roll","Dagger Throw","Prepared"],"picked":"SKIP","floor":48}],"player_experience":18664,"relics_obtained":[{"floor":9,"key":"Frozen Egg 2"},{"floor":11,"key":"Omamori"},{"floor":14,"key":"Torii"},{"floor":23,"key":"Old Coin"},{"floor":26,"key":"Lantern"},{"floor":30,"key":"Kunai"},{"floor":43,"key":"Ninja Scroll"},{"floor":45,"key":"The Specimen"}],"event_choices":[{"damage_healed":0,"gold_gain":0,"player_choice":"Donut","damage_taken":0,"max_hp_gain":5,"max_hp_loss":0,"event_name":"Big Fish","floor":2,"gold_loss":0},{"cards_removed":["Strike_G"],"damage_healed":0,"gold_gain":0,"player_choice":"Card Removal","damage_taken":0,"max_hp_gain":0,"max_hp_loss":0,"event_name":"The Cleric","floor":6,"gold_loss":50},{"damage_healed":0,"gold_gain":175,"player_choice":"AGREE","damage_taken":0,"max_hp_gain":0,"max_hp_loss":0,"event_name":"Liars Game","floor":13,"gold_loss":0,"cards_obtained":["Doubt"]},{"damage_healed":0,"gold_gain":0,"cards_transformed":["Strike_G"],"player_choice":"Transformed","damage_taken":0,"max_hp_gain":0,"max_hp_loss":0,"event_name":"Transmorgrifier","floor":22,"gold_loss":0,"cards_obtained":["Distraction"]},{"damage_healed":0,"gold_gain":0,"player_choice":"1 cards matched","damage_taken":0,"max_hp_gain":0,"max_hp_loss":0,"event_name":"Match and Keep!","floor":37,"gold_loss":0,"cards_obtained":["Neutralize"]},{"damage_healed":0,"gold_gain":0,"player_choice":"Fight","damage_taken":0,"max_hp_gain":0,"max_hp_loss":0,"event_name":"MindBloom","floor":45,"gold_loss":0}],"is_beta":false,"boss_relics":[{"not_picked":["Snecko Eye","Tiny House"],"picked":"Velvet Choker"},{"not_picked":["Fusion Hammer","Runic Dome","Coffee Dripper"]}],"items_purged_floors":[10,20,25,38],"is_endless":false,"potions_floor_spawned":[1,3,11,16,18,27,29,30,31,35,39,41,45],"ascension_level":0}