{"gold_per_floor":[19,19,19,39,39,39,39,39,39,39,70,80,91,266,266,339,339,352,352,352,352,369,369,380,380],"floor_reached":25,"playtime":869,"items_purged":[],"score":381,"play_id":"fc40c0e2-f11d-4adc-8ede-d5c374229324","local_time":"20190210212639","is_ascension_mode":true,"campfire_choices":[{"data":"Armaments","floor":6,"key":"SMITH"},{"data":"Barricade","floor":8,"key":"SMITH"},{"data":"Bash","floor":10,"key":"SMITH"},{"data":"Metallicize","floor":15,"key":"SMITH"},{"data":"Iron Wave","floor":23,"key":"SMITH"}],"neow_cost":"NO_GOLD","seed_source_timestamp":17354329129999,"circlet_count":0,"master_deck":["AscendersBane","Strike_R","Strike_R","Strike_R","Defend_R","Defend_R","Defend_R","Bash+1","Barricade+1","Metallicize+1","Armaments+1","Offering","Iron Wave+1","Shrug It Off","Reaper"],"relics":["Burning Blood","Singing Bowl","Sundial","Juzu Bracelet","Busted Crown"],"potions_floor_usage":[11,16,16,22,24],"damage_taken":[{"damage":7,"enemies":"2 Louse","floor":1,"turns":4},{"damage":8,"enemies":"Cultist","floor":4,"turns":5},{"damage":0,"enemies":"Lagavulin","floor":11,"turns":7},{"damage":7,"enemies":"Jaw Worm","floor":12,"turns":5},{"damage":23,"enemies":"Exordium Thugs","floor":13,"turns":9},{"damage":27,"enemies":"The Guardian","floor":16,"turns":18},{"damage":7,"enemies":"Shell Parasite","floor":18,"turns":11},{"damage":26,"enemies":"3 Byrds","floor":22,"turns":10},{"damage":34,"enemies":"Snake Plant","floor":24,"turns":5},{"damage":65,"enemies":"3 Cultists","floor":25,"turns":8}],"seed_played":"4906055072582756271","potions_obtained":[{"floor":1,"key":"SkillPotion"},{"floor":11,"key":"Regen Potion"},{"floor":12,"key":"LiquidBronze"},{"floor":16,"key":"Dexterity Potion"},{"floor":22,"key":"BloodPotion"}],"is_trial":false,"path_per_floor":["M","$","?","M","$","R","T","R","T","R","E","M","M","?","R","B",null,"M","?","?","?","M","R","M","M"],"character_chosen":"IRONCLAD","items_purchased":[],"campfire_rested":0,"item_purchase_floors":[],"current_hp_per_floor":[67,67,67,65,65,65,65,65,65,65,73,74,59,59,59,53,74,73,73,73,73,61,61,45,0],"gold":380,"neow_bonus":"THREE_RARE_CARDS","is_prod":false,"is_daily":false,"chose_seed":false,"campfire_upgraded":5,"win_rate":0,"timestamp":1549826799,"path_taken":["M","$","?","?","?","R","?","R","T","R","E","M","M","?","R","BOSS","M","?","?","?","M","R","M","M"],"build_version":"2019-01-23","purchased_purges":0,"victory":false,"max_hp_per_floor":[75,75,75,75,75,75,75,75,75,75,77,79,81,81,81,81,81,81,81,81,81,83,83,85,85],"card_choices":[{"not_picked":["Demon Form","Brutality"],"picked":"Barricade","floor":0},{"not_picked":["Clash","Heavy Blade"],"picked":"Metallicize","floor":1},{"not_picked":["Rage","Sword Boomerang"],"picked":"Armaments","floor":4},{"not_picked":["Perfected Strike","Clothesline","Headbutt"],"picked":"Singing Bowl","floor":11},{"not_picked":["Demon Form","Armaments","Searing Blow"],"picked":"Singing Bowl","floor":12},{"not_picked":["Flex","Havoc","Perfected Strike"],"picked":"Singing Bowl","floor":13},{"not_picked":["Feed","Demon Form"],"picked":"Offering","floor":16},{"not_picked":[],"picked":"Iron Wave","floor":18},{"not_picked":["Twin Strike"],"picked":"Singing Bowl","floor":22},{"not_picked":["Sever Soul"],"picked":"Singing Bowl","floor":24}],"player_experience":702559,"relics_obtained":[{"floor":7,"key":"Singing Bowl"},{"floor":9,"key":"Sundial"},{"floor":11,"key":"Juzu Bracelet"}],"event_choices":[{"cards_removed":["Strike_R"],"damage_healed":0,"gold_gain":0,"player_choice":"Offered Basic","damage_taken":0,"max_hp_gain":0,"max_hp_loss":0,"event_name":"Bonfire Elementals","floor":3,"gold_loss":0},{"damage_healed":0,"gold_gain":175,"player_choice":"AGREE","damage_taken":0,"max_hp_gain":0,"max_hp_loss":0,"event_name":"Liars Game","floor":14,"gold_loss":0,"cards_obtained":["Doubt"]},{"damage_healed":0,"gold_gain":0,"cards_transformed":["Strike_R","Defend_R"],"player_choice":"Became Test Subject","damage_taken":0,"max_hp_gain":0,"max_hp_loss":0,"event_name":"Drug Dealer","floor":19,"gold_loss":0,"cards_obtained":["Shrug It Off","Reaper"]},{"damage_healed":0,"gold_gain":0,"player_choice":"Ignored","damage_taken":0,"max_hp_gain":0,"max_hp_loss":0,"event_name":"N\u0027loth","floor":20,"gold_loss":0},{"cards_removed":["Doubt"],"damage_healed":0,"gold_gain":0,"player_choice":"Purged","damage_taken":0,"max_hp_gain":0,"max_hp_loss":0,"event_name":"Purifier","floor":21,"gold_loss":0}],"is_beta":false,"boss_relics":[{"not_picked":["Runic Dome","Snecko Eye"],"picked":"Busted Crown"}],"items_purged_floors":[],"is_endless":false,"potions_floor_spawned":[1,11,12,16,22],"killed_by":"3 Cultists","ascension_level":14}