{"gold_per_floor":[117,130,141,154,154,171,206,219,245,259,259,334,360,373,373,373],"floor_reached":16,"playtime":956,"items_purged":[],"score":197,"play_id":"9e988265-141c-4a5b-a28d-81f7f76a610f","local_time":"20181123213829","is_ascension_mode":true,"campfire_choices":[{"data":"Tactician","floor":11,"key":"SMITH"},{"floor":15,"key":"REST"}],"neow_cost":"NONE","seed_source_timestamp":282990334785756,"circlet_count":0,"master_deck":["AscendersBane","Defend_G","Defend_G","Defend_G","Strike_G","Strike_G","Strike_G","Survivor","Neutralize","Quick Slash+1","Adrenaline+1","Glass Knife+1","Acrobatics","Backstab","PiercingWail","Backflip","Setup","Storm of Steel","Leg Sweep","Quick Slash","Tactician+1","Prepared","Choke"],"relics":["Astrolabe","Bag of Marbles","Potion Belt","Sundial"],"potions_floor_usage":[16],"damage_taken":[{"damage":0,"enemies":"Small Slimes","floor":1,"turns":2},{"damage":0,"enemies":"2 Louse","floor":2,"turns":1},{"damage":0,"enemies":"Jaw Worm","floor":3,"turns":1},{"damage":0,"enemies":"Exordium Wildlife","floor":4,"turns":4},{"damage":0,"enemies":"Blue Slaver","floor":6,"turns":3},{"damage":10,"enemies":"Lagavulin","floor":7,"turns":6},{"damage":1,"enemies":"Exordium Thugs","floor":8,"turns":3},{"damage":0,"enemies":"Large Slime","floor":10,"turns":5},{"damage":7,"enemies":"3 Sentries","floor":13,"turns":7},{"damage":6,"enemies":"Looter","floor":14,"turns":2},{"damage":44,"enemies":"The Guardian","floor":16,"turns":10}],"seed_played":"3496794696771041406","potions_obtained":[{"floor":1,"key":"Block Potion"},{"floor":6,"key":"Energy Potion"},{"floor":8,"key":"SteroidPotion"},{"floor":14,"key":"Strength Potion"}],"is_trial":false,"path_per_floor":["M","M","M","M","?","M","E","M","T","M","R","?","E","M","R","B"],"character_chosen":"THE_SILENT","items_purchased":[],"campfire_rested":1,"item_purchase_floors":[],"current_hp_per_floor":[59,59,59,59,59,59,49,48,48,48,48,37,30,24,43,0],"gold":373,"neow_bonus":"BOSS_RELIC","is_prod":false,"is_daily":false,"chose_seed":false,"campfire_upgraded":1,"win_rate":0,"timestamp":1543037909,"path_taken":["M","M","M","M","?","M","E","M","T","M","R","?","E","M","R","BOSS"],"build_version":"2018-11-15","purchased_purges":0,"victory":false,"max_hp_per_floor":[66,66,66,66,66,66,66,66,66,66,66,66,66,66,66,66],"card_choices":[{"not_picked":["Tactician","Deflect"],"picked":"Acrobatics","floor":1},{"not_picked":["Underhanded Strike","Dagger Throw"],"picked":"Backstab","floor":2},{"not_picked":["Backstab","Expertise"],"picked":"PiercingWail","floor":3},{"not_picked":["Prepared","Deflect"],"picked":"Backflip","floor":4},{"not_picked":["Well Laid Plans","Prepared"],"picked":"Storm of Steel","floor":6},{"not_picked":["Dodge and Roll","Acrobatics"],"picked":"Leg Sweep","floor":7},{"not_picked":["Bouncing Flask","Poisoned Stab"],"picked":"Quick Slash","floor":8},{"not_picked":["PiercingWail","Blade Dance"],"picked":"Tactician","floor":10},{"not_picked":["Outmaneuver","Underhanded Strike"],"picked":"Prepared","floor":13},{"not_picked":["Finisher","Crippling Poison"],"picked":"Choke","floor":14}],"player_experience":134030,"relics_obtained":[{"floor":7,"key":"Bag of Marbles"},{"floor":9,"key":"Potion Belt"},{"floor":13,"key":"Sundial"}],"event_choices":[{"damage_healed":0,"gold_gain":0,"cards_transformed":["Defend_G"],"player_choice":"Change","damage_taken":0,"max_hp_gain":0,"max_hp_loss":0,"event_name":"Living Wall","floor":5,"gold_loss":0,"cards_obtained":["Setup"]},{"damage_healed":0,"gold_gain":75,"player_choice":"Gather Gold","damage_taken":11,"max_hp_gain":0,"max_hp_loss":0,"event_name":"World of Goop","floor":12,"gold_loss":0}],"is_beta":false,"boss_relics":[],"items_purged_floors":[],"is_endless":false,"potions_floor_spawned":[1,6,8,14],"killed_by":"The Guardian","ascension_level":14}