{"gold_per_floor":[118,118,135,135,153,153,153,153,153,153,153,153,186,199,199,324,324,344,362,386,405,419,419,419,419,476,509,529,553,553,553,553,677,677,698,501,515,515,534,534,584,584,584,584,607,607,58,78,78,78],"floor_reached":51,"playtime":1750,"items_purged":["Writhe"],"score":692,"play_id":"e91f502e-167e-4e0f-a558-d5a057a49ac0","local_time":"20181213194630","is_ascension_mode":false,"campfire_choices":[{"data":"Dualcast","floor":6.0,"key":"SMITH"},{"data":"Zap","floor":8.0,"key":"SMITH"},{"data":"Redo","floor":10.0,"key":"SMITH"},{"data":"Sweeping Beam","floor":12.0,"key":"SMITH"},{"data":"Capacitor","floor":15.0,"key":"SMITH"},{"data":"Darkness","floor":23.0,"key":"SMITH"},{"floor":25.0,"key":"REST"},{"data":"Seek","floor":30.0,"key":"SMITH"},{"data":"Ball Lightning","floor":32.0,"key":"SMITH"},{"data":"Echo Form","floor":40,"key":"SMITH"},{"data":"Echo Form","floor":42,"key":"SMITH"},{"data":"Coolheaded","floor":44,"key":"SMITH"},{"data":"Defragment","floor":49,"key":"SMITH"}],"neow_cost":"NONE","seed_source_timestamp":1282886540813610,"circlet_count":0,"master_deck":["Zap+1","Dualcast+1","Darkness+1","Chill","Ball Lightning+1","Redo+1","Beam Cell+1","Sweeping Beam+1","Coolheaded+1","Reinforced Body","Steam+1","Capacitor+1","Conserve Battery","Undo","Barrage+1","Ball Lightning+1","Seek+1","Echo Form+1","Conserve Battery+1","Echo Form+1","Tempest+1","Go for the Eyes+1","Defragment+1","Chrysalis+1","Jack Of All Trades+1"],"special_seed":0,"relics":["Pandora\u0027s Box","Golden Idol","Whetstone","Potion Belt","Nuclear Battery","Tiny Chest","Bag of Preparation","Toxic Egg 2","Sozu","DollysMirror","Ancient Tea Set","Smiling Mask","Strawberry"],"potions_floor_usage":[45,50,50,50,50],"damage_taken":[{"damage":1.0,"enemies":"Jaw Worm","floor":1.0,"turns":2.0},{"damage":0.0,"enemies":"2 Louse","floor":3.0,"turns":2.0},{"damage":0.0,"enemies":"Cultist","floor":5.0,"turns":2.0},{"damage":0.0,"enemies":"Lagavulin","floor":13.0,"turns":4.0},{"damage":0.0,"enemies":"Exordium Thugs","floor":14.0,"turns":3.0},{"damage":24.0,"enemies":"Slime Boss","floor":16.0,"turns":4.0},{"damage":0.0,"enemies":"Chosen","floor":18.0,"turns":4.0},{"damage":18.0,"enemies":"3 Byrds","floor":19.0,"turns":5.0},{"damage":0.0,"enemies":"Centurion and Healer","floor":20.0,"turns":6.0},{"damage":0.0,"enemies":"Snake Plant","floor":21.0,"turns":4.0},{"damage":11.0,"enemies":"Sentry and Sphere","floor":22.0,"turns":5.0},{"damage":1.0,"enemies":"Book of Stabbing","floor":27.0,"turns":7.0},{"damage":0.0,"enemies":"Cultist and Chosen","floor":28.0,"turns":4.0},{"damage":3.0,"enemies":"3 Cultists","floor":29.0,"turns":4.0},{"damage":31.0,"enemies":"Automaton","floor":33.0,"turns":10.0},{"damage":0.0,"enemies":"3 Shapes","floor":35.0,"turns":6.0},{"damage":2.0,"enemies":"3 Darklings","floor":37.0,"turns":4.0},{"damage":6,"enemies":"4 Shapes","floor":39,"turns":4},{"damage":7,"enemies":"Writhing Mass","floor":45,"turns":5},{"damage":0,"enemies":"Jaw Worm Horde","floor":48,"turns":4},{"damage":4,"enemies":"Awakened One","floor":50,"turns":8}],"seed_played":"-3626049020774866953","potions_obtained":[{"floor":13.0,"key":"Block Potion"},{"floor":14.0,"key":"AttackPotion"},{"floor":16.0,"key":"Weak Potion"},{"floor":19.0,"key":"Fire Potion"},{"floor":22.0,"key":"AttackPotion"}],"is_trial":false,"path_per_floor":["M","$","M","?","M","R","?","R","T","R","?","R","E","M","R","B",null,"M","M","M","M","M","R","$","R","T","E","M","M","R","T","R","B",null,"M","$","M","T","M","R","T","R","T","R","M","?","$","M","R","B",null],"character_chosen":"DEFECT","items_purchased":["DollysMirror","Defragment","Strawberry","Chrysalis+1","Jack Of All Trades+1"],"campfire_rested":1,"item_purchase_floors":[36,47,47,47,47],"current_hp_per_floor":[74,74,74,56,56,56,49,49,49,49,49,49,49,49,49,25,75,75,57,57,57,46,46,46,68,68,67,67,64,64,64,64,33,75,75,75,73,73,67,67,67,67,67,67,60,75,82,82,82,78],"gold":78,"neow_bonus":"BOSS_RELIC","is_prod":false,"is_daily":false,"chose_seed":false,"campfire_upgraded":12,"win_rate":0,"timestamp":1544730390,"path_taken":["M","$","M","?","M","R","?","R","T","R","?","R","E","?","R","BOSS","M","M","M","M","M","R","$","R","T","E","M","M","R","?","R","BOSS","M","$","M","?","M","R","?","R","T","R","?","?","$","M","R","BOSS"],"build_version":"2018-12-06","purchased_purges":1,"victory":true,"max_hp_per_floor":[75,75,75,75,75,75,75,75,75,75,75,75,75,75,75,75,75,75,75,75,75,75,75,75,75,75,75,75,75,75,75,75,75,75,75,75,75,75,75,75,75,75,75,75,75,75,82,82,82,82],"card_choices":[{"not_picked":["Redo","Hello World"],"picked":"Reinforced Body","floor":1.0},{"not_picked":["Ball Lightning","Sweeping Beam"],"picked":"Steam","floor":3.0},{"not_picked":["Go for the Eyes","Rebound"],"picked":"Capacitor","floor":5.0},{"not_picked":["Skim","Aggregate"],"picked":"Conserve Battery","floor":13.0},{"not_picked":["Redo","Aggregate","FTL"],"picked":"SKIP","floor":14.0},{"not_picked":["Go for the Eyes","Compile Driver"],"picked":"Undo","floor":18.0},{"not_picked":["Reprogram","Static Discharge+1","Beam Cell+1"],"picked":"SKIP","floor":19.0},{"not_picked":["Turbo+1","Sweeping Beam","Streamline+1"],"picked":"SKIP","floor":20.0},{"not_picked":["Skim","Rebound","Consume"],"picked":"SKIP","floor":21.0},{"not_picked":["Consume","Streamline+1","Reinforced Body+1"],"picked":"SKIP","floor":22.0},{"not_picked":["Sunder+1","BootSequence"],"picked":"Barrage+1","floor":27.0},{"not_picked":["Gash","Coolheaded"],"picked":"Ball Lightning","floor":28.0},{"not_picked":["Cold Snap","Ball Lightning"],"picked":"Seek","floor":29.0},{"not_picked":["Biased Cognition","Meteor Strike"],"picked":"Echo Form","floor":33.0},{"not_picked":["Aggregate+1","Loop+1"],"picked":"Conserve Battery+1","floor":35.0},{"not_picked":["Turbo+1","Conserve Battery+1"],"picked":"Tempest+1","floor":37.0},{"not_picked":["Barrage","Coolheaded+1"],"picked":"Go for the Eyes+1","floor":39},{"not_picked":["Hello World+1","Redo+1","Amplify+1"],"picked":"SKIP","floor":45},{"not_picked":["BootSequence+1","Static Discharge","Sweeping Beam+1"],"picked":"SKIP","floor":48}],"player_experience":877151,"relics_obtained":[{"floor":9.0,"key":"Whetstone"},{"floor":13.0,"key":"Potion Belt"},{"floor":26.0,"key":"Tiny Chest"},{"floor":27.0,"key":"Bag of Preparation"},{"floor":31.0,"key":"Toxic Egg 2"},{"floor":41,"key":"Ancient Tea Set"},{"floor":43,"key":"Smiling Mask"}],"event_choices":[{"damage_healed":0.0,"max_hp_gain":0.0,"max_hp_loss":0.0,"gold_gain":0.0,"event_name":"Golden Idol","player_choice":"Take Damage","floor":4.0,"gold_loss":0.0,"damage_taken":18.0,"relics_obtained":["Golden Idol"]},{"cards_removed":["Scrape"],"damage_healed":0.0,"max_hp_gain":0.0,"max_hp_loss":0.0,"gold_gain":0.0,"event_name":"Golden Wing","player_choice":"Card Removal","floor":7.0,"gold_loss":0.0,"damage_taken":7.0},{"damage_healed":0.0,"max_hp_gain":0.0,"max_hp_loss":0.0,"gold_gain":0.0,"event_name":"Living Wall","player_choice":"Grow","floor":11.0,"gold_loss":0.0,"damage_taken":0.0,"cards_upgraded":["Steam"]},{"damage_healed":19,"gold_gain":0,"player_choice":"Writhe","damage_taken":0,"max_hp_gain":0,"max_hp_loss":0,"event_name":"Winding Halls","floor":46,"gold_loss":0,"cards_obtained":["Writhe"]}],"is_beta":false,"boss_relics":[{"not_picked":["Coffee Dripper","Lizard Tail"],"picked":"Nuclear Battery"},{"not_picked":["Runic Pyramid","Orrery"],"picked":"Sozu"}],"items_purged_floors":[47],"is_endless":false,"potions_floor_spawned":[13,14,16,19,22,28,29,33,45,48],"ascension_level":0}