{"gold_per_floor":[119,138,156,170,197,224,224,237,237,237,268,119,137,137,137,239,239,251,151,151,166,184,184,203,237,237,268,280,307,319,331,343,450,462,494,506,518,276,276,276,308,308,308,334,334,368,368,402,402,402,402,402,117,148,148],"floor_reached":56,"playtime":3772,"items_purged":["Strike_B","Strike_B"],"score":2156,"play_id":"ee7e771b-fd4a-4723-8489-f4d0f26a36a7","local_time":"20190122205906","is_ascension_mode":true,"campfire_choices":[{"data":"Loop","floor":7,"key":"SMITH"},{"data":"Genetic Algorithm","floor":10,"key":"SMITH"},{"floor":15,"key":"REST"},{"data":"Static Discharge","floor":23,"key":"SMITH"},{"floor":28,"key":"REST"},{"data":"Electrodynamics","floor":30,"key":"SMITH"},{"floor":32,"key":"REST"},{"floor":40,"key":"RECALL"},{"floor":42,"key":"REST"},{"floor":45,"key":"REST"},{"data":"Coolheaded","floor":49,"key":"SMITH"},{"data":"Secret Technique","floor":52,"key":"SMITH"}],"neow_cost":"NONE","seed_source_timestamp":29429560185317,"circlet_count":0,"master_deck":["AscendersBane","Defend_B+1","Defend_B+1","Defend_B+1","Zap+1","Dualcast+1","Loop+1","Darkness+1","Ball Lightning+1","Go for the Eyes+1","Coolheaded+1","Genetic Algorithm+1","Reinforced Body+1","Defragment+1","Static Discharge+1","Electrodynamics+1","Capacitor+1","Defragment+1","Auto Shields+1","Reinforced Body+1","Turbo+1","Machine Learning+1","Cold Snap+1","Genetic Algorithm+1","Cold Snap+1","Lockon+1","Secret Technique+1","Coolheaded+1","Dark Shackles"],"relics":["Cracked Core","Omamori","Vajra","Mercury Hourglass","Bottled Lightning","Sozu","Calipers","MawBank","Velvet Choker","Mark of the Bloom","Cables","PreservedInsect","Molten Egg 2","Centennial Puzzle","Emotion Chip","OrangePellets","Incense Burner"],"potions_floor_usage":[6,11,25,55],"damage_taken":[{"damage":0,"enemies":"Cultist","floor":1,"turns":3},{"damage":6,"enemies":"2 Louse","floor":2,"turns":3},{"damage":10,"enemies":"Small Slimes","floor":3,"turns":3},{"damage":6,"enemies":"Blue Slaver","floor":4,"turns":3},{"damage":0,"enemies":"Gremlin Nob","floor":6,"turns":2},{"damage":7,"enemies":"Exordium Wildlife","floor":8,"turns":5},{"damage":9,"enemies":"Lagavulin","floor":11,"turns":5},{"damage":6,"enemies":"2 Fungi Beasts","floor":13,"turns":3},{"damage":2,"enemies":"The Guardian","floor":16,"turns":9},{"damage":11,"enemies":"2 Thieves","floor":18,"turns":3},{"damage":9,"enemies":"Shell Parasite","floor":21,"turns":4},{"damage":8,"enemies":"3 Cultists","floor":22,"turns":3},{"damage":1,"enemies":"Chosen and Byrds","floor":24,"turns":4},{"damage":24,"enemies":"Book of Stabbing","floor":25,"turns":4},{"damage":0,"enemies":"Sentry and Sphere","floor":27,"turns":4},{"damage":5,"enemies":"Snake Plant","floor":29,"turns":4},{"damage":21,"enemies":"Champ","floor":33,"turns":12},{"damage":0,"enemies":"3 Shapes","floor":35,"turns":3},{"damage":0,"enemies":"Giant Head","floor":41,"turns":8},{"damage":0,"enemies":"Reptomancer","floor":44,"turns":5},{"damage":0,"enemies":"Nemesis","floor":46,"turns":7},{"damage":0,"enemies":"Giant Head","floor":48,"turns":5},{"damage":0,"enemies":"Awakened One","floor":50,"turns":28},{"damage":0,"enemies":"Shield and Spear","floor":54,"turns":6},{"damage":7,"enemies":"The Heart","floor":55,"turns":14}],"seed_played":"1447937374197572868","potions_obtained":[{"floor":3,"key":"Fire Potion"},{"floor":4,"key":"Dexterity Potion"},{"floor":8,"key":"EssenceOfSteel"},{"floor":11,"key":"Weak Potion"}],"is_trial":false,"path_per_floor":["M","M","M","M","T","E","R","M","T","R","E","$","M","?","R","B",null,"M","$","?","M","M","R","M","E","T","M","R","M","R","?","R","B",null,"M","?","?","$","?","R","E","R","T","E","R","E","?","E","R","B",null,"R","$","E","B",null],"character_chosen":"DEFECT","items_purchased":["Defragment","Cables","OrangePellets","Dark Shackles"],"campfire_rested":5,"item_purchase_floors":[12,38,53,53],"current_hp_per_floor":[68,62,52,46,46,46,46,39,39,39,30,30,24,17,39,37,66,55,55,55,46,38,38,37,13,13,13,35,30,30,30,52,31,64,64,64,64,64,64,64,64,64,64,64,64,64,64,64,64,64,64,64,64,64,57],"gold":148,"neow_bonus":"UPGRADE_CARD","is_prod":false,"is_daily":false,"chose_seed":false,"campfire_upgraded":6,"win_rate":0,"timestamp":1548219546,"path_taken":["M","M","M","M","?","E","R","M","T","R","E","$","M","?","R","BOSS","M","$","?","M","M","R","M","E","T","M","R","M","R","?","R","BOSS","M","?","?","$","?","R","E","R","T","E","R","E","?","E","R","BOSS","R","$","E","BOSS"],"build_version":"2019-01-17v2","purchased_purges":2,"victory":true,"max_hp_per_floor":[75,75,75,75,75,75,75,75,75,75,75,75,75,75,75,75,75,75,75,75,75,75,75,75,75,75,75,75,75,75,75,75,75,75,75,75,75,75,75,75,75,75,75,75,75,75,75,75,75,75,75,75,75,75,75],"card_choices":[{"not_picked":["Compile Driver","Genetic Algorithm"],"picked":"Loop","floor":1},{"not_picked":["Gash","Turbo"],"picked":"Darkness","floor":2},{"not_picked":["Aggregate","Double Energy"],"picked":"Ball Lightning","floor":3},{"not_picked":["Auto Shields","Machine Learning"],"picked":"Go for the Eyes","floor":4},{"not_picked":["Gash","Steam"],"picked":"Coolheaded","floor":6},{"not_picked":["Gash","Rebound"],"picked":"Genetic Algorithm","floor":8},{"not_picked":["Redo","Tempest"],"picked":"Reinforced Body","floor":11},{"not_picked":["Tempest","Go for the Eyes"],"picked":"Static Discharge","floor":13},{"not_picked":["Core Surge","Rainbow"],"picked":"Electrodynamics","floor":16},{"not_picked":["Stack","Heatsinks"],"picked":"Capacitor","floor":18},{"not_picked":["Conserve Battery","Rip and Tear+1"],"picked":"Auto Shields","floor":21},{"not_picked":["Storm","Streamline","Rip and Tear"],"picked":"SKIP","floor":22},{"not_picked":["Turbo+1","Scrape","Ball Lightning"],"picked":"SKIP","floor":24},{"not_picked":["Stack+1","Auto Shields"],"picked":"Reinforced Body","floor":25},{"not_picked":["Sweeping Beam","Capacitor"],"picked":"Turbo+1","floor":27},{"not_picked":["Gash","Go for the Eyes","Lockon"],"picked":"SKIP","floor":29},{"not_picked":["Meteor Strike","All For One"],"picked":"Machine Learning","floor":33},{"not_picked":["Static Discharge","Redo+1"],"picked":"Cold Snap+1","floor":35},{"not_picked":["Conserve Battery","Beam Cell"],"picked":"Genetic Algorithm+1","floor":41},{"not_picked":["Storm","Hyperbeam"],"picked":"Cold Snap+1","floor":44},{"not_picked":["Sweeping Beam+1","Gash+1"],"picked":"Lockon+1","floor":46},{"not_picked":["PanicButton","Purity"],"picked":"Secret Technique","floor":47},{"not_picked":["BootSequence","Rebound+1"],"picked":"Coolheaded","floor":48},{"not_picked":["Hello World+1","Undo+1","Turbo"],"picked":"SKIP","floor":54}],"player_experience":454609,"relics_obtained":[{"floor":5,"key":"Omamori"},{"floor":6,"key":"Vajra"},{"floor":9,"key":"Mercury Hourglass"},{"floor":11,"key":"Bottled Lightning"},{"floor":25,"key":"Calipers"},{"floor":26,"key":"MawBank"},{"floor":41,"key":"PreservedInsect"},{"floor":44,"key":"Molten Egg 2"},{"floor":46,"key":"Centennial Puzzle"},{"floor":48,"key":"Emotion Chip"},{"floor":54,"key":"Incense Burner"}],"event_choices":[{"cards_removed":["Strike_B"],"damage_healed":0,"gold_gain":0,"player_choice":"Card Removal","damage_taken":7,"max_hp_gain":0,"max_hp_loss":0,"event_name":"Golden Wing","floor":14,"gold_loss":0},{"damage_healed":0,"gold_gain":0,"cards_transformed":["Strike_B","Defend_B"],"player_choice":"Became Test Subject","damage_taken":0,"max_hp_gain":0,"max_hp_loss":0,"event_name":"Drug Dealer","floor":20,"gold_loss":0,"cards_obtained":["Defragment","Melter"]},{"damage_healed":0,"gold_gain":0,"player_choice":"Simplicity","damage_taken":0,"max_hp_gain":0,"max_hp_loss":0,"event_name":"Back to Basics","floor":31,"gold_loss":0,"cards_upgraded":["Defend_B","Defend_B","Defend_B"]},{"cards_removed":["Melter"],"damage_healed":0,"gold_gain":0,"player_choice":"Removed Attack","damage_taken":0,"max_hp_gain":0,"max_hp_loss":0,"event_name":"Falling","floor":36,"gold_loss":0},{"damage_healed":0,"gold_gain":0,"player_choice":"Upgrade","damage_taken":0,"relics_obtained":["Mark of the Bloom"],"max_hp_gain":0,"max_hp_loss":0,"event_name":"MindBloom","floor":37,"gold_loss":0,"cards_upgraded":["Dualcast","Darkness","Ball Lightning","Go for the Eyes","Coolheaded","Reinforced Body","Defragment","Capacitor","Defragment","Auto Shields","Reinforced Body","Machine Learning"]},{"damage_healed":0,"gold_gain":0,"player_choice":"Ignored","damage_taken":0,"max_hp_gain":0,"max_hp_loss":0,"event_name":"Tomb of Lord Red Mask","floor":39,"gold_loss":0},{"damage_healed":0,"gold_gain":0,"player_choice":"Memory 1","damage_taken":0,"max_hp_gain":0,"max_hp_loss":0,"event_name":"SensoryStone","floor":47,"gold_loss":0}],"is_beta":false,"boss_relics":[{"not_picked":["Empty Cage","Pandora\u0027s Box"],"picked":"Sozu"},{"not_picked":["FrozenCore","Astrolabe"],"picked":"Velvet Choker"}],"items_purged_floors":[12,19],"is_endless":false,"potions_floor_spawned":[3,4,8,11,13,18,22,25,35,46,54],"ascension_level":12}