{"gold_per_floor":[17,28,44,44,58,58,68,97,123,123],"floor_reached":10,"playtime":550,"items_purged":[],"score":123,"play_id":"7fa88584-2752-4b58-a568-8b08de930b4e","local_time":"20190210184216","is_ascension_mode":true,"campfire_choices":[{"floor":6,"key":"REST"}],"neow_cost":"NO_GOLD","seed_source_timestamp":109548982110056,"circlet_count":0,"master_deck":["AscendersBane","Defend_G","Defend_G","Defend_G","Defend_G","Strike_G","Strike_G","Strike_G","Strike_G","Survivor","Neutralize","Well Laid Plans","Slice","Crippling Poison","All Out Attack"],"relics":["Ring of the Snake","Orichalcum","Regal Pillow","Bag of Marbles"],"potions_floor_usage":[7],"damage_taken":[{"damage":0,"enemies":"Small Slimes","floor":1,"turns":5},{"damage":0,"enemies":"2 Louse","floor":2,"turns":3},{"damage":0,"enemies":"Jaw Worm","floor":3,"turns":4},{"damage":6,"enemies":"Exordium Thugs","floor":5,"turns":6},{"damage":2,"enemies":"Gremlin Gang","floor":7,"turns":3},{"damage":49,"enemies":"Lagavulin","floor":8,"turns":12},{"damage":11,"enemies":"Lots of Slimes","floor":10,"turns":1}],"seed_played":"2495769013149921218","potions_obtained":[{"floor":3,"key":"SmokeBomb"},{"floor":5,"key":"SkillPotion"}],"is_trial":false,"path_per_floor":["M","M","M","?","M","R","M","E","T","M"],"character_chosen":"THE_SILENT","items_purchased":[],"campfire_rested":1,"item_purchase_floors":[],"current_hp_per_floor":[59,59,59,48,42,61,59,10,10,0],"gold":123,"neow_bonus":"REMOVE_TWO","is_prod":false,"is_daily":false,"chose_seed":false,"campfire_upgraded":0,"win_rate":0,"timestamp":1549845736,"path_taken":["M","M","M","?","M","R","M","E","T","M"],"build_version":"2019-01-23","purchased_purges":0,"victory":false,"max_hp_per_floor":[66,66,66,66,66,66,66,66,66,66],"card_choices":[{"not_picked":["Flying Knee","Underhanded Strike"],"picked":"Well Laid Plans","floor":1},{"not_picked":["Dagger Throw","Flying Knee"],"picked":"Slice","floor":2},{"not_picked":["Well Laid Plans","Acrobatics"],"picked":"Crippling Poison","floor":3},{"not_picked":["Accuracy","Night Terror"],"picked":"All Out Attack","floor":5},{"not_picked":["Poisoned Stab","Choke","Well Laid Plans"],"picked":"SKIP","floor":7},{"not_picked":["Dagger Throw","Concentrate","Venomology"],"picked":"SKIP","floor":8}],"player_experience":845726,"relics_obtained":[{"floor":8,"key":"Regal Pillow"},{"floor":9,"key":"Bag of Marbles"}],"event_choices":[{"damage_healed":0,"gold_gain":0,"player_choice":"Success","damage_taken":11,"relics_obtained":["Orichalcum"],"max_hp_gain":0,"max_hp_loss":0,"event_name":"Scrap Ooze","floor":4,"gold_loss":0}],"is_beta":false,"boss_relics":[],"items_purged_floors":[],"is_endless":false,"potions_floor_spawned":[3,5],"killed_by":"Lots of Slimes","ascension_level":15}