{"gold_per_floor":[111,127,102,117,192,192,212,212,259,324,338,338,355,369,369,474,474,490,500,500,510,215,215,215],"floor_reached":24,"playtime":619,"items_purged":[],"score":200,"play_id":"5976ab3b-ea77-4e24-96b3-39a8a0b169d8","local_time":"20181205204752","is_ascension_mode":false,"campfire_choices":[{"data":"Defragment","floor":6.0,"key":"SMITH"},{"data":"Rainbow","floor":15,"key":"SMITH"},{"floor":23,"key":"REST"}],"neow_cost":"NONE","seed_source_timestamp":596488763147083,"circlet_count":0,"master_deck":["Strike_B","Strike_B","Strike_B","Strike_B","Defend_B","Defend_B","Defend_B","Defend_B","Zap","Dualcast","Dramatic Entrance","Defragment+1","Ball Lightning","BootSequence","Chaos","Go for the Eyes","Rainbow+1","Echo Form","Cold Snap+1","Undo","Glacier","Chill","Capacitor"],"special_seed":0,"relics":["Cracked Core","Happy Flower","Tiny Chest","Symbiotic Virus","Inserter"],"potions_floor_usage":[24,24],"damage_taken":[{"damage":2.0,"enemies":"Small Slimes","floor":1.0,"turns":2.0},{"damage":0.0,"enemies":"2 Louse","floor":2.0,"turns":2.0},{"damage":1.0,"enemies":"Cultist","floor":4.0,"turns":3.0},{"damage":0.0,"enemies":"Exordium Thugs","floor":7.0,"turns":3.0},{"damage":6.0,"enemies":"Gremlin Nob","floor":10.0,"turns":3.0},{"damage":0,"enemies":"Lots of Slimes","floor":11,"turns":2},{"damage":1,"enemies":"3 Louse","floor":13,"turns":2},{"damage":9,"enemies":"Exordium Thugs","floor":14,"turns":3},{"damage":6,"enemies":"Hexaghost","floor":16,"turns":8},{"damage":20,"enemies":"2 Thieves","floor":18,"turns":4},{"damage":8,"enemies":"3 Byrds","floor":19,"turns":5},{"damage":23,"enemies":"Snake Plant","floor":21,"turns":4},{"damage":24,"enemies":"Gremlin Leader","floor":24,"turns":7}],"seed_played":"564167112959487680","potions_obtained":[{"floor":2.0,"key":"FearPotion"},{"floor":7.0,"key":"SneckoOil"},{"floor":11,"key":"GamblersBrew"},{"floor":14,"key":"Explosive Potion"},{"floor":16,"key":"Energy Potion"},{"floor":18,"key":"Block Potion"}],"is_trial":false,"path_per_floor":["M","M","$","M","?","R","M","$","T","E","M","?","M","M","R","B",null,"M","M","?","M","$","R","E"],"character_chosen":"DEFECT","items_purchased":["Ball Lightning","Glacier","Chill","Capacitor","Regen Potion"],"campfire_rested":1,"item_purchase_floors":[3,22,22,22,22],"current_hp_per_floor":[73,73,73,72,61,61,61,61,61,55,55,55,54,45,45,39,75,55,47,47,24,24,46,36],"gold":215,"neow_bonus":"RANDOM_COLORLESS","is_prod":false,"is_daily":false,"chose_seed":false,"campfire_upgraded":2,"win_rate":0,"timestamp":1544042872,"path_taken":["M","M","$","M","?","R","M","$","T","E","M","?","?","M","R","BOSS","M","M","?","?","$","R","E"],"build_version":"2018-11-15","purchased_purges":0,"victory":false,"max_hp_per_floor":[75,75,75,75,75,75,75,75,75,75,75,75,75,75,75,75,75,75,75,75,75,75,75,75],"card_choices":[{"not_picked":["Skim","Leap"],"picked":"Defragment","floor":1.0},{"not_picked":["Genetic Algorithm","Recycle","Streamline"],"picked":"SKIP","floor":2.0},{"not_picked":["Coolheaded","Reinforced Body","Rebound"],"picked":"SKIP","floor":4.0},{"not_picked":["Streamline","Rebound","FTL"],"picked":"SKIP","floor":7.0},{"not_picked":["Consume","Gash"],"picked":"BootSequence","floor":10.0},{"not_picked":["Tempest","Storm"],"picked":"Chaos","floor":11},{"not_picked":["Self Repair","Steam Power"],"picked":"Go for the Eyes","floor":13},{"not_picked":["Ball Lightning","Stack"],"picked":"Rainbow","floor":14},{"not_picked":["Thunder Strike","Fission"],"picked":"Echo Form","floor":16},{"not_picked":["Beam Cell","Leap","Cold Snap"],"picked":"SKIP","floor":18},{"not_picked":["Melter","Rebound"],"picked":"Cold Snap+1","floor":19},{"not_picked":["Compile Driver","Beam Cell+1"],"picked":"Undo","floor":21}],"player_experience":859172,"relics_obtained":[{"floor":9.0,"key":"Happy Flower"},{"floor":10.0,"key":"Tiny Chest"}],"event_choices":[{"damage_healed":0.0,"max_hp_gain":0.0,"max_hp_loss":0.0,"gold_gain":75.0,"event_name":"World of Goop","player_choice":"Gather Gold","floor":5.0,"gold_loss":0.0,"damage_taken":11.0},{"damage_healed":0,"gold_gain":0,"player_choice":"Gave Potion","damage_taken":0,"relics_obtained":["Symbiotic Virus"],"max_hp_gain":0,"max_hp_loss":0,"event_name":"WeMeetAgain","floor":12,"gold_loss":0},{"damage_healed":0,"gold_gain":0,"player_choice":"Bought 0 Potions","damage_taken":0,"max_hp_gain":0,"max_hp_loss":0,"event_name":"The Woman in Blue","floor":20,"gold_loss":0}],"is_beta":false,"boss_relics":[{"not_picked":["Pandora\u0027s Box","Astrolabe"],"picked":"Inserter"}],"items_purged_floors":[],"is_endless":false,"potions_floor_spawned":[2,7,11,14,16,18],"killed_by":"Gremlin Leader","ascension_level":0}