{"gold_per_floor":[109,121,134,145,157,157,191,191,215,10,10,10,10,49,49,145,145,163,78,78,89,8,8],"floor_reached":23,"playtime":1700,"items_purged":["Strike_R"],"score":392,"play_id":"fc1e7d17-503c-48dd-b49b-653454b96511","local_time":"20190203010406","is_ascension_mode":true,"campfire_choices":[{"data":"Inflame","floor":6,"key":"SMITH"},{"data":"Whirlwind","floor":8,"key":"SMITH"},{"data":"Bash","floor":11,"key":"SMITH"},{"data":"Inflame","floor":15,"key":"SMITH"}],"neow_cost":"TEN_PERCENT_HP_LOSS","seed_source_timestamp":99024058086700,"circlet_count":0,"master_deck":["AscendersBane","Strike_R","Strike_R","Strike_R","Defend_R","Defend_R","Defend_R+1","Defend_R","Bash+1","Whirlwind+1","Pommel Strike","Inflame+1","Reaper","Shrug It Off","Shrug It Off+1","Immolate","Inflame+1","Double Tap","Battle Trance","Evolve"],"relics":["Burning Blood","Unceasing Top","Boot","Smiling Mask","Bloody Idol","War Paint","Mark of Pain","Orichalcum"],"potions_floor_usage":[7,7,14,16],"damage_taken":[{"damage":8,"enemies":"2 Louse","floor":1,"turns":3},{"damage":4,"enemies":"Small Slimes","floor":2,"turns":4},{"damage":11,"enemies":"Jaw Worm","floor":3,"turns":5},{"damage":7,"enemies":"Large Slime","floor":4,"turns":5},{"damage":17,"enemies":"Exordium Thugs","floor":5,"turns":6},{"damage":25,"enemies":"Lagavulin","floor":7,"turns":4},{"damage":0,"enemies":"3 Sentries","floor":14,"turns":4},{"damage":28,"enemies":"Slime Boss","floor":16,"turns":8},{"damage":23,"enemies":"3 Byrds","floor":18,"turns":5},{"damage":13,"enemies":"Spheric Guardian","floor":21,"turns":4},{"damage":38,"enemies":"Slavers","floor":23,"turns":2}],"seed_played":"4654531948762413990","potions_obtained":[{"floor":1,"key":"Strength Potion"},{"floor":4,"key":"AttackPotion"},{"floor":7,"key":"Energy Potion"},{"floor":14,"key":"AttackPotion"}],"is_trial":false,"path_per_floor":["M","M","M","M","M","R","E","R","T","$","R","?","?","E","R","B",null,"M","?","?","M","$","E"],"character_chosen":"IRONCLAD","items_purchased":["Immolate","Evolve"],"campfire_rested":0,"item_purchase_floors":[10,22],"current_hp_per_floor":[66,68,63,62,55,55,45,45,45,45,45,45,38,44,44,22,52,35,35,35,33,33,0],"gold":8,"neow_bonus":"ONE_RARE_RELIC","is_prod":false,"is_daily":false,"chose_seed":false,"campfire_upgraded":4,"win_rate":0,"timestamp":1549152246,"path_taken":["M","M","M","M","M","R","E","R","T","$","R","?","?","E","R","BOSS","M","?","?","M","$","E"],"build_version":"2019-01-23","purchased_purges":1,"victory":false,"max_hp_per_floor":[68,68,68,68,68,68,68,68,68,68,68,62,62,62,62,62,62,62,62,62,62,62,62],"card_choices":[{"not_picked":["Armaments","Cleave"],"picked":"Whirlwind","floor":1},{"not_picked":["Sentinel","Intimidate"],"picked":"Pommel Strike","floor":2},{"not_picked":["Iron Wave","Bloodletting"],"picked":"Inflame","floor":3},{"not_picked":["Entrench","Headbutt"],"picked":"Reaper","floor":4},{"not_picked":["Headbutt","Wild Strike"],"picked":"Shrug It Off","floor":5},{"not_picked":["Wild Strike","Anger"],"picked":"Shrug It Off","floor":7},{"not_picked":["Twin Strike","Rupture"],"picked":"Inflame","floor":14},{"not_picked":["Juggernaut","Bludgeon"],"picked":"Double Tap","floor":16},{"not_picked":["Cleave","Thunderclap","Havoc"],"picked":"SKIP","floor":18},{"not_picked":["Clash","Twin Strike"],"picked":"Battle Trance","floor":21}],"player_experience":334730,"relics_obtained":[{"floor":7,"key":"Boot"},{"floor":9,"key":"Smiling Mask"},{"floor":14,"key":"War Paint"}],"event_choices":[{"damage_healed":0,"gold_gain":0,"player_choice":"Lose Max HP","damage_taken":0,"relics_obtained":["Golden Idol"],"max_hp_gain":0,"max_hp_loss":6,"event_name":"Golden Idol","floor":12,"gold_loss":0},{"cards_removed":["Strike_R"],"damage_healed":0,"gold_gain":0,"player_choice":"Card Removal","damage_taken":7,"max_hp_gain":0,"max_hp_loss":0,"event_name":"Golden Wing","floor":13,"gold_loss":0},{"damage_healed":0,"gold_gain":0,"player_choice":"Obtained Relic","damage_taken":0,"relics_obtained":["Orichalcum"],"max_hp_gain":0,"max_hp_loss":0,"event_name":"Addict","floor":19,"gold_loss":85},{"damage_healed":0,"gold_gain":0,"player_choice":"Gave Idol","damage_taken":0,"relics_obtained":["Bloody Idol"],"max_hp_gain":0,"max_hp_loss":0,"event_name":"Forgotten Altar","floor":20,"relics_lost":["Golden Idol"],"gold_loss":0}],"is_beta":false,"boss_relics":[{"not_picked":["Eternal Feather","Orrery"],"picked":"Mark of Pain"}],"items_purged_floors":[10],"is_endless":false,"potions_floor_spawned":[1,4,7,14],"killed_by":"Slavers","ascension_level":15}