{"gold_per_floor":[115,30,46,64,64,99,99,131,131,131,206,206,206,219,219,314,314,324,341,36,36,51,51,80,93,167,202,202],"floor_reached":28,"playtime":2437,"items_purged":["Strike_R"],"score":399,"play_id":"6b738028-f99a-47e1-a873-f8a16295ba19","local_time":"20190131104227","is_ascension_mode":true,"campfire_choices":[{"data":"Whirlwind","floor":7,"key":"SMITH"},{"data":"Heavy Blade","floor":10,"key":"SMITH"},{"floor":12,"key":"REST"},{"data":"Inflame","floor":15,"key":"SMITH"},{"floor":23,"key":"REST"}],"neow_cost":"NONE","seed_source_timestamp":299051370303100,"circlet_count":0,"master_deck":["AscendersBane","Strike_R+1","Strike_R","Strike_R","Strike_R","Defend_R","Defend_R+1","Defend_R","Defend_R","Bash","Cleave","Whirlwind+1","Dark Embrace","Heavy Blade+1","Inflame+1","Limit Break","Pommel Strike+1","Shrug It Off+1","Offering","Feel No Pain","Headbutt+1","Havoc+1"],"relics":["Burning Blood","Red Skull","Molten Egg 2","Art of War","Black Star","Bag of Marbles","Bottled Lightning","Matryoshka","Girya","Juzu Bracelet"],"potions_floor_usage":[1,6,6,6,16,18,22,24,28],"damage_taken":[{"damage":10,"enemies":"Cultist","floor":1,"turns":5},{"damage":0,"enemies":"Small Slimes","floor":3,"turns":3},{"damage":23,"enemies":"Jaw Worm","floor":4,"turns":6},{"damage":22,"enemies":"Lagavulin","floor":6,"turns":6},{"damage":10,"enemies":"3 Sentries","floor":8,"turns":3},{"damage":4,"enemies":"3 Louse","floor":14,"turns":3},{"damage":30,"enemies":"Hexaghost","floor":16,"turns":7},{"damage":39,"enemies":"Shell Parasite","floor":18,"turns":7},{"damage":22,"enemies":"Spheric Guardian","floor":19,"turns":4},{"damage":27,"enemies":"Shelled Parasite and Fungi","floor":22,"turns":4},{"damage":30,"enemies":"Slavers","floor":24,"turns":4},{"damage":6,"enemies":"Snecko","floor":25,"turns":2},{"damage":25,"enemies":"Book of Stabbing","floor":27,"turns":3},{"damage":8,"enemies":"3 Cultists","floor":28,"turns":3}],"seed_played":"6297672279453709974","potions_obtained":[{"floor":0,"key":"AttackPotion"},{"floor":0,"key":"GamblersBrew"},{"floor":0,"key":"BloodPotion"},{"floor":8,"key":"Block Potion"},{"floor":14,"key":"PowerPotion"},{"floor":16,"key":"Ancient Potion"},{"floor":21,"key":"FairyPotion"},{"floor":21,"key":"EssenceOfSteel"},{"floor":22,"key":"Regen Potion"},{"floor":27,"key":"Energy Potion"}],"is_trial":false,"path_per_floor":["M","$","M","M","?","E","R","E","T","R","?","R","?","M","R","B",null,"M","M","$","?","M","R","E","M","T","E","M"],"character_chosen":"IRONCLAD","items_purchased":["Whirlwind","FearPotion","Offering","Feel No Pain"],"campfire_rested":2,"item_purchase_floors":[2,2,20,20],"current_hp_per_floor":[76,76,80,63,47,31,31,27,27,27,16,40,45,47,47,23,70,37,21,21,21,14,39,27,27,27,8,0],"gold":202,"neow_bonus":"THREE_SMALL_POTIONS","is_prod":false,"is_daily":false,"chose_seed":false,"campfire_upgraded":3,"win_rate":0,"timestamp":1548927747,"path_taken":["M","$","M","M","?","E","R","E","T","R","?","R","?","M","R","BOSS","M","M","$","?","M","R","E","M","T","E","M"],"build_version":"2019-01-23","purchased_purges":1,"victory":false,"max_hp_per_floor":[80,80,80,80,80,80,80,80,80,80,80,80,85,85,85,85,85,85,85,85,85,85,85,85,85,85,85,85],"card_choices":[{"not_picked":["Clash","Flex"],"picked":"Cleave","floor":1},{"not_picked":["Clothesline","Iron Wave"],"picked":"Dark Embrace","floor":3},{"not_picked":["Clothesline","Body Slam"],"picked":"Heavy Blade","floor":4},{"not_picked":["Rupture","Havoc","Wild Strike"],"picked":"SKIP","floor":6},{"not_picked":["Blood for Blood","Pummel","Sword Boomerang"],"picked":"SKIP","floor":8},{"not_picked":["Iron Wave+1","Impervious"],"picked":"Inflame","floor":14},{"not_picked":["Bludgeon+1","Feed+1"],"picked":"Limit Break","floor":16},{"not_picked":["Warcry","Wild Strike+1"],"picked":"Pommel Strike+1","floor":18},{"not_picked":["Whirlwind+1","Pommel Strike+1"],"picked":"Shrug It Off+1","floor":19},{"not_picked":["Anger+1","Havoc","True Grit"],"picked":"SKIP","floor":22},{"not_picked":["Warcry+1","Rampage+1"],"picked":"Headbutt+1","floor":24},{"not_picked":["Exhume","Clothesline+1"],"picked":"Havoc+1","floor":25},{"not_picked":["Body Slam+1","Thunderclap+1","Wild Strike+1"],"picked":"SKIP","floor":27}],"player_experience":218675,"relics_obtained":[{"floor":6,"key":"Red Skull"},{"floor":8,"key":"Molten Egg 2"},{"floor":9,"key":"Art of War"},{"floor":24,"key":"Bag of Marbles"},{"floor":24,"key":"Bottled Lightning"},{"floor":26,"key":"Matryoshka"},{"floor":27,"key":"Girya"},{"floor":27,"key":"Juzu Bracelet"}],"event_choices":[{"damage_healed":0,"gold_gain":0,"player_choice":"Entered Light","damage_taken":16,"max_hp_gain":0,"max_hp_loss":0,"event_name":"Shining Light","floor":5,"gold_loss":0,"cards_upgraded":["Strike_R","Defend_R"]},{"damage_healed":0,"gold_gain":75,"player_choice":"Gather Gold","damage_taken":11,"max_hp_gain":0,"max_hp_loss":0,"event_name":"World of Goop","floor":11,"gold_loss":0},{"damage_healed":0,"gold_gain":0,"player_choice":"Donut","damage_taken":0,"max_hp_gain":5,"max_hp_loss":0,"event_name":"Big Fish","floor":13,"gold_loss":0},{"damage_healed":0,"gold_gain":0,"player_choice":"Got Potions","damage_taken":0,"max_hp_gain":0,"max_hp_loss":0,"event_name":"Lab","floor":21,"gold_loss":0}],"is_beta":false,"boss_relics":[{"not_picked":["Eternal Feather","Fusion Hammer"],"picked":"Black Star"}],"items_purged_floors":[20],"is_endless":false,"potions_floor_spawned":[8,14,16,22,27],"killed_by":"3 Cultists","ascension_level":10}