{"gold_per_floor":[114,129,129,144,159,189,204,204,229,248,263,278,308,333,333,433,433],"floor_reached":17,"playtime":1560,"items_purged":[],"score":194,"play_id":"a33ce202-230d-4037-a9c1-9a94ec2a11db","local_time":"20180623114949","daily_mods":["Diverse","Time Dilation","Hoarder"],"is_ascension_mode":false,"campfire_choices":[{"floor":8,"key":"REST"},{"floor":15,"key":"REST"}],"neow_cost":"","seed_source_timestamp":5763250506802,"circlet_count":0,"master_deck":["Defend_G","Defend_G","Strike_G","Strike_G","Strike_G","Strike_G","Strike_G","Survivor","Neutralize","Sweeping Beam","Sweeping Beam","Sweeping Beam","Outmaneuver","Outmaneuver","Outmaneuver","Cloak And Dagger","Cloak And Dagger","Cloak And Dagger","Ball Lightning","Ball Lightning","Ball Lightning","Meteor Strike","Meteor Strike","Meteor Strike","Prepared","Prepared","Prepared","Leg Sweep","Leg Sweep","Leg Sweep","Flex","Flex","Flex","Fiend Fire","Fiend Fire","Fiend Fire","Power Through+1","Power Through+1","Power Through+1","Entrench+1","Entrench+1","Entrench+1","Deflect+1","Deflect+1","Deflect+1"],"special_seed":17705,"relics":["Ring of the Snake","Ancient Tea Set","Happy Flower","Odd Mushroom","Du-Vu Doll","Pen Nib","Astrolabe"],"potions_floor_usage":[],"damage_taken":[{"damage":0,"enemies":"Small Slimes","floor":1,"turns":3},{"damage":6,"enemies":"2 Louse","floor":2,"turns":2},{"damage":7,"enemies":"Jaw Worm","floor":4,"turns":3},{"damage":10,"enemies":"3 Louse","floor":5,"turns":3},{"damage":9,"enemies":"3 Sentries","floor":6,"turns":8},{"damage":13,"enemies":"Exordium Wildlife","floor":7,"turns":2},{"damage":0,"floor":10,"turns":3},{"damage":0,"enemies":"Lots of Slimes","floor":11,"turns":1},{"damage":2,"enemies":"Red Slaver","floor":12,"turns":3},{"damage":20,"enemies":"Gremlin Nob","floor":13,"turns":5},{"damage":46,"enemies":"The Guardian","floor":16,"turns":9}],"seed_played":"3243282396606865900","potions_obtained":[{"floor":1,"key":"Energy Potion"},{"floor":5,"key":"Ancient Potion"},{"floor":10,"key":"FearPotion"},{"floor":12,"key":"Dexterity Potion"}],"is_trial":false,"path_per_floor":["M","M","?","M","M","E","M","R","T","?","M","M","E","T","R","B"],"character_chosen":"THE_SILENT","items_purchased":[],"campfire_rested":2,"item_purchase_floors":[],"current_hp_per_floor":[70,64,69,62,52,43,30,52,52,52,52,50,30,30,52,6,75],"gold":433,"neow_bonus":"","is_prod":false,"is_daily":true,"chose_seed":false,"campfire_upgraded":0,"win_rate":0,"timestamp":1529768989,"path_taken":["M","M","?","M","M","E","M","R","T","?","M","?","E","?","R","BOSS"],"build_version":"2018-06-21v2","purchased_purges":0,"victory":false,"max_hp_per_floor":[70,70,75,75,75,75,75,75,75,75,75,75,75,75,75,75,75],"card_choices":[{"not_picked":["Tempest","Sword Boomerang"],"picked":"Sweeping Beam","floor":1},{"not_picked":["Ball Lightning","Conserve Battery","Anger"],"picked":"SKIP","floor":2},{"not_picked":["Dash","Melter"],"picked":"Outmaneuver","floor":4},{"not_picked":["Wild Strike","Armaments"],"picked":"Cloak And Dagger","floor":5},{"not_picked":["Noxious Fumes","Storm"],"picked":"Ball Lightning","floor":6},{"not_picked":["Pommel Strike","Heavy Blade"],"picked":"Meteor Strike","floor":7},{"not_picked":["Dash","Barrage"],"picked":"Prepared","floor":10},{"not_picked":["Lockon","Pommel Strike"],"picked":"Leg Sweep","floor":11},{"not_picked":["Pommel Strike","PiercingWail"],"picked":"Flex","floor":12},{"not_picked":["Sword Boomerang","Consume","Compile Driver"],"picked":"SKIP","floor":13},{"not_picked":["Biased Cognition","Core Surge"],"picked":"Fiend Fire","floor":16}],"player_experience":42055,"relics_obtained":[{"floor":6,"key":"Ancient Tea Set"},{"floor":9,"key":"Happy Flower"},{"floor":10,"key":"Odd Mushroom"},{"floor":13,"key":"Du-Vu Doll"},{"floor":14,"key":"Pen Nib"}],"event_choices":[{"event_name":"Big Fish","player_choice":"Donut","floor":3,"damage_taken":0},{"event_name":"Mushrooms","player_choice":"Fought Mushrooms","floor":10,"damage_taken":0}],"boss_relics":[{"not_picked":["Eternal Feather","Black Star"],"picked":"Astrolabe"}],"items_purged_floors":[],"is_endless":false,"potions_floor_spawned":[1,5,10,12,16],"ascension_level":0}