{"gold_per_floor":[17,17,36,36,48,48,78,89,89,89,108,108,33,65,65,166,216,226,251,176,76,76,76,86,86,113,141,141,141,16,28,28,28],"floor_reached":33,"playtime":1863,"items_purged":["Pain","Defend_R","Strike_R"],"score":285,"play_id":"1d576040-891b-4960-ba8e-17860317e9ca","local_time":"20190207183242","is_ascension_mode":true,"campfire_choices":[{"data":"Bash","floor":6.0,"key":"SMITH"},{"data":"Double Tap","floor":10.0,"key":"SMITH"},{"data":"Flame Barrier","floor":12.0,"key":"SMITH"},{"data":"Disarm","floor":15.0,"key":"SMITH"},{"data":"Exhume","floor":23.0,"key":"SMITH"},{"data":"Warcry","floor":25,"key":"SMITH"},{"floor":32,"key":"REST"}],"neow_cost":"NO_GOLD","seed_source_timestamp":951769131711599,"circlet_count":0,"master_deck":["Strike_R","Defend_R","Defend_R+1","Bash+1","Warcry+1","Flame Barrier+1","Double Tap+1","Disarm+1","Exhume+1","Pommel Strike+1","Evolve+1"],"special_seed":0,"relics":["Burning Blood","WarpedTongs","Frozen Egg 2","Meat on the Bone","Art of War","Tiny House","Bag of Marbles","Happy Flower","Letter Opener"],"potions_floor_usage":[27],"damage_taken":[{"damage":5.0,"enemies":"Small Slimes","floor":1.0,"turns":4.0},{"damage":2.0,"enemies":"2 Louse","floor":3.0,"turns":4.0},{"damage":2.0,"enemies":"Cultist","floor":5.0,"turns":3.0},{"damage":33.0,"enemies":"Gremlin Nob","floor":7.0,"turns":5.0},{"damage":9.0,"enemies":"Looter","floor":8.0,"turns":3.0},{"damage":13.0,"enemies":"3 Louse","floor":11.0,"turns":4.0},{"damage":15.0,"enemies":"3 Sentries","floor":14.0,"turns":9.0},{"damage":11.0,"enemies":"The Guardian","floor":16.0,"turns":11.0},{"damage":26.0,"enemies":"2 Thieves","floor":18.0,"turns":5.0},{"damage":0,"enemies":"Chosen","floor":24,"turns":5},{"damage":40,"enemies":"Gremlin Leader","floor":27,"turns":9},{"damage":14,"enemies":"Centurion and Healer","floor":31,"turns":8},{"damage":69,"enemies":"Collector","floor":33,"turns":10}],"seed_played":"929014883162965014","potions_obtained":[{"floor":5.0,"key":"SpeedPotion"},{"floor":8.0,"key":"Energy Potion"},{"floor":11.0,"key":"PowerPotion"},{"floor":17.0,"key":"LiquidBronze"}],"is_trial":false,"path_per_floor":["M","?","M","?","M","R","E","M","T","R","M","R","$","E","R","B",null,"M","T","?","$","?","R","M","R","T","E","$","?","$","M","R","B"],"character_chosen":"IRONCLAD","items_purchased":[],"campfire_rested":1,"item_purchase_floors":[],"current_hp_per_floor":[80,73,77,77,80,80,53,50,50,50,55,55,55,58,58,53,85,65,65,65,65,65,65,71,71,71,49,49,49,49,53,78,9],"gold":28,"neow_bonus":"REMOVE_TWO","is_prod":false,"is_daily":false,"chose_seed":false,"campfire_upgraded":6,"win_rate":0,"timestamp":1549560762,"path_taken":["M","?","M","?","M","R","E","M","T","R","M","R","$","E","R","BOSS","M","?","?","$","?","R","M","R","T","E","$","?","$","M","R","BOSS"],"build_version":"2019-01-23","purchased_purges":3,"victory":false,"max_hp_per_floor":[80,80,80,80,80,80,80,80,80,80,80,80,80,80,80,80,85,85,85,85,85,85,85,85,85,85,85,85,85,85,85,85,85],"card_choices":[{"not_picked":["Armaments","Sword Boomerang"],"picked":"Warcry","floor":1.0},{"not_picked":["Sentinel","Reckless Charge"],"picked":"Flame Barrier","floor":3.0},{"not_picked":["Body Slam","Wild Strike","Anger"],"picked":"SKIP","floor":5.0},{"not_picked":["Heavy Blade","Armaments"],"picked":"Double Tap","floor":7.0},{"not_picked":["Iron Wave","Heavy Blade","Sword Boomerang"],"picked":"SKIP","floor":8.0},{"not_picked":["Warcry","Berserk+1"],"picked":"Disarm","floor":11.0},{"not_picked":["Entrench","Wild Strike","Iron Wave"],"picked":"SKIP","floor":14.0},{"not_picked":["Juggernaut+1","Limit Break"],"picked":"Exhume","floor":16.0},{"not_picked":["Body Slam","Second Wind"],"picked":"Pommel Strike+1","floor":18.0},{"not_picked":["Whirlwind","Pommel Strike","Warcry"],"picked":"SKIP","floor":24},{"not_picked":["Iron Wave+1","Second Wind+1"],"picked":"Evolve+1","floor":27},{"not_picked":["Twin Strike+1","Evolve+1","Blood for Blood"],"picked":"SKIP","floor":31}],"player_experience":39079,"relics_obtained":[{"floor":7.0,"key":"Frozen Egg 2"},{"floor":9.0,"key":"Meat on the Bone"},{"floor":14.0,"key":"Art of War"},{"floor":19.0,"key":"Bag of Marbles"},{"floor":26,"key":"Happy Flower"},{"floor":27,"key":"Letter Opener"}],"event_choices":[{"cards_removed":["Defend_R"],"damage_healed":0.0,"max_hp_gain":0.0,"max_hp_loss":0.0,"gold_gain":0.0,"event_name":"Golden Wing","player_choice":"Card Removal","floor":2.0,"gold_loss":0.0,"damage_taken":7.0},{"damage_healed":0.0,"max_hp_gain":0.0,"max_hp_loss":0.0,"gold_gain":0.0,"event_name":"Accursed Blacksmith","player_choice":"Rummage","floor":4.0,"gold_loss":0.0,"damage_taken":0.0,"relics_obtained":["WarpedTongs"],"cards_obtained":["Pain"]},{"cards_removed":["Strike_R"],"damage_healed":0.0,"max_hp_gain":0.0,"max_hp_loss":0.0,"gold_gain":0.0,"event_name":"Beggar","player_choice":"Gave Gold","floor":20.0,"gold_loss":75.0,"damage_taken":0.0},{"damage_healed":0.0,"max_hp_gain":0.0,"max_hp_loss":0.0,"gold_gain":0.0,"event_name":"Ghosts","player_choice":"Ignored","floor":22.0,"gold_loss":0.0,"damage_taken":0.0},{"damage_healed":0,"gold_gain":0,"player_choice":"Ignored","damage_taken":0,"max_hp_gain":0,"max_hp_loss":0,"event_name":"The Mausoleum","floor":29,"gold_loss":0}],"is_beta":false,"boss_relics":[{"not_picked":["Runic Cube","Busted Crown"],"picked":"Tiny House"}],"items_purged_floors":[13,21,30],"is_endless":false,"potions_floor_spawned":[5,8,11,18],"killed_by":"Collector","ascension_level":1}