{"gold_per_floor":[113,123,123,123,139,173,173,209,209,224,224,248,273,273,273,399,399,420,420],"floor_reached":19,"playtime":1230,"items_purged":[],"score":277,"play_id":"2aebde62-191a-4ed1-8053-981ce60dfaaf","local_time":"20181102165200","is_ascension_mode":true,"campfire_choices":[{"floor":7,"key":"REST"},{"floor":15,"key":"REST"}],"neow_cost":"NONE","seed_source_timestamp":432756742605852,"circlet_count":0,"master_deck":["AscendersBane","Defend_G","Defend_G","Defend_G","Defend_G","Defend_G","Strike_G","Strike_G","Strike_G","Strike_G","Survivor","Neutralize","Backflip","Dash","Skewer","Slice","Corpse Explosion","Reflex+1","Tactician+1","Escape Plan+1","Calculated Gamble+1","After Image","Backflip+1"],"relics":["Philosopher\u0027s Stone","Golden Idol","Pen Nib","Toxic Egg 2","Blood Vial","Fusion Hammer"],"potions_floor_usage":[8,16,16],"damage_taken":[{"damage":5,"enemies":"2 Louse","floor":1,"turns":3},{"damage":2,"enemies":"Small Slimes","floor":2,"turns":4},{"damage":0,"enemies":"Cultist","floor":5,"turns":3},{"damage":36,"enemies":"3 Sentries","floor":6,"turns":12},{"damage":1,"enemies":"Lagavulin","floor":8,"turns":6},{"damage":10,"enemies":"Large Slime","floor":10,"turns":6},{"damage":15,"enemies":"3 Louse","floor":12,"turns":2},{"damage":10,"enemies":"Gremlin Gang","floor":13,"turns":3},{"damage":23,"enemies":"The Guardian","floor":16,"turns":13},{"damage":24,"enemies":"Shell Parasite","floor":18,"turns":8},{"damage":32,"enemies":"3 Byrds","floor":19,"turns":1}],"seed_played":"1686526944105496869","potions_obtained":[{"floor":2,"key":"SteroidPotion"},{"floor":6,"key":"Dexterity Potion"},{"floor":12,"key":"Strength Potion"}],"is_trial":false,"path_per_floor":["M","M","?","?","M","E","R","E","T","M","$","M","M","?","R","B",null,"M","M"],"character_chosen":"THE_SILENT","items_purchased":[],"campfire_rested":2,"item_purchase_floors":[],"current_hp_per_floor":[58,56,56,56,56,20,39,38,38,30,30,17,9,9,28,7,51,29,0],"gold":420,"neow_bonus":"BOSS_RELIC","is_prod":false,"is_daily":false,"chose_seed":false,"campfire_upgraded":0,"win_rate":0,"timestamp":1541202720,"path_taken":["M","M","?","?","M","E","R","E","T","M","$","M","M","?","R","BOSS","M","M"],"build_version":"2018-11-01","purchased_purges":0,"victory":false,"max_hp_per_floor":[70,70,70,65,65,65,65,65,65,65,65,65,65,65,65,65,65,65,65],"card_choices":[{"not_picked":["Cloak And Dagger","Poisoned Stab"],"picked":"Backflip","floor":1},{"not_picked":["Bane","Expertise"],"picked":"Dash","floor":2},{"not_picked":["Flechettes","Dodge and Roll"],"picked":"Slice","floor":5},{"not_picked":["Eviscerate","Flying Knee"],"picked":"Corpse Explosion","floor":6},{"not_picked":["Choke","Flying Knee"],"picked":"Reflex","floor":8},{"not_picked":["Endless Agony","Deadly Poison+1"],"picked":"Tactician+1","floor":10},{"not_picked":["Dagger Throw","Choke"],"picked":"Escape Plan+1","floor":12},{"not_picked":["Flying Knee","Blur+1"],"picked":"Calculated Gamble+1","floor":13},{"not_picked":["Malaise+1","Envenom"],"picked":"After Image","floor":16},{"not_picked":["Deflect+1","Endless Agony+1"],"picked":"Backflip+1","floor":18}],"player_experience":96043,"relics_obtained":[{"floor":6,"key":"Pen Nib"},{"floor":8,"key":"Toxic Egg 2"},{"floor":9,"key":"Blood Vial"}],"event_choices":[{"damage_healed":0,"gold_gain":0,"cards_transformed":["Strike_G"],"player_choice":"Change","damage_taken":0,"max_hp_gain":0,"max_hp_loss":0,"event_name":"Living Wall","floor":3,"gold_loss":0,"cards_obtained":["Skewer"]},{"damage_healed":0,"gold_gain":0,"player_choice":"Lose Max HP","damage_taken":0,"relics_obtained":["Golden Idol"],"max_hp_gain":0,"max_hp_loss":5,"event_name":"Golden Idol","floor":4,"gold_loss":0},{"damage_healed":0,"gold_gain":0,"player_choice":"Searched \u00270\u0027 times","damage_taken":0,"max_hp_gain":0,"max_hp_loss":0,"event_name":"Dead Adventurer","floor":14,"gold_loss":0}],"is_beta":false,"boss_relics":[{"not_picked":["Runic Pyramid","Ectoplasm"],"picked":"Fusion Hammer"}],"items_purged_floors":[],"is_endless":false,"potions_floor_spawned":[2,6,12],"killed_by":"3 Byrds","ascension_level":11}