{"gold_per_floor":[115,115,40,52,70,70,83,111,168,184,184,159,187,201,201,303,303,315,325,341,357,53,53,65,65,92,92,103,132,232,246,246,341,341,356,369,319,335,335,335,353,364,388,403,353,353,369,389,389,389],"floor_reached":51,"playtime":1974,"items_purged":["Strike_B","Strike_B","Injury"],"score":762,"play_id":"bd1e9789-0362-4f9d-a3d8-d9b4e8ff1d05","local_time":"20181106223450","is_ascension_mode":false,"campfire_choices":[{"data":"Defragment","floor":6.0,"key":"SMITH"},{"data":"Zap","floor":11.0,"key":"SMITH"},{"data":"Go for the Eyes","floor":15.0,"key":"SMITH"},{"data":"Buffer","floor":23.0,"key":"SMITH"},{"data":"Coolheaded","floor":25.0,"key":"SMITH"},{"data":"Conserve Battery","floor":27.0,"key":"SMITH"},{"data":"Auto Shields","floor":32.0,"key":"SMITH"},{"data":"Ball Lightning","floor":40.0,"key":"SMITH"},{"floor":49,"key":"REST"}],"neow_cost":"NONE","seed_source_timestamp":1999562160628738,"circlet_count":0,"master_deck":["Strike_B","Strike_B","Defend_B","Defend_B","Defend_B","Zap+1","Dualcast+1","BootSequence","Auto Shields+1","Defragment+1","Coolheaded+1","Ball Lightning+1","Go for the Eyes+1","Buffer+1","Sweeping Beam+1","Defragment+1","Conserve Battery+1","Chill+1","Ball Lightning+1","Hello World+1","Tempest+1","Thunder Strike+1","Conserve Battery+1","Loop+1","Glacier+1"],"special_seed":0,"relics":["Cracked Core","Bag of Preparation","Tiny Chest","Smiling Mask","Nuclear Battery","DollysMirror","Orichalcum","Symbiotic Virus","Torii","Molten Egg 2","Cursed Key","Strawberry"],"potions_floor_usage":[50,50,50],"damage_taken":[{"damage":10.0,"enemies":"Small Slimes","floor":1.0,"turns":3.0},{"damage":0.0,"enemies":"Cultist","floor":4.0,"turns":4.0},{"damage":0.0,"enemies":"2 Louse","floor":5.0,"turns":2.0},{"damage":2.0,"enemies":"Looter","floor":7.0,"turns":4.0},{"damage":10.0,"enemies":"Lagavulin","floor":8.0,"turns":7.0},{"damage":0.0,"enemies":"3 Louse","floor":10.0,"turns":3.0},{"damage":14.0,"enemies":"3 Sentries","floor":13.0,"turns":5.0},{"damage":0.0,"enemies":"Exordium Thugs","floor":14.0,"turns":4.0},{"damage":0.0,"enemies":"Slime Boss","floor":16.0,"turns":10.0},{"damage":1.0,"enemies":"Spheric Guardian","floor":18.0,"turns":3.0},{"damage":1.0,"enemies":"Shell Parasite","floor":19.0,"turns":6.0},{"damage":1.0,"enemies":"Snake Plant","floor":20.0,"turns":5.0},{"damage":0.0,"enemies":"Cultist and Chosen","floor":21.0,"turns":6.0},{"damage":1.0,"enemies":"Shelled Parasite and Fungi","floor":24.0,"turns":5.0},{"damage":0.0,"enemies":"Centurion and Healer","floor":28.0,"turns":8.0},{"damage":0.0,"enemies":"Gremlin Leader","floor":29.0,"turns":8.0},{"damage":0.0,"enemies":"Colosseum Slavers","floor":30.0,"turns":4.0},{"damage":27.0,"enemies":"Colosseum Nobs","floor":30.0,"turns":5.0},{"damage":0.0,"enemies":"Snake Plant","floor":31.0,"turns":3.0},{"damage":14.0,"enemies":"Automaton","floor":33.0,"turns":10.0},{"damage":0.0,"enemies":"Orb Walker","floor":35.0,"turns":3.0},{"damage":1.0,"enemies":"3 Darklings","floor":36.0,"turns":4.0},{"damage":1.0,"enemies":"Sphere and 2 Shapes","floor":38.0,"turns":6.0},{"damage":10.0,"enemies":"Writhing Mass","floor":41.0,"turns":4.0},{"damage":22.0,"enemies":"Spire Growth","floor":42.0,"turns":4.0},{"damage":0.0,"enemies":"Maw","floor":44.0,"turns":6.0},{"damage":0,"enemies":"Transient","floor":47,"turns":5},{"damage":0,"enemies":"Sphere and 2 Shapes","floor":48,"turns":5},{"damage":10,"enemies":"Awakened One","floor":50,"turns":12}],"seed_played":"6044118651730102652","potions_obtained":[{"floor":8.0,"key":"Strength Potion"},{"floor":10.0,"key":"FocusPotion"},{"floor":13.0,"key":"Poison Potion"},{"floor":20.0,"key":"Strength Potion"}],"is_trial":false,"path_per_floor":["M","?","$","M","M","R","M","E","T","M","R","$","E","M","R","B",null,"M","M","M","M","$","R","M","R","T","R","M","E","?","M","R","B",null,"M","M","$","M","?","R","M","M","T","M","$","?","M","M","R","B",null],"character_chosen":"DEFECT","items_purchased":["Defragment","Ball Lightning","DollysMirror","Conserve Battery"],"campfire_rested":1,"item_purchase_floors":[3,12,22,22],"current_hp_per_floor":[65,65,65,65,65,65,63,53,53,53,53,53,39,39,39,39,75,74,73,72,72,72,72,71,71,71,71,71,71,44,44,44,30,75,75,74,74,73,73,73,63,41,48,48,48,48,48,48,72,62],"gold":389,"neow_bonus":"UPGRADE_CARD","is_prod":false,"is_daily":false,"chose_seed":false,"campfire_upgraded":8,"win_rate":0,"timestamp":1541543690,"path_taken":["M","?","$","M","M","R","M","E","T","?","R","$","E","M","R","BOSS","M","M","M","M","$","R","M","R","T","R","?","E","?","M","R","BOSS","M","M","$","M","?","R","M","M","T","M","$","?","?","M","R","BOSS"],"build_version":"2018-11-01","purchased_purges":3,"victory":true,"max_hp_per_floor":[75,75,75,75,75,75,75,75,75,75,75,75,75,75,75,75,75,75,75,75,75,75,75,75,75,75,75,75,75,75,75,75,75,75,75,75,75,75,75,75,75,75,82,82,82,82,82,82,82,82],"card_choices":[{"not_picked":["Compile Driver","Loop"],"picked":"BootSequence","floor":1.0},{"not_picked":["Stack","Steam Power","Double Energy"],"picked":"SKIP","floor":4.0},{"not_picked":["Beam Cell","Hologram","Rebound"],"picked":"SKIP","floor":5.0},{"not_picked":["Streamline","Redo","Amplify"],"picked":"SKIP","floor":7.0},{"not_picked":["Double Energy","Leap","Reinforced Body"],"picked":"SKIP","floor":8.0},{"not_picked":["Chaos","Auto Shields"],"picked":"Coolheaded","floor":10.0},{"not_picked":["Consume","Hello World","Creative AI"],"picked":"SKIP","floor":13.0},{"not_picked":["Coolheaded","Hologram"],"picked":"Go for the Eyes","floor":14.0},{"not_picked":["Multi-Cast","Seek"],"picked":"Buffer","floor":16.0},{"not_picked":["Compile Driver","Gash","Redo"],"picked":"SKIP","floor":18.0},{"not_picked":["Rebound+1","Leap","Go for the Eyes"],"picked":"SKIP","floor":19.0},{"not_picked":["Barrage","Hologram"],"picked":"Sweeping Beam+1","floor":20.0},{"not_picked":["Compile Driver","Rebound","Scrape"],"picked":"SKIP","floor":21.0},{"not_picked":["Ball Lightning","Sunder+1"],"picked":"Chill+1","floor":24.0},{"not_picked":["Skim","Tempest","Barrage"],"picked":"SKIP","floor":28.0},{"not_picked":["Steam","Gash"],"picked":"Ball Lightning+1","floor":29.0},{"not_picked":["Sweeping Beam+1","Lockon"],"picked":"Hello World+1","floor":30.0},{"not_picked":["Multi-Cast","Sweeping Beam+1"],"picked":"Tempest+1","floor":31.0},{"not_picked":["Seek","Hyperbeam+1"],"picked":"Thunder Strike+1","floor":33.0},{"not_picked":["Cold Snap+1","Tempest+1","Gash+1"],"picked":"SKIP","floor":35.0},{"not_picked":["Steam Power+1","Double Energy"],"picked":"Conserve Battery+1","floor":36.0},{"not_picked":["Turbo+1","Stack"],"picked":"Loop+1","floor":38.0},{"not_picked":["Sunder+1","Compile Driver+1"],"picked":"Glacier+1","floor":41.0},{"not_picked":["Coolheaded+1","Chaos","Sweeping Beam+1"],"picked":"SKIP","floor":42.0},{"not_picked":["Consume","Cold Snap+1","Barrage+1"],"picked":"SKIP","floor":44.0},{"not_picked":["Turbo","Ball Lightning+1","Amplify"],"picked":"SKIP","floor":47},{"not_picked":["Rip and Tear+1","Cold Snap+1","Leap"],"picked":"SKIP","floor":48}],"player_experience":766645,"relics_obtained":[{"floor":8.0,"key":"Bag of Preparation"},{"floor":9.0,"key":"Tiny Chest"},{"floor":13.0,"key":"Smiling Mask"},{"floor":26.0,"key":"Orichalcum"},{"floor":29.0,"key":"Symbiotic Virus"},{"floor":30.0,"key":"Torii"},{"floor":30.0,"key":"Molten Egg 2"},{"floor":43.0,"key":"Strawberry"}],"event_choices":[{"damage_healed":0.0,"max_hp_gain":0.0,"max_hp_loss":0.0,"gold_gain":0.0,"cards_transformed":["Defend_B"],"event_name":"Transmorgrifier","player_choice":"Transformed","floor":2.0,"gold_loss":0.0,"damage_taken":0.0,"cards_obtained":["Auto Shields"]},{"damage_healed":0.0,"max_hp_gain":0.0,"max_hp_loss":0.0,"gold_gain":0.0,"event_name":"Colosseum","player_choice":"Fight","floor":30.0,"gold_loss":0.0,"damage_taken":0.0},{"damage_healed":0.0,"max_hp_gain":0.0,"max_hp_loss":0.0,"gold_gain":0.0,"event_name":"Colosseum","player_choice":"Fought Nobs","floor":30.0,"gold_loss":0.0,"damage_taken":0.0},{"damage_healed":0.0,"max_hp_gain":0.0,"max_hp_loss":0.0,"gold_gain":0.0,"event_name":"Mysterious Sphere","player_choice":"Ignored","floor":39.0,"gold_loss":0.0,"damage_taken":0.0},{"damage_healed":0,"gold_gain":0,"player_choice":"Leave","damage_taken":0,"max_hp_gain":0,"max_hp_loss":0,"event_name":"FaceTrader","floor":46,"gold_loss":0}],"is_beta":false,"boss_relics":[{"not_picked":["Black Star","Philosopher\u0027s Stone"],"picked":"Nuclear Battery"},{"not_picked":["White Beast Statue","Calling Bell"],"picked":"Cursed Key"}],"items_purged_floors":[22,37,45],"is_endless":false,"potions_floor_spawned":[8,10,13,20,21,28,30,31,41,42,44,47,48],"ascension_level":0}