{"gold_per_floor":[110,35,47,67,85,85,97,97,124,77,99,99,65,75,75,179,179,193,133,133,151,171,171,171],"floor_reached":24,"playtime":1136,"items_purged":["Strike_G"],"score":188,"play_id":"5c3ff3b3-cf4c-42db-877a-2464717d7ace","local_time":"20181008103523","is_ascension_mode":false,"campfire_choices":[{"data":"Noxious Fumes","floor":6,"key":"SMITH"},{"data":"Neutralize","floor":8,"key":"SMITH"},{"data":"Dagger Spray","floor":12,"key":"SMITH"},{"data":"Footwork","floor":15,"key":"SMITH"},{"floor":23,"key":"REST"}],"neow_cost":"PERCENT_DAMAGE","seed_source_timestamp":1359207810967876,"circlet_count":0,"master_deck":["Defend_G","Defend_G","Defend_G","Defend_G","Defend_G","Strike_G","Strike_G","Strike_G","Strike_G","Survivor","Neutralize+1","Noxious Fumes+1","Flying Knee","Sucker Punch","Dagger Spray+1","Footwork+1","Dodge and Roll","Night Terror","Escape Plan","Bane","Noxious Fumes"],"relics":["Ring of the Snake","Orichalcum","Odd Mushroom","Cursed Key"],"potions_floor_usage":[7,16,16,19,24],"damage_taken":[{"damage":2,"enemies":"Cultist","floor":1,"turns":4},{"damage":0,"enemies":"Small Slimes","floor":3,"turns":4},{"damage":0,"enemies":"Jaw Worm","floor":4,"turns":5},{"damage":11,"enemies":"Lots of Slimes","floor":5,"turns":5},{"damage":0,"enemies":"Blue Slaver","floor":7,"turns":4},{"damage":3,"enemies":"The Mushroom Lair","floor":11,"turns":4},{"damage":0,"enemies":"Large Slime","floor":14,"turns":5},{"damage":29,"enemies":"Slime Boss","floor":16,"turns":11},{"damage":12,"enemies":"Spheric Guardian","floor":18,"turns":6},{"damage":16,"enemies":"2 Thieves","floor":19,"turns":4},{"damage":30,"enemies":"3 Cultists","floor":21,"turns":6},{"damage":19,"enemies":"Sentry and Sphere","floor":22,"turns":5},{"damage":33,"enemies":"Book of Stabbing","floor":24,"turns":5}],"seed_played":"-3821169331276627953","potions_obtained":[{"floor":3,"key":"Regen Potion"},{"floor":5,"key":"Swift Potion"},{"floor":11,"key":"SteroidPotion"},{"floor":16,"key":"Fire Potion"},{"floor":21,"key":"AttackPotion"}],"is_trial":false,"path_per_floor":["M","$","M","M","M","R","M","R","T","$","?","R","$","M","R","B",null,"M","M","?","M","M","R"],"character_chosen":"THE_SILENT","items_purchased":["Dagger Spray","Footwork"],"campfire_rested":1,"item_purchase_floors":[10,13],"current_hp_per_floor":[58,58,58,58,47,47,59,59,59,59,56,56,56,56,56,27,84,72,56,56,26,7,32,0],"gold":171,"neow_bonus":"TWENTY_PERCENT_HP_BONUS","is_prod":false,"is_daily":false,"chose_seed":false,"campfire_upgraded":4,"win_rate":0,"timestamp":1538966123,"path_taken":["M","$","M","M","M","R","?","R","T","$","?","R","$","M","R","BOSS","M","M","?","M","?","R","E"],"build_version":"2018-10-04v2","purchased_purges":1,"victory":false,"max_hp_per_floor":[84,84,84,84,84,84,84,84,84,84,84,84,84,84,84,84,84,84,84,84,84,84,84,84],"card_choices":[{"not_picked":["Backflip","Quick Slash"],"picked":"Noxious Fumes","floor":1},{"not_picked":["Acrobatics","Dodge and Roll"],"picked":"Flying Knee","floor":3},{"not_picked":["Bane","Riddle With Holes"],"picked":"Sucker Punch","floor":4},{"not_picked":["Sucker Punch","PiercingWail","Deflect"],"picked":"SKIP","floor":5},{"not_picked":["Leg Sweep","Dash","Blade Dance"],"picked":"SKIP","floor":7},{"not_picked":["Burst","Deflect"],"picked":"Dodge and Roll","floor":14},{"not_picked":["Malaise","Glass Knife"],"picked":"Night Terror","floor":16},{"not_picked":["Deflect","Skewer"],"picked":"Escape Plan","floor":18},{"not_picked":["Distraction+1","Prepared"],"picked":"Bane","floor":19},{"not_picked":["PiercingWail","Underhanded Strike"],"picked":"Noxious Fumes","floor":21},{"not_picked":["Blur+1","Skewer","Dagger Spray"],"picked":"SKIP","floor":22}],"player_experience":20751,"relics_obtained":[{"floor":9,"key":"Orichalcum"},{"floor":11,"key":"Odd Mushroom"}],"event_choices":[{"event_name":"Mushrooms","player_choice":"Fought Mushrooms","floor":11,"damage_taken":0},{"event_name":"Ghosts","player_choice":"Ignored","floor":20,"damage_taken":0}],"is_beta":false,"boss_relics":[{"not_picked":["Orrery","Philosopher\u0027s Stone"],"picked":"Cursed Key"}],"items_purged_floors":[2],"is_endless":false,"potions_floor_spawned":[3,5,11,16,21],"killed_by":"Book of Stabbing","ascension_level":0}