{"gold_per_floor":[112,132,132,3,3,3,23,51,77,77,77,77,104,121,121,198,198,211,211,131,131,142,142,142],"floor_reached":24,"playtime":2208,"items_purged":[],"score":404,"play_id":"bb4a796f-cd8b-4225-bbad-888783aefdb5","local_time":"20190210140621","is_ascension_mode":true,"campfire_choices":[{"data":"Bash","floor":6,"key":"SMITH"},{"data":"Battle Trance","floor":10,"key":"SMITH"},{"data":"Metallicize","floor":15,"key":"SMITH"},{"data":"Combust","floor":23,"key":"SMITH"}],"neow_cost":"TEN_PERCENT_HP_LOSS","seed_source_timestamp":242647518373317,"circlet_count":0,"master_deck":["AscendersBane","Strike_R+1","Strike_R+1","Strike_R+1","Strike_R+1","Strike_R+1","Defend_R+1","Defend_R+1","Defend_R+1","Defend_R+1","Bash+1","Hemokinesis+1","Battle Trance+1","Thunderclap","Feel No Pain","True Grit","Metallicize+1","Dark Embrace","Heavy Blade","Combust+1","Flame Barrier"],"relics":["Burning Blood","Champion Belt","Oddly Smooth Stone","Strawberry","Gremlin Horn","Snecko Eye"],"potions_floor_usage":[13,16,24],"damage_taken":[{"damage":12,"enemies":"Small Slimes","floor":1,"turns":5},{"damage":6,"enemies":"Jaw Worm","floor":2,"turns":6},{"damage":2,"enemies":"Cultist","floor":7,"turns":2},{"damage":31,"enemies":"Gremlin Nob","floor":8,"turns":4},{"damage":11,"enemies":"3 Sentries","floor":13,"turns":7},{"damage":2,"enemies":"2 Fungi Beasts","floor":14,"turns":2},{"damage":60,"enemies":"Hexaghost","floor":16,"turns":11},{"damage":13,"enemies":"Spheric Guardian","floor":18,"turns":7},{"damage":8,"enemies":"Chosen","floor":22,"turns":6},{"damage":60,"enemies":"Book of Stabbing","floor":24,"turns":4}],"seed_played":"-8037906543472578810","potions_obtained":[{"floor":7,"key":"Regen Potion"},{"floor":8,"key":"SpeedPotion"},{"floor":22,"key":"SteroidPotion"}],"is_trial":false,"path_per_floor":["M","M","?","$","?","R","M","E","T","R","$","T","E","M","R","B",null,"M","?","$","?","M","R","E"],"character_chosen":"IRONCLAD","items_purchased":["Battle Trance","Thunderclap","Combust"],"campfire_rested":0,"item_purchase_floors":[4,4,20],"current_hp_per_floor":[62,62,67,67,67,67,71,46,53,53,53,53,63,67,67,13,63,56,56,56,61,59,59,0],"gold":142,"neow_bonus":"ONE_RARE_RELIC","is_prod":false,"is_daily":false,"chose_seed":false,"campfire_upgraded":4,"win_rate":0,"timestamp":1549767981,"path_taken":["M","M","?","$","?","R","M","E","T","R","$","?","E","M","R","BOSS","M","?","$","?","?","R","E"],"build_version":"2019-01-23","purchased_purges":0,"victory":false,"max_hp_per_floor":[68,68,73,73,73,73,73,73,80,80,80,80,80,80,80,80,80,80,80,80,80,80,80,80],"card_choices":[{"not_picked":["Flex","Body Slam","Sever Soul"],"picked":"SKIP","floor":1},{"not_picked":["Evolve","Armaments"],"picked":"Hemokinesis","floor":2},{"not_picked":["Havoc","Perfected Strike"],"picked":"Anger","floor":7},{"not_picked":["Fire Breathing","Flex"],"picked":"Feel No Pain","floor":8},{"not_picked":["Pummel","Warcry"],"picked":"True Grit","floor":13},{"not_picked":["Wild Strike","Perfected Strike"],"picked":"Metallicize","floor":14},{"not_picked":["Bludgeon","Barricade"],"picked":"Dark Embrace","floor":16},{"not_picked":["Second Wind","Anger"],"picked":"Heavy Blade","floor":18},{"not_picked":["Sentinel","Hemokinesis"],"picked":"Flame Barrier","floor":22}],"player_experience":738517,"relics_obtained":[{"floor":8,"key":"Oddly Smooth Stone"},{"floor":9,"key":"Strawberry"},{"floor":12,"key":"Gremlin Horn"}],"event_choices":[{"damage_healed":0,"gold_gain":0,"player_choice":"Donut","damage_taken":0,"max_hp_gain":5,"max_hp_loss":0,"event_name":"Big Fish","floor":3,"gold_loss":0},{"damage_healed":0,"gold_gain":0,"player_choice":"Grow","damage_taken":0,"max_hp_gain":0,"max_hp_loss":0,"event_name":"Living Wall","floor":5,"gold_loss":0,"cards_upgraded":["Hemokinesis"]},{"damage_healed":0,"gold_gain":0,"player_choice":"Simplicity","damage_taken":0,"max_hp_gain":0,"max_hp_loss":0,"event_name":"Back to Basics","floor":19,"gold_loss":0,"cards_upgraded":["Strike_R","Strike_R","Strike_R","Strike_R","Strike_R","Defend_R","Defend_R","Defend_R","Defend_R"]},{"cards_removed":["Anger"],"damage_healed":5,"gold_gain":0,"player_choice":"Offered Common","damage_taken":0,"max_hp_gain":0,"max_hp_loss":0,"event_name":"Bonfire Elementals","floor":21,"gold_loss":0},{"cards_removed":["Anger"],"damage_healed":5,"gold_gain":0,"player_choice":"Offered Special","damage_taken":0,"max_hp_gain":0,"max_hp_loss":0,"event_name":"Bonfire Elementals","floor":21,"gold_loss":0}],"is_beta":false,"boss_relics":[{"not_picked":["Empty Cage","Runic Dome"],"picked":"Snecko Eye"}],"items_purged_floors":[],"is_endless":false,"potions_floor_spawned":[7,8,22],"killed_by":"Book of Stabbing","ascension_level":20}