{"gold_per_floor":[117,127,137,147,0,26,36,36,86,86,114,114,131,148,148,246,246,266,266,281,28,28,28,39,55,55,81,81,94,94,109,109,212,212,229,229,247,347,364,364,389,314,314,242,242,257,268,24,24,24],"floor_reached":51,"playtime":3596,"items_purged":["Strike_B","Strike_B"],"score":706,"play_id":"f7da2fa3-79f6-4484-97ac-b745d6ba2462","local_time":"20190209235148","is_ascension_mode":false,"campfire_choices":[{"data":"Zap","floor":8,"key":"SMITH"},{"floor":10,"key":"REST"},{"data":"Coolheaded","floor":12,"key":"SMITH"},{"data":"Streamline","floor":15,"key":"SMITH"},{"data":"Machine Learning","floor":23,"key":"SMITH"},{"floor":32,"key":"REST"},{"data":"Echo Form","floor":40,"key":"SMITH"},{"data":"Loop","floor":45,"key":"SMITH"},{"data":"Dualcast","floor":49,"key":"SMITH"}],"neow_cost":"NONE","seed_source_timestamp":535826400814231,"circlet_count":0,"master_deck":["Defend_B","Defend_B","Defend_B","Defend_B","Zap+1","Dualcast+1","Streamline+1","Coolheaded+1","Barrage","Go for the Eyes","Hologram","Hologram","Conserve Battery","Ball Lightning","Cold Snap","Machine Learning+1","FTL","Skim","Stack","Zap+1","Core Surge","Stack","Skim","Gash","Cold Snap","Self Repair","Echo Form+1","Go for the Eyes+1","Madness","Capacitor+1","Machine Learning","Glacier","Loop+1","Parasite","Consume"],"relics":["Cracked Core","NeowsBlessing","Centennial Puzzle","Regal Pillow","Oddly Smooth Stone","Mercury Hourglass","Orrery","Pantograph","Turnip","Strawberry","Eternal Feather","Mango","Potion Belt","Kunai","Happy Flower"],"potions_floor_usage":[7,19,19,33,50,50],"damage_taken":[{"damage":0,"enemies":"Cultist","floor":1,"turns":1},{"damage":0,"enemies":"Jaw Worm","floor":2,"turns":1},{"damage":0,"enemies":"2 Louse","floor":3,"turns":1},{"damage":24,"enemies":"Exordium Thugs","floor":4,"turns":5},{"damage":26,"enemies":"Lagavulin","floor":6,"turns":7},{"damage":0,"enemies":"2 Fungi Beasts","floor":7,"turns":3},{"damage":14,"enemies":"3 Sentries","floor":11,"turns":5},{"damage":1,"enemies":"Blue Slaver","floor":13,"turns":2},{"damage":5,"enemies":"Lots of Slimes","floor":14,"turns":3},{"damage":24,"enemies":"The Guardian","floor":16,"turns":9},{"damage":2,"enemies":"Spheric Guardian","floor":18,"turns":3},{"damage":16,"enemies":"Colosseum Slavers","floor":19,"turns":4},{"damage":0,"enemies":"Chosen","floor":20,"turns":5},{"damage":3,"enemies":"Centurion and Healer","floor":24,"turns":6},{"damage":2,"enemies":"Snecko","floor":25,"turns":5},{"damage":30,"enemies":"Slavers","floor":27,"turns":6},{"damage":7,"enemies":"Sentry and Sphere","floor":29,"turns":6},{"damage":3,"enemies":"Snake Plant","floor":31,"turns":5},{"damage":23,"enemies":"Champ","floor":33,"turns":12},{"damage":48,"enemies":"3 Shapes","floor":35,"turns":4},{"damage":8,"enemies":"Orb Walker","floor":37,"turns":4},{"damage":29,"enemies":"Mind Bloom Boss Battle","floor":38,"turns":8},{"damage":0,"enemies":"4 Shapes","floor":39,"turns":8},{"damage":18,"enemies":"3 Darklings","floor":46,"turns":7},{"damage":18,"enemies":"Writhing Mass","floor":47,"turns":10},{"damage":65,"enemies":"Time Eater","floor":50,"turns":17}],"seed_played":"2178972640393036765","potions_obtained":[{"floor":3,"key":"SpeedPotion"},{"floor":4,"key":"GamblersBrew"},{"floor":6,"key":"Block Potion"},{"floor":14,"key":"Poison Potion"},{"floor":16,"key":"Explosive Potion"},{"floor":20,"key":"FearPotion"},{"floor":25,"key":"FocusPotion"},{"floor":33,"key":"Explosive Potion"}],"is_trial":false,"path_per_floor":["M","M","M","M","$","E","M","R","T","R","E","R","M","M","R","B",null,"M","?","M","$","?","R","M","M","T","E","?","M","?","M","R","B",null,"M","?","M","?","M","R","T","$","T","$","R","M","M","$","R","B",null],"character_chosen":"DEFECT","items_purchased":["Centennial Puzzle","Pantograph","Loop","Happy Flower"],"campfire_rested":2,"item_purchase_floors":[5,21,44,48],"current_hp_per_floor":[75,75,75,51,51,25,25,25,25,62,48,48,47,42,42,18,75,73,57,57,57,57,57,54,52,52,29,21,14,14,11,50,59,82,48,48,47,64,71,89,89,89,89,89,96,85,74,74,95,38],"gold":24,"neow_bonus":"THREE_ENEMY_KILL","is_prod":false,"is_daily":false,"chose_seed":false,"campfire_upgraded":7,"win_rate":0,"timestamp":1549752708,"path_taken":["M","?","M","M","?","E","M","R","T","R","E","R","M","M","R","BOSS","M","?","M","$","?","R","M","?","T","E","?","?","?","M","R","BOSS","M","?","M","?","M","R","?","$","T","?","R","M","M","$","R","BOSS"],"build_version":"2019-01-23","purchased_purges":2,"victory":true,"max_hp_per_floor":[75,75,75,75,75,75,75,75,75,75,75,75,75,75,75,75,75,75,75,75,75,75,75,75,75,75,82,82,82,82,82,82,82,82,82,82,82,96,96,96,96,96,96,96,96,96,96,96,96,96],"card_choices":[{"not_picked":["Storm","Beam Cell"],"picked":"Streamline","floor":1},{"not_picked":["Leap","Hologram"],"picked":"Coolheaded","floor":2},{"not_picked":["Gash","Reprogram"],"picked":"Barrage","floor":3},{"not_picked":["Gash","Barrage"],"picked":"Go for the Eyes","floor":4},{"not_picked":["Stack","Thunder Strike"],"picked":"Hologram","floor":6},{"not_picked":["Beam Cell","Hello World"],"picked":"Hologram","floor":7},{"not_picked":["Hyperbeam","Streamline"],"picked":"Conserve Battery","floor":11},{"not_picked":["Go for the Eyes","Gash"],"picked":"Ball Lightning","floor":13},{"not_picked":["Undo","Doom and Gloom"],"picked":"Cold Snap","floor":14},{"not_picked":["Reboot","Thunder Strike"],"picked":"Machine Learning","floor":16},{"not_picked":["Recycle","Rip and Tear"],"picked":"FTL","floor":17},{"not_picked":["Sweeping Beam","Redo"],"picked":"Skim","floor":17},{"not_picked":["Beam Cell","Static Discharge"],"picked":"Stack","floor":17},{"not_picked":["Coolheaded","Steam Power","Storm"],"picked":"SKIP","floor":18},{"not_picked":["Genetic Algorithm","Rebound","Gash"],"picked":"SKIP","floor":20},{"not_picked":["Undo","Streamline"],"picked":"Core Surge","floor":24},{"not_picked":["Doom and Gloom","Genetic Algorithm+1","Gash+1"],"picked":"SKIP","floor":25},{"not_picked":["Redo","Turbo+1"],"picked":"Stack","floor":27},{"not_picked":["Redo+1","Stack"],"picked":"Skim","floor":29},{"not_picked":["Reprogram","Undo"],"picked":"Self Repair","floor":31},{"not_picked":["Reboot","All For One"],"picked":"Echo Form","floor":33},{"not_picked":["Heatsinks","Force Field"],"picked":"Go for the Eyes+1","floor":35},{"not_picked":["Good Instincts","Dramatic Entrance"],"picked":"Madness","floor":36},{"not_picked":["Leap","Compile Driver+1"],"picked":"Capacitor+1","floor":37},{"not_picked":["Redo","Coolheaded"],"picked":"Machine Learning","floor":38},{"not_picked":["Stack","Sunder+1"],"picked":"Glacier","floor":39},{"not_picked":["Recycle","Go for the Eyes+1","Hologram"],"picked":"SKIP","floor":46},{"not_picked":["Lockon+1","Hello World+1"],"picked":"Consume","floor":47}],"player_experience":90390,"relics_obtained":[{"floor":6,"key":"Regal Pillow"},{"floor":9,"key":"Oddly Smooth Stone"},{"floor":11,"key":"Mercury Hourglass"},{"floor":26,"key":"Turnip"},{"floor":27,"key":"Strawberry"},{"floor":38,"key":"Mango"},{"floor":41,"key":"Potion Belt"},{"floor":43,"key":"Kunai"}],"event_choices":[{"damage_healed":0,"gold_gain":0,"player_choice":"Fight","damage_taken":0,"max_hp_gain":0,"max_hp_loss":0,"event_name":"Colosseum","floor":19,"gold_loss":0},{"damage_healed":0,"gold_gain":0,"player_choice":"Fled From Nobs","damage_taken":0,"max_hp_gain":0,"max_hp_loss":0,"event_name":"Colosseum","floor":19,"gold_loss":0},{"damage_healed":0,"gold_gain":0,"player_choice":"Copied","damage_taken":0,"max_hp_gain":0,"max_hp_loss":0,"event_name":"Duplicator","floor":22,"gold_loss":0,"cards_obtained":["Zap"]},{"damage_healed":0,"gold_gain":0,"player_choice":"Damaged","damage_taken":8,"max_hp_gain":0,"max_hp_loss":0,"event_name":"Wheel of Change","floor":28,"gold_loss":0},{"damage_healed":0,"gold_gain":0,"cards_transformed":["Strike_B","Strike_B"],"player_choice":"Became Test Subject","damage_taken":0,"max_hp_gain":0,"max_hp_loss":0,"event_name":"Drug Dealer","floor":30,"gold_loss":0,"cards_obtained":["Gash","Cold Snap"]},{"damage_healed":0,"gold_gain":0,"player_choice":"Memory 1","damage_taken":0,"max_hp_gain":0,"max_hp_loss":0,"event_name":"SensoryStone","floor":36,"gold_loss":0},{"damage_healed":0,"gold_gain":0,"player_choice":"Fight","damage_taken":0,"max_hp_gain":0,"max_hp_loss":0,"event_name":"MindBloom","floor":38,"gold_loss":0}],"is_beta":false,"boss_relics":[{"not_picked":["Empty Cage","Philosopher\u0027s Stone"],"picked":"Orrery"},{"not_picked":["Black Star","Cursed Key"],"picked":"Eternal Feather"}],"items_purged_floors":[42,48],"is_endless":false,"potions_floor_spawned":[3,4,6,14,16,18,20,25,33,35,38],"ascension_level":0}