{"gold_per_floor":[113,263,283,5,15,48,13,13,13,28,28,68,84,104,104,203,203,218,218,218,218,218],"floor_reached":22,"playtime":1959,"items_purged":["Doubt"],"score":340,"play_id":"fdcb98f2-7b1d-49cd-bc1a-d87a52da5b1b","local_time":"20190205002650","is_ascension_mode":true,"campfire_choices":[{"floor":11.0,"key":"REST"},{"floor":15.0,"key":"REST"}],"neow_cost":"NONE","seed_source_timestamp":0,"circlet_count":0,"master_deck":["AscendersBane","Strike_R","Strike_R","Strike_R","Strike_R","Strike_R","Defend_R","Defend_R","Defend_R","Defend_R","Bash","Thunderclap","Warcry","Rupture","Sever Soul","Injury","Whirlwind","Demon Form","Evolve","Pummel","Fiend Fire","Reckless Charge","Ghostly","Ghostly","Ghostly"],"special_seed":0,"relics":["Black Blood","OrangePellets","Du-Vu Doll","Golden Idol","Sundial","Bag of Preparation"],"potions_floor_usage":[],"damage_taken":[{"damage":8.0,"enemies":"2 Louse","floor":1.0,"turns":4.0},{"damage":14.0,"enemies":"Jaw Worm","floor":3.0,"turns":4.0},{"damage":0.0,"enemies":"Small Slimes","floor":5.0,"turns":4.0},{"damage":61.0,"enemies":"Lagavulin","floor":6.0,"turns":11.0},{"damage":7.0,"enemies":"Looter","floor":10.0,"turns":4.0},{"damage":30.0,"enemies":"3 Sentries","floor":12.0,"turns":5.0},{"damage":13.0,"enemies":"2 Fungi Beasts","floor":13.0,"turns":4.0},{"damage":25.0,"enemies":"Exordium Thugs","floor":14.0,"turns":4.0},{"damage":31.0,"enemies":"Hexaghost","floor":16.0,"turns":9.0},{"damage":56.0,"enemies":"Spheric Guardian","floor":18.0,"turns":6.0},{"damage":27.0,"enemies":"Colosseum Slavers","floor":21.0,"turns":5.0},{"damage":28,"enemies":"Shell Parasite","floor":22,"turns":2}],"seed_played":"1197567973275891947","potions_obtained":[{"floor":3.0,"key":"Ancient Potion"},{"floor":5.0,"key":"Weak Potion"},{"floor":12.0,"key":"GamblersBrew"},{"floor":14.0,"key":"Strength Potion"},{"floor":16.0,"key":"SkillPotion"},{"floor":18.0,"key":"Energy Potion"}],"is_trial":false,"path_per_floor":["M","?","M","$","M","E","?","?","T","M","R","E","M","M","R","B",null,"M","?","?","?","M"],"character_chosen":"IRONCLAD","items_purchased":["OrangePellets"],"campfire_rested":2,"item_purchase_floors":[4],"current_hp_per_floor":[73,73,65,65,71,16,36,36,36,35,59,35,28,9,33,8,64,18,34,34,17,0],"gold":218,"neow_bonus":"TEN_PERCENT_HP_BONUS","is_prod":false,"is_daily":false,"chose_seed":false,"campfire_upgraded":0,"win_rate":0,"timestamp":1549294010,"path_taken":["M","?","M","$","M","E","?","?","T","?","R","E","M","M","R","BOSS","M","?","?","?","M"],"build_version":"2019-01-23","purchased_purges":1,"victory":false,"max_hp_per_floor":[82,82,82,82,82,82,82,82,82,82,82,82,82,82,82,82,82,82,82,41,41,41],"card_choices":[{"not_picked":["Cleave","Twin Strike"],"picked":"Thunderclap","floor":1.0},{"not_picked":["Perfected Strike","Heavy Blade"],"picked":"Warcry","floor":3.0},{"not_picked":["Perfected Strike","Burning Pact"],"picked":"Rupture","floor":5.0},{"not_picked":["Reckless Charge","Sword Boomerang"],"picked":"Sever Soul","floor":6.0},{"not_picked":["Entrench","Armaments"],"picked":"Whirlwind","floor":10.0},{"not_picked":["Armaments","Body Slam"],"picked":"Demon Form","floor":12.0},{"not_picked":["Spot Weakness","Ghostly Armor"],"picked":"Evolve","floor":13.0},{"not_picked":["Havoc","Anger"],"picked":"Pummel","floor":14.0},{"not_picked":["Impervious","Bludgeon"],"picked":"Fiend Fire","floor":16.0},{"not_picked":["Body Slam","Flex"],"picked":"Reckless Charge","floor":18.0}],"player_experience":979187,"relics_obtained":[{"floor":6.0,"key":"Du-Vu Doll"},{"floor":9.0,"key":"Sundial"},{"floor":12.0,"key":"Bag of Preparation"}],"event_choices":[{"damage_healed":0.0,"max_hp_gain":0.0,"max_hp_loss":0.0,"gold_gain":150.0,"event_name":"Liars Game","player_choice":"AGREE","floor":2.0,"gold_loss":0.0,"damage_taken":0.0,"cards_obtained":["Doubt"]},{"damage_healed":20.0,"max_hp_gain":0.0,"max_hp_loss":0.0,"gold_gain":0.0,"event_name":"The Cleric","player_choice":"Healed","floor":7.0,"gold_loss":35.0,"damage_taken":0.0},{"damage_healed":0.0,"max_hp_gain":0.0,"max_hp_loss":0.0,"gold_gain":0.0,"event_name":"Golden Idol","player_choice":"Take Wound","floor":8.0,"gold_loss":0.0,"damage_taken":0.0,"relics_obtained":["Golden Idol"],"cards_obtained":["Injury"]},{"damage_healed":16.0,"max_hp_gain":0.0,"max_hp_loss":0.0,"gold_gain":0.0,"event_name":"The Library","player_choice":"Heal","floor":19.0,"gold_loss":0.0,"damage_taken":0.0},{"damage_healed":0.0,"max_hp_gain":0.0,"max_hp_loss":41.0,"gold_gain":0.0,"event_name":"Ghosts","player_choice":"Became a Ghost","floor":20.0,"gold_loss":0.0,"damage_taken":0.0,"cards_obtained":["Ghostly","Ghostly","Ghostly"]},{"damage_healed":0.0,"max_hp_gain":0.0,"max_hp_loss":0.0,"gold_gain":0.0,"event_name":"Colosseum","player_choice":"Fight","floor":21.0,"gold_loss":0.0,"damage_taken":0.0},{"damage_healed":0.0,"max_hp_gain":0.0,"max_hp_loss":0.0,"gold_gain":0.0,"event_name":"Colosseum","player_choice":"Fled From Nobs","floor":21.0,"gold_loss":0.0,"damage_taken":0.0}],"is_beta":false,"boss_relics":[{"not_picked":["Coffee Dripper","Velvet Choker"],"picked":"Black Blood"}],"items_purged_floors":[4],"is_endless":false,"potions_floor_spawned":[3,5,12,14,16,18],"killed_by":"Shell Parasite","ascension_level":15}