{"gold_per_floor":[116,127,147,161,180,180,74,74,98,23,40,40,54,64,64,138,138,151,168,168,182,62,62,62],"floor_reached":24,"playtime":1371,"items_purged":["Strike_G"],"score":326,"play_id":"9eb45186-d83d-4418-9b58-22e326a6615d","local_time":"20181124134124","is_ascension_mode":true,"campfire_choices":[{"data":"Dagger Spray","floor":6.0,"key":"SMITH"},{"data":"Noxious Fumes","floor":8.0,"key":"SMITH"},{"floor":15.0,"key":"REST"},{"floor":23,"key":"REST"}],"neow_cost":"NONE","seed_source_timestamp":340309823061137,"circlet_count":0,"master_deck":["AscendersBane","Defend_G","Defend_G","Defend_G","Defend_G","Defend_G","Strike_G","Strike_G","Strike_G","Strike_G","Survivor","Neutralize","Dagger Spray+1","Dagger Throw","Sucker Punch","Catalyst","Sucker Punch","Noxious Fumes+1","Catalyst","Footwork","Prepared","After Image","Deflect","Deadly Poison","Prepared"],"special_seed":0,"relics":["Ring of the Snake","Centennial Puzzle","Sundial","Fusion Hammer"],"potions_floor_usage":[17,24,24],"damage_taken":[{"damage":2.0,"enemies":"Cultist","floor":1.0,"turns":5.0},{"damage":3.0,"enemies":"Jaw Worm","floor":2.0,"turns":6.0},{"damage":0.0,"enemies":"2 Louse","floor":3.0,"turns":3.0},{"damage":11.0,"enemies":"Lots of Slimes","floor":4.0,"turns":4.0},{"damage":0.0,"enemies":"Exordium Wildlife","floor":5.0,"turns":5.0},{"damage":6.0,"enemies":"Blue Slaver","floor":11.0,"turns":4.0},{"damage":14.0,"enemies":"3 Louse","floor":13.0,"turns":4.0},{"damage":2.0,"enemies":"Looter","floor":14.0,"turns":4.0},{"damage":16.0,"enemies":"Slime Boss","floor":16.0,"turns":10.0},{"damage":10,"enemies":"Spheric Guardian","floor":18,"turns":5},{"damage":15,"enemies":"Chosen","floor":19,"turns":7},{"damage":5,"enemies":"3 Cultists","floor":21,"turns":5},{"damage":61,"enemies":"Slavers","floor":24,"turns":6}],"seed_played":"8253105972875814931","potions_obtained":[{"floor":1.0,"key":"LiquidBronze"},{"floor":3.0,"key":"EssenceOfSteel"},{"floor":14.0,"key":"SkillPotion"},{"floor":16.0,"key":"Fruit Juice"},{"floor":21,"key":"Block Potion"}],"is_trial":false,"path_per_floor":["M","M","M","M","M","R","$","R","T","$","M","T","M","M","R","B",null,"M","M","?","M","$","R","E"],"character_chosen":"THE_SILENT","items_purchased":["Noxious Fumes","Catalyst","Footwork","Prepared"],"campfire_rested":2,"item_purchase_floors":[7,7,10,22],"current_hp_per_floor":[63,60,60,49,49,49,49,49,49,49,43,43,29,27,48,32,67,57,42,42,37,37,60,0],"gold":62,"neow_bonus":"TEN_PERCENT_HP_BONUS","is_prod":false,"is_daily":false,"chose_seed":false,"campfire_upgraded":2,"win_rate":0,"timestamp":1543095684,"path_taken":["M","M","M","M","M","R","?","R","T","$","M","?","M","M","R","BOSS","M","M","?","M","$","R","E"],"build_version":"2018-11-15","purchased_purges":1,"victory":false,"max_hp_per_floor":[72,72,72,72,72,72,72,72,72,72,72,72,72,72,72,72,77,77,77,77,77,77,77,77],"card_choices":[{"not_picked":["Leg Sweep","Sucker Punch"],"picked":"Dagger Spray","floor":1.0},{"not_picked":["Blade Dance","Acrobatics"],"picked":"Dagger Throw","floor":2.0},{"not_picked":["Prepared","Underhanded Strike"],"picked":"Sucker Punch","floor":3.0},{"not_picked":["Dodge and Roll","PiercingWail"],"picked":"Catalyst","floor":4.0},{"not_picked":["Poisoned Stab","Slice"],"picked":"Sucker Punch","floor":5.0},{"not_picked":["Blade Dance","Outmaneuver","Unload"],"picked":"SKIP","floor":11.0},{"not_picked":["Tactician","Outmaneuver"],"picked":"Prepared","floor":13.0},{"not_picked":["Cloak And Dagger","Underhanded Strike","Endless Agony"],"picked":"SKIP","floor":14.0},{"not_picked":["Venomology","Envenom"],"picked":"After Image","floor":16.0},{"not_picked":["Concentrate","Dagger Throw"],"picked":"Deflect","floor":18},{"not_picked":["Flying Knee","Setup"],"picked":"Deadly Poison","floor":19},{"not_picked":["Concentrate","Sucker Punch+1","Endless Agony"],"picked":"SKIP","floor":21}],"player_experience":141061,"relics_obtained":[{"floor":9.0,"key":"Centennial Puzzle"},{"floor":12.0,"key":"Sundial"}],"event_choices":[{"damage_healed":0,"gold_gain":0,"player_choice":"Ignored","damage_taken":0,"max_hp_gain":0,"max_hp_loss":0,"event_name":"Vampires","floor":20,"gold_loss":0}],"is_beta":false,"boss_relics":[{"not_picked":["Black Star","Runic Dome"],"picked":"Fusion Hammer"}],"items_purged_floors":[22],"is_endless":false,"potions_floor_spawned":[1,3,14,16,21],"killed_by":"Slavers","ascension_level":14}