{"gold_per_floor":[110,110,110,122,141,141,170,170,219,219,229,313,327,344,344,443,443,457,470,470,486,486,486,497,497,497,522,534,534,534,534],"floor_reached":31,"playtime":795,"items_purged":[],"score":249,"play_id":"77cdcdd2-e063-41ae-b527-3cca78ebd9b5","local_time":"20181214100551","is_ascension_mode":true,"campfire_choices":[{"data":"Consume","floor":6,"key":"SMITH"},{"data":"White Noise","floor":8,"key":"SMITH"},{"data":"Beam Cell","floor":10,"key":"SMITH"},{"floor":15,"key":"REST"},{"data":"Sunder","floor":23,"key":"SMITH"},{"data":"Streamline","floor":25,"key":"SMITH"},{"data":"Auto Shields","floor":30,"key":"SMITH"}],"neow_cost":"NONE","seed_source_timestamp":82256961122665,"circlet_count":0,"master_deck":["Strike_B","Strike_B","Strike_B","Defend_B","Defend_B","Defend_B","Defend_B","Zap+1","Dualcast","Beam Cell+1","Static Discharge","Consume+1","White Noise+1","Sunder+1","Storm","Auto Shields+1","Biased Cognition","Melter","Sweeping Beam","Zap+1","Streamline+1","Hologram","Turbo"],"relics":["Cracked Core","Oddly Smooth Stone","Centennial Puzzle","Strawberry","Tiny Chest","Coffee Dripper","Bottled Tornado","Pen Nib"],"potions_floor_usage":[16,24,24],"damage_taken":[{"damage":0,"enemies":"Jaw Worm","floor":1,"turns":4},{"damage":0,"enemies":"Cultist","floor":4,"turns":3},{"damage":0,"enemies":"2 Louse","floor":5,"turns":2},{"damage":30,"enemies":"Lagavulin","floor":7,"turns":5},{"damage":0,"enemies":"Exordium Wildlife","floor":11,"turns":3},{"damage":7,"enemies":"3 Louse","floor":13,"turns":2},{"damage":4,"enemies":"Looter","floor":14,"turns":2},{"damage":35,"enemies":"Hexaghost","floor":16,"turns":5},{"damage":16,"enemies":"Chosen","floor":18,"turns":5},{"damage":24,"enemies":"Shell Parasite","floor":19,"turns":4},{"damage":18,"enemies":"3 Cultists","floor":21,"turns":4},{"damage":17,"enemies":"Snake Plant","floor":24,"turns":3},{"damage":16,"enemies":"Centurion and Healer","floor":28,"turns":5},{"damage":4,"enemies":"Shelled Parasite and Fungi","floor":31,"turns":1}],"seed_played":"-6718567310303825812","potions_obtained":[{"floor":4,"key":"Fire Potion"},{"floor":7,"key":"Regen Potion"},{"floor":14,"key":"Regen Potion"},{"floor":18,"key":"Weak Potion"},{"floor":19,"key":"Block Potion"},{"floor":28,"key":"Dexterity Potion"}],"is_trial":false,"path_per_floor":["M","?","?","M","M","R","E","R","T","R","M","T","M","M","R","B",null,"M","M","?","M","?","R","M","R","T","T","M","?","R","M"],"character_chosen":"DEFECT","items_purchased":[],"campfire_rested":1,"item_purchase_floors":[],"current_hp_per_floor":[75,75,68,68,68,68,38,38,45,45,45,45,38,34,58,23,82,66,42,42,24,8,8,18,18,18,18,2,2,2,0],"gold":534,"neow_bonus":"RANDOM_COMMON_RELIC","is_prod":false,"is_daily":false,"chose_seed":false,"campfire_upgraded":6,"win_rate":0,"timestamp":1544753151,"path_taken":["M","?","?","M","M","R","E","R","T","R","M","?","?","M","R","BOSS","M","M","?","?","?","R","M","R","T","?","M","?","R","M"],"build_version":"2018-12-13","purchased_purges":0,"victory":false,"max_hp_per_floor":[75,75,75,75,75,75,75,75,82,82,82,82,82,82,82,82,82,82,82,82,82,87,87,87,87,87,87,87,87,87,87],"card_choices":[{"not_picked":["BootSequence","Go for the Eyes"],"picked":"Beam Cell","floor":1},{"not_picked":["Compile Driver","Barrage"],"picked":"Static Discharge","floor":4},{"not_picked":["Barrage","Aggregate"],"picked":"Consume","floor":5},{"not_picked":["Double Energy","Barrage"],"picked":"White Noise","floor":7},{"not_picked":["Doom and Gloom","Double Energy"],"picked":"Sunder","floor":11},{"not_picked":["Streamline","Compile Driver"],"picked":"Storm","floor":13},{"not_picked":["Reprogram","Doom and Gloom"],"picked":"Auto Shields","floor":14},{"not_picked":["Rainbow","All For One"],"picked":"Biased Cognition","floor":16},{"not_picked":["Glacier","Loop"],"picked":"Melter","floor":18},{"not_picked":["Turbo","Go for the Eyes"],"picked":"Sweeping Beam","floor":19},{"not_picked":["Stack","Conserve Battery+1"],"picked":"Streamline","floor":21},{"not_picked":["Recycle+1","Chaos"],"picked":"Hologram","floor":24},{"not_picked":["Double Energy","Steam"],"picked":"Turbo","floor":28}],"player_experience":54013,"relics_obtained":[{"floor":7,"key":"Centennial Puzzle"},{"floor":9,"key":"Strawberry"},{"floor":12,"key":"Tiny Chest"},{"floor":26,"key":"Bottled Tornado"},{"floor":27,"key":"Pen Nib"}],"event_choices":[{"damage_healed":0,"gold_gain":0,"player_choice":"Grow","damage_taken":0,"max_hp_gain":0,"max_hp_loss":0,"event_name":"Living Wall","floor":2,"gold_loss":0,"cards_upgraded":["Zap"]},{"cards_removed":["Strike_B"],"damage_healed":0,"gold_gain":0,"player_choice":"Card Removal","damage_taken":7,"max_hp_gain":0,"max_hp_loss":0,"event_name":"Golden Wing","floor":3,"gold_loss":0},{"damage_healed":0,"gold_gain":0,"player_choice":"Copied","damage_taken":0,"max_hp_gain":0,"max_hp_loss":0,"event_name":"Duplicator","floor":20,"gold_loss":0,"cards_obtained":["Zap"]},{"damage_healed":0,"gold_gain":0,"player_choice":"Shed Blood","damage_taken":21,"max_hp_gain":5,"max_hp_loss":0,"event_name":"Forgotten Altar","floor":22,"gold_loss":0},{"damage_healed":0,"gold_gain":0,"player_choice":"Ignored","damage_taken":0,"max_hp_gain":0,"max_hp_loss":0,"event_name":"Cursed Tome","floor":29,"gold_loss":0}],"is_beta":false,"boss_relics":[{"not_picked":["White Beast Statue","Empty Cage"],"picked":"Coffee Dripper"}],"items_purged_floors":[],"is_endless":false,"potions_floor_spawned":[4,7,14,18,19,28],"killed_by":"Shelled Parasite and Fungi","ascension_level":1}