{"gold_per_floor":[114,289,289,302,54,54,85,85,85,101,101,128,186,202,202,303,303,303,303,303,303,303,303,303,303,303,303,98,98,98,98,98,98,98,98,98,25,0,0,0,0,0,0,0,0,0,0,0,0,0],"floor_reached":51,"playtime":1317,"items_purged":[],"score":697,"play_id":"1ae1620d-468a-46d6-98ac-5282484783f2","local_time":"20181204214439","is_ascension_mode":false,"campfire_choices":[{"data":"Defragment","floor":6.0,"key":"SMITH"},{"data":"Dualcast","floor":8.0,"key":"SMITH"},{"data":"Zap","floor":15.0,"key":"SMITH"},{"data":"Echo Form","floor":27.0,"key":"SMITH"},{"data":"Capacitor","floor":29.0,"key":"SMITH"},{"floor":32.0,"key":"REST"},{"data":"Amplify","floor":40.0,"key":"SMITH"},{"data":"Go for the Eyes","floor":42.0,"key":"SMITH"},{"data":"Barrage","floor":46.0,"key":"SMITH"},{"floor":49,"key":"RECALL"}],"neow_cost":"NONE","seed_source_timestamp":512778804149755,"circlet_count":0,"master_deck":["Strike_B+1","Strike_B+1","Strike_B+1","Defend_B+1","Defend_B+1","Defend_B+1","Defend_B+1","Zap+1","Dualcast+1","Biased Cognition+1","Cold Snap+1","Defragment+1","Ball Lightning+1","Undo+1","Go for the Eyes+1","Echo Form+1","Capacitor+1","Loop+1","Barrage+1","Echo Form+1","Defragment+1","BootSequence+1","Amplify+1","Auto Shields+1","Coolheaded+1","Glacier+1","Writhe"],"special_seed":0,"relics":["Cracked Core","Bag of Preparation","Centennial Puzzle","Juzu Bracelet","Lantern","Boot","Ectoplasm","Pantograph","Cables","DollysMirror","Sozu","Red Mask","Old Coin","Mark of the Bloom"],"potions_floor_usage":[48,50],"damage_taken":[{"damage":0.0,"enemies":"2 Louse","floor":1.0,"turns":3.0},{"damage":0.0,"enemies":"Jaw Worm","floor":4.0,"turns":3.0},{"damage":7.0,"enemies":"Gremlin Nob","floor":7.0,"turns":4.0},{"damage":5.0,"enemies":"Small Slimes","floor":10.0,"turns":4.0},{"damage":6.0,"enemies":"Lagavulin","floor":12.0,"turns":4.0},{"damage":0.0,"enemies":"Gremlin Nob","floor":13.0,"turns":3.0},{"damage":5.0,"enemies":"2 Fungi Beasts","floor":14.0,"turns":3.0},{"damage":4.0,"enemies":"The Guardian","floor":16.0,"turns":9.0},{"damage":0.0,"enemies":"Shell Parasite","floor":18.0,"turns":4.0},{"damage":2.0,"enemies":"Chosen","floor":19.0,"turns":3.0},{"damage":0.0,"enemies":"Centurion and Healer","floor":21.0,"turns":7.0},{"damage":28.0,"enemies":"Slavers","floor":23.0,"turns":4.0},{"damage":6.0,"enemies":"Snake Plant","floor":30.0,"turns":4.0},{"damage":15.0,"enemies":"Snecko","floor":31.0,"turns":3.0},{"damage":5.0,"enemies":"Champ","floor":33.0,"turns":8.0},{"damage":13.0,"enemies":"Orb Walker","floor":35.0,"turns":4.0},{"damage":0.0,"enemies":"3 Shapes","floor":36.0,"turns":5.0},{"damage":0,"enemies":"Nemesis","floor":48,"turns":2},{"damage":51,"enemies":"Awakened One","floor":50,"turns":13}],"seed_played":"7019582103040433854","potions_obtained":[{"floor":4.0,"key":"Fire Potion"},{"floor":12.0,"key":"Explosive Potion"},{"floor":16.0,"key":"Weak Potion"},{"floor":31.0,"key":"SmokeBomb"}],"is_trial":false,"path_per_floor":["M","?","?","M","$","R","E","R","T","M","?","E","?","M","R","B",null,"M","M","?","M","$","E","?","?","T","R","$","R","M","M","R","B",null,"M","M","$","?","?","R","?","R","T","?","?","R","?","E","R","B",null],"character_chosen":"DEFECT","items_purchased":["Defragment","Conserve Battery","Bag of Preparation","DollysMirror","Glacier"],"campfire_rested":1,"item_purchase_floors":[5,5,5,28,37],"current_hp_per_floor":[75,75,68,68,68,68,61,61,61,56,41,35,35,30,30,26,75,75,73,73,73,73,45,45,45,45,45,45,45,39,24,46,66,75,62,62,62,62,75,75,75,75,75,75,75,75,75,75,75,24],"gold":0,"neow_bonus":"ONE_RANDOM_RARE_CARD","is_prod":false,"is_daily":false,"chose_seed":false,"campfire_upgraded":8,"win_rate":0,"timestamp":1543959879,"path_taken":["M","?","?","M","$","R","E","R","T","M","?","E","?","M","R","BOSS","M","M","?","M","$","E","?","?","T","R","?","R","M","M","R","BOSS","M","M","$","?","?","R","?","R","T","?","?","R","?","E","R","BOSS"],"build_version":"2018-11-15","purchased_purges":0,"victory":true,"max_hp_per_floor":[75,75,75,75,75,75,75,75,75,75,75,75,75,75,75,75,75,75,75,75,75,75,75,75,75,75,75,75,75,75,75,75,75,75,75,75,75,75,75,75,75,75,75,75,75,75,75,75,75,75],"card_choices":[{"not_picked":["Gash","Darkness"],"picked":"Cold Snap","floor":1.0},{"not_picked":["Compile Driver","FTL","Sweeping Beam"],"picked":"SKIP","floor":4.0},{"not_picked":["Leap","Darkness","Fusion"],"picked":"SKIP","floor":7.0},{"not_picked":["Storm","Hologram"],"picked":"Ball Lightning","floor":10.0},{"not_picked":["Redo","Streamline"],"picked":"Undo","floor":12.0},{"not_picked":["Hologram","FTL"],"picked":"Go for the Eyes","floor":13.0},{"not_picked":["Reinforced Body","Melter","Double Energy"],"picked":"SKIP","floor":14.0},{"not_picked":["Thunder Strike","Machine Learning"],"picked":"Echo Form","floor":16.0},{"not_picked":["Hologram","Beam Cell"],"picked":"Capacitor","floor":18.0},{"not_picked":["Beam Cell","Force Field"],"picked":"Loop+1","floor":19.0},{"not_picked":["Blizzard","Streamline"],"picked":"Barrage","floor":21.0},{"not_picked":["Recycle","Multi-Cast"],"picked":"Echo Form","floor":23.0},{"not_picked":["Ball Lightning","Loop"],"picked":"BootSequence","floor":30.0},{"not_picked":["Beam Cell","Compile Driver+1","Gash+1"],"picked":"SKIP","floor":31.0},{"not_picked":["Hyperbeam","Multi-Cast"],"picked":"Amplify","floor":33.0},{"not_picked":["Heatsinks+1","Streamline+1"],"picked":"Auto Shields","floor":35.0},{"not_picked":["Turbo","Auto Shields"],"picked":"Coolheaded+1","floor":36.0}],"player_experience":852024,"relics_obtained":[{"floor":7.0,"key":"Centennial Puzzle"},{"floor":9.0,"key":"Juzu Bracelet"},{"floor":12.0,"key":"Lantern"},{"floor":13.0,"key":"Boot"},{"floor":23.0,"key":"Pantograph"},{"floor":26.0,"key":"Cables"},{"floor":43.0,"key":"Old Coin"}],"event_choices":[{"damage_healed":0.0,"max_hp_gain":0.0,"max_hp_loss":0.0,"gold_gain":175.0,"event_name":"Liars Game","player_choice":"AGREE","floor":2.0,"gold_loss":0.0,"damage_taken":0.0,"cards_obtained":["Doubt"]},{"cards_removed":["Doubt"],"damage_healed":0.0,"max_hp_gain":0.0,"max_hp_loss":0.0,"gold_gain":0.0,"event_name":"Golden Wing","player_choice":"Card Removal","floor":3.0,"gold_loss":0.0,"damage_taken":7.0},{"damage_healed":0.0,"max_hp_gain":0.0,"max_hp_loss":0.0,"gold_gain":0.0,"event_name":"Shining Light","player_choice":"Entered Light","floor":11.0,"gold_loss":0.0,"damage_taken":15.0,"cards_upgraded":["Ball Lightning","Defend_B"]},{"damage_healed":0.0,"max_hp_gain":0.0,"max_hp_loss":0.0,"gold_gain":0.0,"event_name":"Dead Adventurer","player_choice":"Searched \u00271\u0027 times","floor":13.0,"gold_loss":0.0,"damage_taken":0.0},{"damage_healed":0.0,"max_hp_gain":0.0,"max_hp_loss":0.0,"gold_gain":0.0,"event_name":"Vampires","player_choice":"Ignored","floor":20.0,"gold_loss":0.0,"damage_taken":0.0},{"damage_healed":0.0,"max_hp_gain":0.0,"max_hp_loss":0.0,"gold_gain":0.0,"event_name":"The Woman in Blue","player_choice":"Bought 0 Potions","floor":24.0,"gold_loss":0.0,"damage_taken":0.0},{"cards_removed":["Strike_B"],"damage_healed":0.0,"max_hp_gain":0.0,"max_hp_loss":0.0,"gold_gain":0.0,"event_name":"Purifier","player_choice":"Purged","floor":25.0,"gold_loss":0.0,"damage_taken":0.0},{"damage_healed":0.0,"max_hp_gain":0.0,"max_hp_loss":0.0,"gold_gain":0.0,"event_name":"Tomb of Lord Red Mask","player_choice":"Paid","floor":38.0,"gold_loss":25.0,"damage_taken":0.0,"relics_obtained":["Red Mask"]},{"damage_healed":19.0,"max_hp_gain":0.0,"max_hp_loss":0.0,"gold_gain":0.0,"event_name":"Winding Halls","player_choice":"Writhe","floor":39.0,"gold_loss":0.0,"damage_taken":0.0,"cards_obtained":["Writhe"]},{"damage_healed":0.0,"max_hp_gain":0.0,"max_hp_loss":0.0,"gold_gain":0.0,"event_name":"Match and Keep!","player_choice":"0 cards matched","floor":41.0,"gold_loss":0.0,"damage_taken":0.0,"cards_obtained":[]},{"cards_removed":["Conserve Battery"],"damage_healed":0.0,"max_hp_gain":0.0,"max_hp_loss":0.0,"gold_gain":0.0,"event_name":"Falling","player_choice":"Removed Skill","floor":44.0,"gold_loss":0.0,"damage_taken":0.0},{"damage_healed":0.0,"max_hp_gain":0.0,"max_hp_loss":0.0,"gold_gain":0.0,"event_name":"SensoryStone","player_choice":"Memory 1","floor":45.0,"gold_loss":0.0,"damage_taken":0.0},{"damage_healed":0.0,"max_hp_gain":0.0,"max_hp_loss":0.0,"gold_gain":0.0,"event_name":"MindBloom","player_choice":"Upgrade","floor":47.0,"gold_loss":0.0,"damage_taken":0.0,"cards_upgraded":["Strike_B","Strike_B","Strike_B","Defend_B","Defend_B","Defend_B","Biased Cognition","Cold Snap","Undo","Echo Form","BootSequence","Auto Shields","Glacier"],"relics_obtained":["Mark of the Bloom"]}],"is_beta":false,"boss_relics":[{"not_picked":["Busted Crown","Coffee Dripper"],"picked":"Ectoplasm"},{"not_picked":["Inserter","Pandora\u0027s Box"],"picked":"Sozu"}],"items_purged_floors":[],"is_endless":false,"potions_floor_spawned":[4,12,16,19,31,48],"ascension_level":0}