{"gold_per_floor":[109,109,123,123,123,123,152,164,256,292,232,242,259,313,313,410,410,423,433,483,408,428,454,454,487,565,576,601,19,19,38,38,140,140,160,173,73,88,104,104,137,137,137,137,137,155,165,182,182,182],"floor_reached":51,"playtime":1675,"items_purged":["Strike_B","Defend_B"],"score":737,"play_id":"c70fe7a0-2d43-4d07-bdfe-4731c02707e7","local_time":"20181104173503","is_ascension_mode":false,"campfire_choices":[{"data":"Dualcast","floor":6.0,"key":"SMITH"},{"data":"Zap","floor":8.0,"key":"SMITH"},{"data":"Conserve Battery","floor":15.0,"key":"SMITH"},{"data":"Rainbow","floor":24.0,"key":"SMITH"},{"floor":30.0,"key":"REST"},{"data":"Chaos","floor":32.0,"key":"SMITH"},{"data":"Electrodynamics","floor":40.0,"key":"SMITH"},{"floor":42.0,"key":"REST"},{"data":"Blizzard","floor":45,"key":"SMITH"},{"floor":49,"key":"REST"}],"neow_cost":"NONE","seed_source_timestamp":1809139394268819,"circlet_count":0,"master_deck":["Strike_B","Strike_B","Strike_B+1","Defend_B","Defend_B","Defend_B","Zap+1","Dualcast+1","Conserve Battery+1","Defragment+1","Chill","Rainbow+1","Glacier","Capacitor+1","Chaos+1","Defragment+1","Blizzard+1","Electrodynamics+1","Go for the Eyes+1","Auto Shields+1","Force Field+1","White Noise+1"],"special_seed":0,"relics":["Cracked Core","Bag of Marbles","MawBank","Tiny Chest","Oddly Smooth Stone","Boot","Inserter","Blood Vial","Pen Nib","Mercury Hourglass","Happy Flower","DollysMirror","Calipers","Cursed Key","Ornamental Fan"],"potions_floor_usage":[50,50,50],"damage_taken":[{"damage":1.0,"enemies":"Cultist","floor":1.0,"turns":3.0},{"damage":0.0,"enemies":"2 Louse","floor":3.0,"turns":3.0},{"damage":24.0,"enemies":"3 Sentries","floor":7.0,"turns":7.0},{"damage":0.0,"enemies":"Small Slimes","floor":12.0,"turns":3.0},{"damage":6.0,"enemies":"Looter","floor":13.0,"turns":2.0},{"damage":28.0,"enemies":"Hexaghost","floor":16.0,"turns":10.0},{"damage":0.0,"enemies":"Shell Parasite","floor":18.0,"turns":6.0},{"damage":0.0,"enemies":"Chosen","floor":19.0,"turns":5.0},{"damage":8.0,"enemies":"3 Cultists","floor":22.0,"turns":7.0},{"damage":4.0,"enemies":"Book of Stabbing","floor":23.0,"turns":7.0},{"damage":28.0,"enemies":"Slavers","floor":25.0,"turns":8.0},{"damage":0.0,"enemies":"Snake Plant","floor":27.0,"turns":5.0},{"damage":2.0,"enemies":"Book of Stabbing","floor":28.0,"turns":7.0},{"damage":0.0,"enemies":"Snecko","floor":31.0,"turns":5.0},{"damage":28.0,"enemies":"Collector","floor":33.0,"turns":11.0},{"damage":0.0,"enemies":"Orb Walker","floor":35.0,"turns":4.0},{"damage":16.0,"enemies":"3 Shapes","floor":36.0,"turns":3.0},{"damage":0.0,"enemies":"Transient","floor":38.0,"turns":5.0},{"damage":15.0,"enemies":"4 Shapes","floor":39.0,"turns":3.0},{"damage":11.0,"enemies":"Nemesis","floor":41.0,"turns":7.0},{"damage":10,"enemies":"3 Darklings","floor":46,"turns":4},{"damage":9,"enemies":"Sphere and 2 Shapes","floor":47,"turns":4},{"damage":0,"enemies":"4 Shapes","floor":48,"turns":3},{"damage":8,"enemies":"Donu and Deca","floor":50,"turns":6}],"seed_played":"7718392355211531780","potions_obtained":[{"floor":1.0,"key":"LiquidBronze"},{"floor":3.0,"key":"Poison Potion"},{"floor":7.0,"key":"Weak Potion"},{"floor":16.0,"key":"FocusPotion"},{"floor":39.0,"key":"Strength Potion"}],"is_trial":false,"path_per_floor":["M","$","M","?","?","R","E","R","T","T","$","M","M","T","R","B",null,"M","M","?","$","M","E","R","E","T","M","E","$","R","M","R","B",null,"M","M","$","M","M","R","E","R","T","?","R","M","M","M","R","B",null],"character_chosen":"DEFECT","items_purchased":["Chill","DollysMirror","Calipers","Blizzard"],"campfire_rested":3,"item_purchase_floors":[11,29,29,29],"current_hp_per_floor":[74,74,74,59,59,59,35,35,35,35,35,35,29,29,29,1,75,75,75,75,75,67,63,63,37,37,39,39,39,61,63,63,37,75,75,59,59,61,48,48,39,61,61,61,61,53,46,48,70,64],"gold":182,"neow_bonus":"RANDOM_COMMON_RELIC","is_prod":false,"is_daily":false,"chose_seed":false,"campfire_upgraded":7,"win_rate":0,"timestamp":1541352903,"path_taken":["M","?","?","?","?","R","E","R","T","?","?","M","M","?","R","BOSS","M","M","?","?","M","E","R","E","T","M","E","$","R","?","R","BOSS","M","M","$","M","M","R","E","R","T","?","R","M","M","M","R","BOSS"],"build_version":"2018-11-01","purchased_purges":2,"victory":true,"max_hp_per_floor":[75,75,75,75,75,75,75,75,75,75,75,75,75,75,75,75,75,75,75,75,75,75,75,75,75,75,75,75,75,75,75,75,75,75,75,75,75,75,75,75,75,75,75,75,75,75,75,75,75,75],"card_choices":[{"not_picked":["Hello World","Reinforced Body"],"picked":"Conserve Battery","floor":1.0},{"not_picked":["Steam","Consume"],"picked":"Defragment","floor":3.0},{"not_picked":["Static Discharge","Meteor Strike","Gash"],"picked":"SKIP","floor":7.0},{"not_picked":["Streamline","Rip and Tear","Coolheaded"],"picked":"SKIP","floor":12.0},{"not_picked":["Redo","Skim","Hologram"],"picked":"SKIP","floor":13.0},{"not_picked":["Creative AI","Meteor Strike"],"picked":"Rainbow","floor":16.0},{"not_picked":["Compile Driver","Storm","Recycle"],"picked":"SKIP","floor":18.0},{"not_picked":["Leap+1","Coolheaded+1"],"picked":"Glacier","floor":19.0},{"not_picked":["Compile Driver","Conserve Battery","Streamline"],"picked":"SKIP","floor":22.0},{"not_picked":["Stack","Aggregate","Meteor Strike"],"picked":"SKIP","floor":23.0},{"not_picked":["Steam","Heatsinks"],"picked":"Capacitor+1","floor":25.0},{"not_picked":["Skim","Beam Cell"],"picked":"Chaos","floor":27.0},{"not_picked":["Redo","Hello World","Hologram"],"picked":"SKIP","floor":28.0},{"not_picked":["Compile Driver","Beam Cell","Gash+1"],"picked":"SKIP","floor":31.0},{"not_picked":["Seek","Thunder Strike"],"picked":"Electrodynamics","floor":33.0},{"not_picked":["Lockon","Sweeping Beam+1"],"picked":"Go for the Eyes+1","floor":35.0},{"not_picked":["Beam Cell","Rebound+1","Hello World+1"],"picked":"SKIP","floor":36.0},{"not_picked":["Beam Cell+1","Turbo+1","Fusion+1"],"picked":"SKIP","floor":38.0},{"not_picked":["Consume","Redo+1","Steam Power+1"],"picked":"SKIP","floor":39.0},{"not_picked":["Sweeping Beam","Loop"],"picked":"Auto Shields+1","floor":41.0},{"not_picked":["Sweeping Beam","Steam+1"],"picked":"Force Field+1","floor":46},{"not_picked":["Genetic Algorithm","Redo+1","Blizzard"],"picked":"SKIP","floor":47},{"not_picked":["Sunder+1","Hologram"],"picked":"White Noise+1","floor":48}],"player_experience":761609,"relics_obtained":[{"floor":7.0,"key":"MawBank"},{"floor":9.0,"key":"Tiny Chest"},{"floor":10.0,"key":"Oddly Smooth Stone"},{"floor":14.0,"key":"Boot"},{"floor":23.0,"key":"Blood Vial"},{"floor":25.0,"key":"Pen Nib"},{"floor":26.0,"key":"Mercury Hourglass"},{"floor":28.0,"key":"Happy Flower"},{"floor":41.0,"key":"Ornamental Fan"}],"event_choices":[{"damage_healed":0.0,"max_hp_gain":0.0,"max_hp_loss":0.0,"gold_gain":0.0,"event_name":"Shining Light","player_choice":"Entered Light","floor":4.0,"gold_loss":0.0,"damage_taken":15.0,"cards_upgraded":["Strike_B","Defragment"]},{"damage_healed":0.0,"max_hp_gain":0.0,"max_hp_loss":0.0,"gold_gain":0.0,"event_name":"Liars Game","player_choice":"Ignored","floor":5.0,"gold_loss":0.0,"damage_taken":0.0},{"damage_healed":0.0,"max_hp_gain":0.0,"max_hp_loss":0.0,"gold_gain":100.0,"event_name":"The Joust","player_choice":"Bet on Murderer","floor":20.0,"gold_loss":50.0,"damage_taken":0.0},{"damage_healed":0,"gold_gain":0,"player_choice":"Ignored","damage_taken":0,"max_hp_gain":0,"max_hp_loss":0,"event_name":"Mysterious Sphere","floor":44,"gold_loss":0}],"is_beta":false,"boss_relics":[{"not_picked":["Velvet Choker","Coffee Dripper"],"picked":"Inserter"},{"not_picked":["Philosopher\u0027s Stone","Lizard Tail"],"picked":"Cursed Key"}],"items_purged_floors":[21,37],"is_endless":false,"potions_floor_spawned":[1,3,7,16,19,23,25,31,33,39,41,47,48],"ascension_level":0}