{"gold_per_floor":[119,119,131,131,131,131,163,163,188,220,220,282,182,202,202,302,302,314,324,336,251,103,103,138,152,175,175,175,175,192,206,206,308,308,323,323,180,196,213,213],"floor_reached":40,"playtime":3524,"items_purged":["Strike_B","Biased Cognition"],"score":439,"play_id":"35359ba5-5c38-4390-9181-2ee4e84b1458","local_time":"20180623124858","is_ascension_mode":false,"campfire_choices":[{"data":"Streamline","floor":6,"key":"SMITH"},{"data":"Chaos","floor":8,"key":"SMITH"},{"data":"Redo","floor":11,"key":"SMITH"},{"floor":15,"key":"REST"},{"floor":23,"key":"REST"},{"floor":27,"key":"REST"},{"floor":29,"key":"DIG"},{"floor":32,"key":"REST"}],"neow_cost":"NONE","seed_source_timestamp":11173724372225,"circlet_count":0,"master_deck":["Strike_B","Defend_B","Defend_B","Defend_B","Defend_B","Zap","Dualcast","Redo+1","Streamline+1","Chaos+1","Barrage","Conserve Battery","Redo","Multi-Cast","Cold Snap+1","Gash+1","Skim","Ball Lightning","Self Repair+1","Capacitor","Loop","Undo+1","Reinforced Body","Fission+1","Capacitor+1","Reprogram+1","Go for the Eyes"],"relics":["Cracked Core","NeowsBlessing","Bronze Scales","Blood Vial","Gremlin Horn","Pen Nib","Sozu","Bag of Preparation","Shovel","Regal Pillow","Oddly Smooth Stone","Cursed Key","War Paint"],"potions_floor_usage":[12,31,33,33],"damage_taken":[{"damage":0,"enemies":"Small Slimes","floor":1,"turns":1},{"damage":0,"enemies":"2 Louse","floor":3,"turns":1},{"damage":0,"enemies":"3 Sentries","floor":7,"turns":1},{"damage":16,"enemies":"Lagavulin","floor":10,"turns":5},{"damage":6,"enemies":"3 Sentries","floor":12,"turns":3},{"damage":4,"enemies":"Jaw Worm","floor":14,"turns":3},{"damage":30,"enemies":"The Guardian","floor":16,"turns":8},{"damage":0,"enemies":"Spheric Guardian","floor":18,"turns":3},{"damage":21,"enemies":"Chosen","floor":19,"turns":3},{"damage":20,"enemies":"Centurion and Healer","floor":20,"turns":4},{"damage":34,"enemies":"Book of Stabbing","floor":24,"turns":5},{"damage":18,"enemies":"3 Cultists","floor":25,"turns":5},{"damage":19,"enemies":"Snake Plant","floor":30,"turns":3},{"damage":10,"enemies":"Sentry and Sphere","floor":31,"turns":4},{"damage":60,"enemies":"Automaton","floor":33,"turns":10},{"damage":6,"enemies":"3 Shapes","floor":35,"turns":3},{"damage":28,"enemies":"3 Darklings","floor":38,"turns":6},{"damage":24,"enemies":"Sphere and 2 Shapes","floor":39,"turns":4},{"damage":46,"enemies":"Nemesis","floor":40,"turns":7}],"seed_played":"-1122067962547116389","potions_obtained":[{"floor":10,"key":"SkillPotion"},{"floor":12,"key":"SkillPotion"},{"floor":14,"key":"AttackPotion"},{"floor":16,"key":"Block Potion"}],"is_trial":false,"path_per_floor":["M","?","M","?","?","R","E","R","T","E","R","?","$","M","R","B",null,"M","M","M","?","$","R","E","M","T","R","?","R","M","M","R","B",null,"M","?","$","M","M"],"character_chosen":"DEFECT","items_purchased":["Redo","Ball Lightning","War Paint"],"campfire_rested":4,"item_purchase_floors":[13,22,37],"current_hp_per_floor":[75,68,68,73,73,73,73,73,73,59,59,55,55,53,77,49,80,80,59,41,41,41,65,33,27,27,66,66,66,49,51,80,20,80,80,80,80,62,40,0],"gold":213,"neow_bonus":"THREE_ENEMY_KILL","is_prod":false,"is_daily":false,"chose_seed":false,"campfire_upgraded":3,"win_rate":0.0,"timestamp":1529772538,"path_taken":["M","?","M","?","?","R","E","R","T","E","R","?","$","M","R","BOSS","M","M","M","?","$","R","E","M","T","R","?","R","M","M","R","BOSS","M","?","$","?","M","E"],"build_version":"2018-06-21v2","purchased_purges":2,"victory":false,"max_hp_per_floor":[75,75,75,80,80,80,80,80,80,80,80,80,80,80,80,80,80,80,80,80,80,80,80,80,80,80,80,80,80,80,80,80,80,80,80,80,80,80,80,80],"card_choices":[{"not_picked":["Leap","Genetic Algorithm"],"picked":"Redo","floor":1},{"not_picked":["Ball Lightning","Reinforced Body"],"picked":"Streamline","floor":3},{"not_picked":["Steam","Stack"],"picked":"Chaos","floor":7},{"not_picked":["Genetic Algorithm","Defragment"],"picked":"Barrage","floor":10},{"not_picked":["Coolheaded","Genetic Algorithm"],"picked":"Conserve Battery","floor":12},{"not_picked":["Stack","Hologram"],"picked":"Biased Cognition","floor":14},{"not_picked":["Amplify","Reboot"],"picked":"Multi-Cast","floor":16},{"not_picked":["Hologram","Stack"],"picked":"Cold Snap+1","floor":18},{"not_picked":["Melter","Conserve Battery"],"picked":"Gash+1","floor":19},{"not_picked":["Steam","Sweeping Beam"],"picked":"Skim","floor":20},{"not_picked":["Glacier","Heatsinks+1"],"picked":"Self Repair+1","floor":24},{"not_picked":["Ball Lightning","Glacier"],"picked":"Capacitor","floor":25},{"not_picked":["Beam Cell","Barrage"],"picked":"Undo","floor":30},{"not_picked":["Hello World","Chaos"],"picked":"Reinforced Body","floor":31},{"not_picked":["Echo Form","Machine Learning"],"picked":"Fission","floor":33},{"not_picked":["Aggregate","Steam Power+1"],"picked":"Capacitor+1","floor":35},{"not_picked":["Rebound","Undo+1"],"picked":"Reprogram+1","floor":38},{"not_picked":["Steam+1","Cold Snap"],"picked":"Go for the Eyes","floor":39}],"player_experience":43615,"relics_obtained":[{"floor":7,"key":"Bronze Scales"},{"floor":9,"key":"Blood Vial"},{"floor":10,"key":"Gremlin Horn"},{"floor":12,"key":"Pen Nib"},{"floor":24,"key":"Shovel"},{"floor":26,"key":"Regal Pillow"},{"floor":29,"key":"Oddly Smooth Stone"}],"event_choices":[{"event_name":"Golden Wing","player_choice":"Card Removal","floor":2,"damage_taken":0},{"event_name":"Big Fish","player_choice":"Donut","floor":4,"damage_taken":0},{"event_name":"Purifier","player_choice":"One Purge","floor":5,"damage_taken":0},{"event_name":"Dead Adventurer","player_choice":"Searched \u00272\u0027 times","floor":12,"damage_taken":0},{"event_name":"Addict","player_choice":"Obtained Relic","floor":21,"damage_taken":0},{"event_name":"The Library","player_choice":"Read","floor":28,"damage_taken":0},{"event_name":"The Woman in Blue","player_choice":"Bought 0 Potions","floor":36,"damage_taken":0}],"boss_relics":[{"not_picked":["White Beast Statue","Black Star"],"picked":"Sozu"},{"not_picked":["Fusion Hammer","Coffee Dripper"],"picked":"Cursed Key"}],"items_purged_floors":[13,22],"is_endless":false,"potions_floor_spawned":[10,12,14,16,20,24,30,39],"killed_by":"Nemesis","ascension_level":0}