{"gold_per_floor":[109,109,79,98,23,23,42,72,123,139,139,150,150,35,35,134,134,145,45,45,58,58,58,77,77,77,177,177,27,42,53,53,157,157,176,176,191,211,86,86,86,86,86,117,117,133,133,149,149,149],"floor_reached":51,"playtime":2835,"items_purged":["Strike_B","Strike_B","Strike_B"],"score":713,"play_id":"3d69bf24-931c-4830-bde1-b364ebdbb47e","local_time":"20190209231249","is_ascension_mode":true,"campfire_choices":[{"data":"Dualcast","floor":6.0,"key":"SMITH"},{"data":"Leap","floor":11.0,"key":"SMITH"},{"floor":13.0,"key":"REST"},{"data":"Impatience","floor":15.0,"key":"SMITH"},{"data":"Go for the Eyes","floor":23.0,"key":"SMITH"},{"data":"Self Repair","floor":25.0,"key":"SMITH"},{"floor":28.0,"key":"REST"},{"data":"Scrape","floor":32.0,"key":"SMITH"},{"data":"Hologram","floor":40.0,"key":"SMITH"},{"data":"Strike_B","floor":42.0,"key":"PURGE"},{"data":"Defend_B","floor":45.0,"key":"PURGE"},{"data":"Defend_B","floor":47.0,"key":"PURGE"},{"data":"Defend_B","floor":49,"key":"PURGE"}],"neow_cost":"NONE","seed_source_timestamp":0,"circlet_count":0,"master_deck":["Defend_B","Zap+1","Dualcast+1","Gash","BootSequence","Gash","Leap+1","Leap","Impatience+1","Go for the Eyes+1","Machine Learning","Hologram+1","Gash","Self Repair+1","Steam+1","Scrape+1","Core Surge","BootSequence+1","Go for the Eyes+1","Stack+1"],"special_seed":0,"relics":["Cracked Core","Potion Belt","Juzu Bracelet","Sozu","Peace Pipe","FossilizedHelix","Bottled Flame","Omamori","Busted Crown","Gremlin Horn","Lantern"],"potions_floor_usage":[50,50],"damage_taken":[{"damage":0.0,"enemies":"2 Louse","floor":1.0,"turns":2.0},{"damage":6.0,"enemies":"Small Slimes","floor":4.0,"turns":3.0},{"damage":0.0,"enemies":"Cultist","floor":7.0,"turns":3.0},{"damage":31.0,"enemies":"Gremlin Nob","floor":8.0,"turns":4.0},{"damage":0.0,"enemies":"Blue Slaver","floor":10.0,"turns":3.0},{"damage":6.0,"enemies":"Looter","floor":12.0,"turns":3.0},{"damage":39.0,"enemies":"Slime Boss","floor":16.0,"turns":12.0},{"damage":11.0,"enemies":"Shell Parasite","floor":18.0,"turns":6.0},{"damage":12.0,"enemies":"2 Thieves","floor":21.0,"turns":4.0},{"damage":11.0,"enemies":"Centurion and Healer","floor":24.0,"turns":6.0},{"damage":12.0,"enemies":"Colosseum Slavers","floor":27.0,"turns":5.0},{"damage":43.0,"enemies":"Colosseum Nobs","floor":27.0,"turns":6.0},{"damage":0.0,"enemies":"Shelled Parasite and Fungi","floor":30.0,"turns":5.0},{"damage":14.0,"enemies":"Snake Plant","floor":31.0,"turns":6.0},{"damage":47.0,"enemies":"Champ","floor":33.0,"turns":11.0},{"damage":0.0,"enemies":"Orb Walker","floor":35.0,"turns":4.0},{"damage":8.0,"enemies":"3 Shapes","floor":37.0,"turns":5.0},{"damage":27.0,"enemies":"Maw","floor":38.0,"turns":9.0},{"damage":17.0,"enemies":"Reptomancer","floor":44.0,"turns":6.0},{"damage":6.0,"enemies":"Writhing Mass","floor":46.0,"turns":7.0},{"damage":6.0,"enemies":"3 Darklings","floor":48.0,"turns":6.0},{"damage":23,"enemies":"Time Eater","floor":50,"turns":11}],"seed_played":"2430739403706129725","potions_obtained":[{"floor":1.0,"key":"LiquidBronze"},{"floor":3.0,"key":"Strength Potion"},{"floor":3.0,"key":"Regen Potion"},{"floor":8.0,"key":"GamblersBrew"},{"floor":12.0,"key":"Explosive Potion"}],"is_trial":false,"path_per_floor":["M","?","?","M","$","R","M","E","T","M","R","M","R","$","R","B",null,"M","$","?","M","?","R","M","R","T","?","R","$","M","M","R","B",null,"M","?","M","M","$","R","?","R","T","E","R","M","R","M","R","B",null],"character_chosen":"DEFECT","items_purchased":["Impatience","Go for the Eyes","Omamori"],"campfire_rested":2,"item_purchase_floors":[14,14,29],"current_hp_per_floor":[75,80,80,74,74,74,74,43,43,43,43,37,61,61,61,22,80,69,69,69,57,57,57,46,46,46,25,49,49,59,55,55,18,80,80,80,80,63,63,63,63,63,63,56,56,60,60,64,64,51],"gold":149,"neow_bonus":"UPGRADE_CARD","is_prod":false,"is_daily":false,"chose_seed":false,"campfire_upgraded":7,"win_rate":0,"timestamp":1549750369,"path_taken":["M","?","?","M","$","R","M","E","T","M","R","M","R","$","R","BOSS","M","$","?","M","?","R","M","R","T","?","R","$","M","M","R","BOSS","M","?","M","M","$","R","?","R","T","E","R","M","R","M","R","BOSS"],"build_version":"2019-01-23","purchased_purges":3,"victory":true,"max_hp_per_floor":[75,80,80,80,80,80,80,80,80,80,80,80,80,80,80,80,80,80,80,80,80,80,80,80,80,80,80,80,80,80,80,80,80,80,80,80,80,80,80,80,80,80,80,80,80,80,80,80,80,80],"card_choices":[{"not_picked":["Blizzard","Darkness"],"picked":"Gash","floor":1.0},{"not_picked":["Aggregate","Go for the Eyes"],"picked":"BootSequence","floor":4.0},{"not_picked":["Compile Driver","Stack","Cold Snap"],"picked":"SKIP","floor":7.0},{"not_picked":["Auto Shields","Turbo"],"picked":"Gash","floor":8.0},{"not_picked":["Blizzard","Cold Snap"],"picked":"Leap","floor":10.0},{"not_picked":["Compile Driver","Force Field"],"picked":"Leap","floor":12.0},{"not_picked":["Buffer","Core Surge"],"picked":"Machine Learning","floor":16.0},{"not_picked":["Turbo","Redo+1"],"picked":"Hologram","floor":18.0},{"not_picked":["Aggregate","Recycle"],"picked":"Gash","floor":21.0},{"not_picked":["Go for the Eyes","Reinforced Body"],"picked":"Self Repair","floor":24.0},{"not_picked":["Cold Snap","Force Field"],"picked":"Steam+1","floor":30.0},{"not_picked":["Reinforced Body","Rebound"],"picked":"Scrape","floor":31.0},{"not_picked":["Machine Learning","Rainbow"],"picked":"Core Surge","floor":33.0},{"not_picked":["Melter+1"],"picked":"SKIP","floor":35.0},{"not_picked":[],"picked":"BootSequence+1","floor":37.0},{"not_picked":[],"picked":"Go for the Eyes+1","floor":38.0},{"not_picked":["Rip and Tear+1"],"picked":"SKIP","floor":44.0},{"not_picked":["Gash"],"picked":"SKIP","floor":46.0},{"not_picked":[],"picked":"Stack+1","floor":48.0}],"player_experience":47912,"relics_obtained":[{"floor":8.0,"key":"Potion Belt"},{"floor":9.0,"key":"Juzu Bracelet"},{"floor":26.0,"key":"Peace Pipe"},{"floor":27.0,"key":"FossilizedHelix"},{"floor":27.0,"key":"Bottled Flame"},{"floor":43.0,"key":"Gremlin Horn"},{"floor":44.0,"key":"Lantern"}],"event_choices":[{"damage_healed":0.0,"max_hp_gain":5.0,"max_hp_loss":0.0,"gold_gain":0.0,"event_name":"Big Fish","player_choice":"Donut","floor":2.0,"gold_loss":0.0,"damage_taken":0.0},{"damage_healed":0.0,"max_hp_gain":0.0,"max_hp_loss":0.0,"gold_gain":0.0,"event_name":"The Woman in Blue","player_choice":"Bought 2 Potions","floor":3.0,"gold_loss":0.0,"damage_taken":0.0},{"damage_healed":0.0,"max_hp_gain":0.0,"max_hp_loss":0.0,"gold_gain":0.0,"event_name":"Ghosts","player_choice":"Ignored","floor":20.0,"gold_loss":0.0,"damage_taken":0.0},{"damage_healed":0.0,"max_hp_gain":0.0,"max_hp_loss":0.0,"gold_gain":0.0,"event_name":"Beggar","player_choice":"Ignored","floor":22.0,"gold_loss":0.0,"damage_taken":0.0},{"damage_healed":0.0,"max_hp_gain":0.0,"max_hp_loss":0.0,"gold_gain":0.0,"event_name":"Colosseum","player_choice":"Fight","floor":27.0,"gold_loss":0.0,"damage_taken":0.0},{"damage_healed":0.0,"max_hp_gain":0.0,"max_hp_loss":0.0,"gold_gain":0.0,"event_name":"Colosseum","player_choice":"Fought Nobs","floor":27.0,"gold_loss":0.0,"damage_taken":0.0},{"damage_healed":0.0,"max_hp_gain":0.0,"max_hp_loss":0.0,"gold_gain":0.0,"event_name":"Tomb of Lord Red Mask","player_choice":"Ignored","floor":36.0,"gold_loss":0.0,"damage_taken":0.0},{"damage_healed":0.0,"max_hp_gain":0.0,"max_hp_loss":0.0,"gold_gain":0.0,"event_name":"Mysterious Sphere","player_choice":"Ignored","floor":41.0,"gold_loss":0.0,"damage_taken":0.0}],"is_beta":false,"boss_relics":[{"not_picked":["Black Star","Coffee Dripper"],"picked":"Sozu"},{"not_picked":["Snecko Eye","FrozenCore"],"picked":"Busted Crown"}],"items_purged_floors":[5,19,39],"is_endless":false,"potions_floor_spawned":[1,8,12,18,21,30,33,37,48],"ascension_level":2}