{"gold_per_floor":[366,251,271,271,291,318,318,343,366,380,380,380,398,398,398,498,498,511,511,527,452,452],"floor_reached":22,"playtime":1149,"items_purged":["Normality"],"score":194,"play_id":"09744ca7-86db-47ae-a887-8dbaa63a5247","local_time":"20190118111123","is_ascension_mode":false,"campfire_choices":[{"data":"Bash","floor":7,"key":"SMITH"},{"data":"Flame Barrier","floor":11,"key":"SMITH"},{"floor":15,"key":"REST"}],"neow_cost":"CURSE","seed_source_timestamp":753455798077301,"circlet_count":0,"master_deck":["Strike_R","Strike_R","Strike_R","Strike_R","Defend_R","Defend_R","Defend_R","Bash+1","Flame Barrier+1","Shrug It Off","Rampage","Juggernaut","Pommel Strike","Pommel Strike","Evolve","Regret","Limit Break","Clothesline"],"relics":["Black Blood","Lantern","Bag of Marbles","Strawberry","Regal Pillow","Potion Belt"],"potions_floor_usage":[19,19,20],"damage_taken":[{"damage":12,"enemies":"Cultist","floor":1,"turns":5},{"damage":2,"enemies":"2 Louse","floor":3,"turns":3},{"damage":2,"enemies":"Small Slimes","floor":5,"turns":5},{"damage":20,"enemies":"Gremlin Nob","floor":6,"turns":5},{"damage":7,"enemies":"3 Sentries","floor":8,"turns":9},{"damage":15,"enemies":"Looter","floor":10,"turns":3},{"damage":0,"enemies":"Exordium Wildlife","floor":13,"turns":5},{"damage":44,"enemies":"The Guardian","floor":16,"turns":13},{"damage":40,"enemies":"2 Thieves","floor":18,"turns":4},{"damage":53,"enemies":"Colosseum Slavers","floor":19,"turns":7},{"damage":15,"enemies":"3 Byrds","floor":20,"turns":5},{"damage":29,"enemies":"3 Cultists","floor":22,"turns":3}],"seed_played":"8103605443523929882","potions_obtained":[{"floor":3,"key":"BloodPotion"},{"floor":6,"key":"Regen Potion"},{"floor":13,"key":"FearPotion"},{"floor":16,"key":"AttackPotion"}],"is_trial":false,"path_per_floor":["M","$","M","?","M","E","R","E","T","M","R","?","M","?","R","B",null,"M","?","M","?","M"],"character_chosen":"IRONCLAD","items_purchased":["Flame Barrier"],"campfire_rested":1,"item_purchase_floors":[2],"current_hp_per_floor":[74,74,78,71,75,61,61,60,67,58,58,46,52,52,87,49,87,57,31,26,26,0],"gold":452,"neow_bonus":"TWO_FIFTY_GOLD","is_prod":false,"is_daily":false,"chose_seed":false,"campfire_upgraded":2,"win_rate":0,"timestamp":1547781083,"path_taken":["M","$","?","?","M","E","R","E","T","M","R","?","M","?","R","BOSS","M","?","M","?","?"],"build_version":"2019-01-17","purchased_purges":1,"victory":false,"max_hp_per_floor":[80,80,80,80,80,80,80,80,87,87,87,87,87,87,87,87,87,87,87,87,87,87],"card_choices":[{"not_picked":["Power Through","Seeing Red","Feel No Pain"],"picked":"SKIP","floor":1},{"not_picked":["Body Slam","Perfected Strike"],"picked":"Shrug It Off","floor":3},{"not_picked":["Battle Trance","Sword Boomerang"],"picked":"Rampage","floor":5},{"not_picked":["Anger","Intimidate"],"picked":"Juggernaut","floor":6},{"not_picked":["Burning Pact","Power Through"],"picked":"Pommel Strike","floor":8},{"not_picked":["Sentinel","Fire Breathing"],"picked":"Pommel Strike","floor":10},{"not_picked":["Flame Barrier","Searing Blow"],"picked":"Evolve","floor":13},{"not_picked":["Bludgeon","Berserk"],"picked":"Limit Break","floor":16},{"not_picked":["Pummel","Rampage+1","Body Slam+1"],"picked":"SKIP","floor":18},{"not_picked":["Hemokinesis+1","Pommel Strike"],"picked":"Clothesline","floor":20}],"player_experience":91615,"relics_obtained":[{"floor":6,"key":"Lantern"},{"floor":8,"key":"Bag of Marbles"},{"floor":9,"key":"Strawberry"}],"event_choices":[{"cards_removed":["Defend_R"],"damage_healed":0,"gold_gain":0,"player_choice":"Card Removal","damage_taken":7,"max_hp_gain":0,"max_hp_loss":0,"event_name":"Golden Wing","floor":4,"gold_loss":0},{"damage_healed":0,"gold_gain":0,"player_choice":"Success","damage_taken":12,"relics_obtained":["Regal Pillow"],"max_hp_gain":0,"max_hp_loss":0,"event_name":"Scrap Ooze","floor":12,"gold_loss":0},{"damage_healed":0,"gold_gain":0,"player_choice":"Box","damage_taken":0,"relics_obtained":["Potion Belt"],"max_hp_gain":0,"max_hp_loss":0,"event_name":"Big Fish","floor":14,"gold_loss":0,"cards_obtained":["Regret"]},{"damage_healed":0,"gold_gain":0,"player_choice":"Fight","damage_taken":0,"max_hp_gain":0,"max_hp_loss":0,"event_name":"Colosseum","floor":19,"gold_loss":0},{"damage_healed":0,"gold_gain":0,"player_choice":"Fled From Nobs","damage_taken":0,"max_hp_gain":0,"max_hp_loss":0,"event_name":"Colosseum","floor":19,"gold_loss":0},{"cards_removed":["Strike_R"],"damage_healed":0,"gold_gain":0,"player_choice":"Gave Gold","damage_taken":0,"max_hp_gain":0,"max_hp_loss":0,"event_name":"Beggar","floor":21,"gold_loss":75}],"is_beta":false,"boss_relics":[{"not_picked":["Pandora\u0027s Box","Calling Bell"],"picked":"Black Blood"}],"items_purged_floors":[2],"is_endless":false,"potions_floor_spawned":[3,6,13,16,19],"killed_by":"3 Cultists","ascension_level":0}