{"gold_per_floor":[111,111,111,36,36,67,9,23,47,63,63,86,125,22,22,111,174,138,138,163,178,7,7],"floor_reached":23,"playtime":926,"items_purged":["Strike_B"],"score":393,"play_id":"6b124389-ec17-49de-9f6f-103ac923e792","local_time":"20190201215942","is_ascension_mode":true,"campfire_choices":[{"floor":11,"key":"REST"},{"data":"Coolheaded","floor":15,"key":"SMITH"}],"neow_cost":"NONE","seed_source_timestamp":690817409127900,"circlet_count":0,"master_deck":["AscendersBane","Strike_B","Strike_B","Defend_B","Defend_B","Defend_B","Defend_B+1","Zap+1","Dualcast","Glacier","Gash","Gash","Self Repair","Echo Form","Coolheaded+1","All For One+1","Leap","Hologram+1","Scrape"],"relics":["Cracked Core","Potion Belt","Golden Idol","Anchor","Smiling Mask","Mango","Tiny House","War Paint"],"potions_floor_usage":[16,16,23],"damage_taken":[{"damage":0,"enemies":"Small Slimes","floor":1,"turns":3},{"damage":34,"enemies":"Lagavulin","floor":6,"turns":9},{"damage":0,"enemies":"2 Louse","floor":8,"turns":3},{"damage":0,"enemies":"Jaw Worm","floor":10,"turns":3},{"damage":6,"enemies":"Gremlin Gang","floor":12,"turns":5},{"damage":17,"enemies":"3 Sentries","floor":13,"turns":9},{"damage":21,"enemies":"Slime Boss","floor":16,"turns":10},{"damage":23,"enemies":"2 Thieves","floor":18,"turns":5},{"damage":12,"enemies":"Shell Parasite","floor":20,"turns":6},{"damage":9,"enemies":"Centurion and Healer","floor":21,"turns":5},{"damage":63,"enemies":"Gremlin Leader","floor":23,"turns":5}],"seed_played":"4385045152371145686","potions_obtained":[{"floor":6,"key":"Weak Potion"},{"floor":12,"key":"Strength Potion"},{"floor":17,"key":"GamblersBrew"},{"floor":21,"key":"SkillPotion"}],"is_trial":false,"path_per_floor":["M","?","?","?","?","E","$","M","T","M","R","M","E","$","R","B",null,"M","?","M","M","$","E"],"character_chosen":"DEFECT","items_purchased":["Gash","Coolheaded","War Paint"],"campfire_rested":1,"item_purchase_floors":[7,14,22],"current_hp_per_floor":[71,71,71,71,71,37,37,37,37,37,58,52,56,56,56,42,79,56,56,58,63,63,0],"gold":7,"neow_bonus":"TEN_PERCENT_HP_BONUS","is_prod":false,"is_daily":false,"chose_seed":false,"campfire_upgraded":1,"win_rate":0,"timestamp":1549087182,"path_taken":["M","?","?","?","?","E","?","M","T","M","R","M","E","$","R","BOSS","M","?","M","?","$","E"],"build_version":"2019-01-23","purchased_purges":1,"victory":false,"max_hp_per_floor":[78,78,71,71,71,71,71,71,71,71,71,71,85,85,85,85,90,90,90,90,90,90,90],"card_choices":[{"not_picked":["Redo","Reprogram"],"picked":"Glacier","floor":1},{"not_picked":["Aggregate","Lockon","Streamline"],"picked":"SKIP","floor":6},{"not_picked":["Rebound","Sweeping Beam","Turbo"],"picked":"SKIP","floor":8},{"not_picked":["Streamline","Self Repair"],"picked":"Gash","floor":10},{"not_picked":["Barrage","Sweeping Beam"],"picked":"Self Repair","floor":12},{"not_picked":["Hologram","Compile Driver"],"picked":"Echo Form","floor":13},{"not_picked":["Thunder Strike","Meteor Strike"],"picked":"All For One","floor":16},{"not_picked":["Steam Power","Conserve Battery"],"picked":"Leap","floor":17},{"not_picked":["FTL","Beam Cell"],"picked":"Hologram","floor":18},{"not_picked":["BootSequence","Skim","Coolheaded"],"picked":"SKIP","floor":20},{"not_picked":["Darkness","Beam Cell"],"picked":"Scrape","floor":21}],"player_experience":1217758,"relics_obtained":[{"floor":6,"key":"Anchor"},{"floor":9,"key":"Smiling Mask"},{"floor":13,"key":"Mango"}],"event_choices":[{"damage_healed":0,"gold_gain":0,"player_choice":"Box","damage_taken":0,"relics_obtained":["Potion Belt"],"max_hp_gain":0,"max_hp_loss":0,"event_name":"Big Fish","floor":2,"gold_loss":0,"cards_obtained":["Regret"]},{"damage_healed":0,"gold_gain":0,"player_choice":"Lose Max HP","damage_taken":0,"relics_obtained":["Golden Idol"],"max_hp_gain":0,"max_hp_loss":7,"event_name":"Golden Idol","floor":3,"gold_loss":0},{"cards_removed":["Regret"],"damage_healed":0,"gold_gain":0,"player_choice":"Card Removal","damage_taken":0,"max_hp_gain":0,"max_hp_loss":0,"event_name":"The Cleric","floor":4,"gold_loss":75},{"damage_healed":0,"gold_gain":0,"player_choice":"Grow","damage_taken":0,"max_hp_gain":0,"max_hp_loss":0,"event_name":"Living Wall","floor":5,"gold_loss":0,"cards_upgraded":["Zap"]},{"cards_removed":["Strike_B"],"damage_healed":0,"gold_gain":0,"player_choice":"Offered Basic","damage_taken":0,"max_hp_gain":0,"max_hp_loss":0,"event_name":"Bonfire Elementals","floor":19,"gold_loss":0}],"is_beta":false,"boss_relics":[{"not_picked":["Nuclear Battery","Cursed Key"],"picked":"Tiny House"}],"items_purged_floors":[14],"is_endless":false,"potions_floor_spawned":[6,12,21],"killed_by":"Gremlin Leader","ascension_level":17}