{"gold_per_floor":[117,136,211,2141,2141,2173,2173,2187,2212,2212,932,963,963,981,981,1085,1085,1102,50,50,50,50,50,50,3737,3737,3749,3764,3782,3819,2618,2618,2722,2722,2741,2775,1826,1836,1846,1879,1879,1879,1904,1932,1932,1363,1363,1389,1389,1389],"floor_reached":51,"playtime":2961,"items_purged":["Shame"],"score":1041,"play_id":"5b335b82-c0a8-40e9-b444-df3941ad5ffd","local_time":"20190209040510","is_ascension_mode":false,"campfire_choices":[{"floor":13,"key":"REST"},{"data":"Zap","floor":15,"key":"SMITH"},{"data":"Redo","floor":24,"key":"SMITH"},{"data":"Loop","floor":32,"key":"SMITH"},{"data":"Panache","floor":41,"key":"SMITH"},{"data":"Buffer","floor":45,"key":"SMITH"},{"data":"Loop","floor":47,"key":"SMITH"},{"data":"Chrysalis","floor":49,"key":"SMITH"}],"neow_cost":"NONE","seed_source_timestamp":13580155386400,"circlet_count":0,"master_deck":["Strike_B+1","Strike_B","Strike_B+1","Strike_B","Defend_B","Defend_B","Defend_B","Defend_B","Zap+1","Dualcast+1","Chaos+1","FTL","Go for the Eyes","Blind","Sweeping Beam+1","Panache+1","Double Energy+1","Aggregate","Capacitor","Redo+1","Chrysalis+1","Finesse","Self Repair","Force Field","Doom and Gloom","FTL","Cold Snap","Buffer+1","Double Energy+1","Storm+1","Genetic Algorithm+1","Streamline","Transmutation","Enlightenment","Loop+1","Leap","Stack","Compile Driver","Go for the Eyes","RitualDagger","Hologram","Barrage","Sweeping Beam","Jack Of All Trades","Transmutation","Aggregate+1","Storm","Clothesline+1","Deflect+1","Finisher","Pommel Strike","Ball Lightning","Panacea","The Bomb","Skim","Buffer","Stack","Scrape","Reaper","Twin Strike+1","Trip+1","Secret Weapon","Good Instincts","Loop+1","Leap","Thunder Strike","Cold Snap","Calculated Gamble+1","Parasite","Poisoned Stab+1","Ball Lightning+1","Infernal Blade+1","Sadistic Nature","Dark Shackles","Heatsinks","Skim","Lockon","Clothesline+1"],"relics":["Cracked Core","NeowsBlessing","Pen Nib","Centennial Puzzle","Boot","Mummified Hand","Juzu Bracelet","Ginger","Whetstone","TheAbacus","Gremlin Horn","Astrolabe","Blood Vial","Strawberry","PrismaticShard","Meat on the Bone","Shuriken","Lantern","Chemical X","Thread and Needle","War Paint","Cauldron","Pear","Nuclear Battery","PreservedInsect","Sundial","Membership Card","Ancient Tea Set","Regal Pillow","Darkstone Periapt","Bottled Tornado","Dodecahedron","ClockworkSouvenir","FossilizedHelix"],"potions_floor_usage":[12,16,16,18,33,39,50],"damage_taken":[{"damage":0,"enemies":"Small Slimes","floor":1,"turns":1},{"damage":0,"enemies":"2 Louse","floor":2,"turns":1},{"damage":0,"enemies":"Lagavulin","floor":6,"turns":1},{"damage":0,"enemies":"Cultist","floor":8,"turns":2},{"damage":20,"enemies":"Gremlin Nob","floor":12,"turns":4},{"damage":2,"enemies":"Looter","floor":14,"turns":2},{"damage":0,"enemies":"Slime Boss","floor":16,"turns":7},{"damage":6,"enemies":"3 Byrds","floor":18,"turns":4},{"damage":0,"enemies":"Spheric Guardian","floor":27,"turns":3},{"damage":8,"enemies":"Snake Plant","floor":28,"turns":5},{"damage":0,"enemies":"3 Cultists","floor":29,"turns":4},{"damage":0,"enemies":"Shelled Parasite and Fungi","floor":30,"turns":3},{"damage":0,"enemies":"Collector","floor":33,"turns":5},{"damage":0,"enemies":"3 Darklings","floor":35,"turns":5},{"damage":0,"enemies":"3 Shapes","floor":36,"turns":1},{"damage":25,"enemies":"Sphere and 2 Shapes","floor":38,"turns":4},{"damage":3,"enemies":"Writhing Mass","floor":39,"turns":6},{"damage":8,"enemies":"Nemesis","floor":40,"turns":5},{"damage":0,"enemies":"Giant Head","floor":44,"turns":5},{"damage":12,"enemies":"Reptomancer","floor":48,"turns":4},{"damage":63,"enemies":"Donu and Deca","floor":50,"turns":8}],"seed_played":"-6217562951590578671","potions_obtained":[{"floor":1,"key":"GamblersBrew"},{"floor":12,"key":"Block Potion"},{"floor":27,"key":"PowerPotion"},{"floor":36,"key":"Ancient Potion"},{"floor":39,"key":"Energy Potion"}],"is_trial":false,"path_per_floor":["M","M","?","$","?","E","?","M","T","?","$","E","R","M","R","B",null,"M","$","?","?","?","?","R","$","T","M","M","M","M","$","R","B",null,"M","M","$","M","M","E","R","?","T","E","R","$","R","E","R","B",null],"character_chosen":"DEFECT","items_purchased":["Go for the Eyes","Blind","Sweeping Beam","Panache","Double Energy","Aggregate","Capacitor","Pen Nib","Centennial Puzzle","Energy Potion","Dexterity Potion","Ginger","Whetstone","TheAbacus","Chrysalis","Finesse","Self Repair","Force Field","White Noise","Doom and Gloom","FTL","AttackPotion","Blood Vial","Strawberry","PrismaticShard","Transmutation","Enlightenment","Loop","Leap","Stack","Compile Driver","Go for the Eyes","Dexterity Potion","Hologram","Barrage","Sweeping Beam","Jack Of All Trades","Transmutation","Shuriken","Lantern","Chemical X","Block Potion","Block Potion","Aggregate","Storm","Ball Lightning","Panacea","The Bomb","Skim","Buffer","Stack","Scrape","War Paint","Cauldron","Pear","PreservedInsect","Sundial","Membership Card","Secret Weapon","Good Instincts","Loop","Leap","Fission","Thunder Strike","Cold Snap","Bottled Tornado","Dodecahedron","ClockworkSouvenir","Sadistic Nature","Dark Shackles","Heatsinks","Skim","Lockon"],"campfire_rested":1,"item_purchase_floors":[4,4,4,4,4,4,4,4,4,4,4,11,11,11,11,11,11,11,11,11,11,11,19,19,19,19,19,19,19,19,19,19,19,25,25,25,25,25,25,25,25,25,25,25,25,31,31,31,31,31,31,31,31,31,31,37,37,37,37,37,37,37,37,37,37,46,46,46,46,46,46,46,46],"current_hp_per_floor":[75,75,64,64,57,57,42,42,42,42,42,29,51,49,49,56,75,75,82,82,82,66,60,60,60,60,62,56,58,60,70,70,72,97,97,97,97,72,71,65,65,107,107,107,107,107,107,102,102,60],"gold":1389,"neow_bonus":"THREE_ENEMY_KILL","is_prod":false,"is_daily":false,"chose_seed":false,"campfire_upgraded":7,"win_rate":0.0,"timestamp":1549656310,"path_taken":["M","M","?","$","?","E","?","M","T","?","$","E","R","M","R","BOSS","M","$","?","?","?","?","R","$","T","M","M","M","M","?","R","BOSS","M","M","$","M","M","E","R","?","T","E","R","$","R","E","R","BOSS"],"build_version":"2019-01-23","purchased_purges":1,"victory":true,"max_hp_per_floor":[75,75,75,75,75,75,75,75,75,75,75,75,75,75,75,75,75,75,82,82,82,87,87,87,87,87,87,87,87,87,97,97,97,97,97,97,97,97,97,97,97,107,107,107,107,107,107,107,107,107],"card_choices":[{"not_picked":["Static Discharge","Rip and Tear"],"picked":"Chaos","floor":1},{"not_picked":["White Noise","Barrage"],"picked":"FTL","floor":2},{"not_picked":["Stack","Double Energy"],"picked":"White Noise","floor":6},{"not_picked":["Consume","Coolheaded"],"picked":"Redo","floor":8},{"not_picked":["Compile Driver","Sweeping Beam"],"picked":"Thunder Strike","floor":12},{"not_picked":["Streamline","Barrage"],"picked":"Cold Snap","floor":14},{"not_picked":["Creative AI","All For One"],"picked":"Buffer","floor":16},{"not_picked":["Gash","Consume"],"picked":"Streamline","floor":18},{"not_picked":["Slice","Deflect"],"picked":"Clothesline+1","floor":27},{"not_picked":["Gash","Hello World"],"picked":"Deflect+1","floor":28},{"not_picked":["Mayhem","Dagger Throw"],"picked":"Finisher","floor":29},{"not_picked":["Defragment","Clothesline"],"picked":"Pommel Strike","floor":30},{"not_picked":["Die Die Die","Impervious"],"picked":"Reaper","floor":33},{"not_picked":["Purity+1","Streamline"],"picked":"Twin Strike+1","floor":35},{"not_picked":["Flex+1","Gash"],"picked":"Trip+1","floor":36},{"not_picked":["Escape Plan","Armaments"],"picked":"Calculated Gamble+1","floor":38},{"not_picked":["Backflip","Tactician"],"picked":"Poisoned Stab+1","floor":39},{"not_picked":["Headbutt","After Image"],"picked":"Ball Lightning+1","floor":40},{"not_picked":["Redo","Deflect"],"picked":"Infernal Blade+1","floor":44},{"not_picked":["Blind","Quick Slash"],"picked":"Clothesline+1","floor":48}],"player_experience":10594,"relics_obtained":[{"floor":6,"key":"Mummified Hand"},{"floor":9,"key":"Juzu Bracelet"},{"floor":12,"key":"Gremlin Horn"},{"floor":26,"key":"Thread and Needle"},{"floor":40,"key":"Ancient Tea Set"},{"floor":43,"key":"Regal Pillow"},{"floor":44,"key":"Darkstone Periapt"},{"floor":48,"key":"FossilizedHelix"}],"event_choices":[{"damage_healed":0,"gold_gain":75,"player_choice":"Gather Gold","damage_taken":11,"max_hp_gain":0,"max_hp_loss":0,"event_name":"World of Goop","floor":3,"gold_loss":0},{"damage_healed":0,"gold_gain":0,"player_choice":"Success","damage_taken":7,"relics_obtained":["Boot"],"max_hp_gain":0,"max_hp_loss":0,"event_name":"Scrap Ooze","floor":5,"gold_loss":0},{"damage_healed":0,"gold_gain":0,"player_choice":"Entered Light","damage_taken":15,"max_hp_gain":0,"max_hp_loss":0,"event_name":"Shining Light","floor":7,"gold_loss":0,"cards_upgraded":["Dualcast","Strike_B"]},{"damage_healed":0,"gold_gain":0,"player_choice":"Ignored","damage_taken":0,"max_hp_gain":0,"max_hp_loss":0,"event_name":"Liars Game","floor":10,"gold_loss":0},{"damage_healed":0,"gold_gain":0,"player_choice":"Upgraded","damage_taken":0,"max_hp_gain":0,"max_hp_loss":0,"event_name":"Upgrade Shrine","floor":20,"gold_loss":0,"cards_upgraded":["Chaos"]},{"damage_healed":0,"gold_gain":0,"player_choice":"Stole Relic","damage_taken":0,"relics_obtained":["Meat on the Bone"],"max_hp_gain":0,"max_hp_loss":0,"event_name":"Addict","floor":21,"gold_loss":0,"cards_obtained":["Shame"]},{"damage_healed":0,"gold_gain":0,"player_choice":"Shed Blood","damage_taken":21,"max_hp_gain":5,"max_hp_loss":0,"event_name":"Forgotten Altar","floor":22,"gold_loss":0},{"damage_healed":0,"gold_gain":0,"player_choice":"Joined the Cult","damage_taken":6,"max_hp_gain":0,"max_hp_loss":0,"event_name":"Nest","floor":23,"gold_loss":0,"cards_obtained":["RitualDagger"]},{"cards_removed":["Fission"],"damage_healed":32,"gold_gain":0,"player_choice":"Offered Rare","damage_taken":0,"max_hp_gain":10,"max_hp_loss":0,"event_name":"Bonfire Elementals","floor":42,"gold_loss":0}],"is_beta":false,"boss_relics":[{"not_picked":["Coffee Dripper","Busted Crown"],"picked":"Astrolabe"},{"not_picked":["Inserter","FrozenCore"],"picked":"Nuclear Battery"}],"items_purged_floors":[25],"is_endless":false,"potions_floor_spawned":[1,12,27,28,30,36,39,48],"ascension_level":0}