{"gold_per_floor":[119,119,119,131,147,176,176,204,231,231,247,247,273,273,273,350,350,366,366,29,43,56,56,56,88,88,88],"floor_reached":27,"playtime":11553,"items_purged":[],"score":452,"play_id":"25e2eff1-312d-4879-92ff-c5de91800ef2","local_time":"20181223114532","is_ascension_mode":true,"campfire_choices":[{"data":"Zap","floor":7,"key":"SMITH"},{"floor":10,"key":"REST"},{"data":"Ball Lightning","floor":12,"key":"SMITH"},{"floor":15,"key":"REST"},{"data":"Creative AI","floor":23,"key":"SMITH"}],"neow_cost":"NONE","seed_source_timestamp":261396954210000,"circlet_count":0,"master_deck":["AscendersBane","Strike_B","Strike_B","Strike_B","Defend_B","Defend_B","Defend_B","Defend_B","Zap+1","Dualcast","Biased Cognition+1","Cold Snap","Coolheaded","Chill","Ball Lightning+1","Creative AI+1","Static Discharge","Self Repair","Double Energy+1"],"relics":["Cracked Core","Boot","Orichalcum","Bag of Preparation","Happy Flower","Nuclear Battery","Incense Burner","MutagenicStrength","Cables","Ornamental Fan"],"potions_floor_usage":[8,25,25],"damage_taken":[{"damage":0,"enemies":"Small Slimes","floor":1,"turns":2},{"damage":7,"enemies":"Jaw Worm","floor":4,"turns":3},{"damage":0,"enemies":"Cultist","floor":5,"turns":3},{"damage":35,"enemies":"3 Sentries","floor":6,"turns":10},{"damage":10,"enemies":"Gremlin Nob","floor":8,"turns":4},{"damage":0,"enemies":"Large Slime","floor":11,"turns":2},{"damage":5,"enemies":"Lagavulin","floor":13,"turns":5},{"damage":9,"enemies":"Gremlin Gang","floor":14,"turns":4},{"damage":37,"enemies":"Hexaghost","floor":16,"turns":11},{"damage":4,"enemies":"Chosen","floor":18,"turns":5},{"damage":16,"enemies":"2 Thieves","floor":21,"turns":4},{"damage":0,"enemies":"Shelled Parasite and Fungi","floor":22,"turns":4},{"damage":24,"enemies":"Slavers","floor":25,"turns":7},{"damage":29,"enemies":"Gremlin Leader","floor":27,"turns":6}],"seed_played":"-5053512812551809493","potions_obtained":[{"floor":1,"key":"Block Potion"},{"floor":5,"key":"Energy Potion"},{"floor":11,"key":"Swift Potion"}],"is_trial":false,"path_per_floor":["M","?","?","M","M","E","R","E","T","R","M","R","E","M","R","B",null,"M","?","$","M","M","R","?","E","T","E"],"character_chosen":"DEFECT","items_purchased":["Incense Burner"],"campfire_rested":2,"item_purchase_floors":[20],"current_hp_per_floor":[64,64,64,57,57,22,22,12,12,33,33,33,28,19,40,3,54,50,50,50,34,41,41,41,24,24,0],"gold":88,"neow_bonus":"ONE_RANDOM_RARE_CARD","is_prod":false,"is_daily":false,"chose_seed":false,"campfire_upgraded":3,"win_rate":0,"timestamp":1545594332,"path_taken":["M","?","?","?","M","E","R","E","T","R","M","R","E","M","R","BOSS","M","?","$","M","?","R","?","E","T","E"],"build_version":"2018-12-20","purchased_purges":0,"victory":false,"max_hp_per_floor":[71,71,71,71,71,71,71,71,71,71,71,71,71,71,71,71,71,71,71,71,71,71,71,71,71,71,71],"card_choices":[{"not_picked":["Compile Driver","Scrape"],"picked":"Cold Snap","floor":1},{"not_picked":["Redo","Force Field","Fusion"],"picked":"SKIP","floor":4},{"not_picked":["Consume","Turbo"],"picked":"Coolheaded","floor":5},{"not_picked":["Turbo","Coolheaded"],"picked":"Chill","floor":6},{"not_picked":["Go for the Eyes","Scrape"],"picked":"Ball Lightning","floor":8},{"not_picked":["Cold Snap","Steam","Barrage"],"picked":"SKIP","floor":11},{"not_picked":["Stack","Beam Cell","Genetic Algorithm"],"picked":"SKIP","floor":13},{"not_picked":["Rebound","Sweeping Beam","Reinforced Body"],"picked":"SKIP","floor":14},{"not_picked":["Rainbow","Machine Learning"],"picked":"Creative AI","floor":16},{"not_picked":["Gash","Stack+1"],"picked":"Static Discharge","floor":18},{"not_picked":["Steam","Hologram"],"picked":"Self Repair","floor":21},{"not_picked":["Rebound","Force Field","Barrage"],"picked":"SKIP","floor":22},{"not_picked":["Creative AI","Redo"],"picked":"Double Energy+1","floor":25}],"player_experience":1030741,"relics_obtained":[{"floor":6,"key":"Boot"},{"floor":8,"key":"Orichalcum"},{"floor":9,"key":"Bag of Preparation"},{"floor":13,"key":"Happy Flower"},{"floor":25,"key":"Cables"},{"floor":26,"key":"Ornamental Fan"}],"event_choices":[{"damage_healed":0,"gold_gain":0,"player_choice":"Grow","damage_taken":0,"max_hp_gain":0,"max_hp_loss":0,"event_name":"Living Wall","floor":2,"gold_loss":0,"cards_upgraded":["Biased Cognition"]},{"cards_removed":["Strike_B"],"damage_healed":0,"gold_gain":0,"player_choice":"Card Removal","damage_taken":0,"max_hp_gain":0,"max_hp_loss":0,"event_name":"Wheel of Change","floor":3,"gold_loss":0},{"damage_healed":0,"gold_gain":0,"player_choice":"Ignored","damage_taken":0,"max_hp_gain":0,"max_hp_loss":0,"event_name":"N\u0027loth","floor":19,"gold_loss":0},{"damage_healed":0,"gold_gain":0,"player_choice":"Inject Mutagens","damage_taken":0,"relics_obtained":["MutagenicStrength"],"max_hp_gain":0,"max_hp_loss":0,"event_name":"Drug Dealer","floor":24,"gold_loss":0}],"is_beta":false,"boss_relics":[{"not_picked":["Calling Bell","Black Star"],"picked":"Nuclear Battery"}],"items_purged_floors":[],"is_endless":false,"potions_floor_spawned":[1,5,11,18,21,22],"killed_by":"Gremlin Leader","ascension_level":16}