{"gold_per_floor":[111,6,80,95,109,142,142,160,213,226,240,240],"floor_reached":12,"playtime":400,"items_purged":[],"score":82,"play_id":"108d55e5-f69d-4e0c-8b4d-272eb99436a8","local_time":"20190123185459","is_ascension_mode":false,"campfire_choices":[],"neow_cost":"NONE","seed_source_timestamp":2589428194401565,"circlet_count":0,"master_deck":["Strike_B","Strike_B","Strike_B","Strike_B","Defend_B","Defend_B","Defend_B","Zap","Dualcast","Defragment","Melter","Coolheaded","Echo Form","Conserve Battery"],"special_seed":0,"relics":["Cracked Core","Gremlin Horn","Juzu Bracelet","DataDisk"],"potions_floor_usage":[8],"damage_taken":[{"damage":0.0,"enemies":"Cultist","floor":1.0,"turns":3.0},{"damage":5.0,"enemies":"Small Slimes","floor":4.0,"turns":3.0},{"damage":1.0,"enemies":"Jaw Worm","floor":5.0,"turns":4.0},{"damage":4.0,"enemies":"Lagavulin","floor":6.0,"turns":7.0},{"damage":19,"enemies":"Exordium Thugs","floor":8,"turns":7},{"damage":10,"enemies":"3 Louse","floor":10,"turns":5},{"damage":8,"enemies":"Large Slime","floor":11,"turns":6},{"damage":24,"enemies":"Gremlin Nob","floor":12,"turns":5}],"seed_played":"3393941826082939008","potions_obtained":[{"floor":1.0,"key":"GamblersBrew"},{"floor":5.0,"key":"Energy Potion"},{"floor":6.0,"key":"Swift Potion"}],"is_trial":false,"path_per_floor":["?","?"],"character_chosen":"DEFECT","items_purchased":["Defragment","Melter"],"campfire_rested":0,"item_purchase_floors":[2,2],"current_hp_per_floor":[75,75,75,70,69,65,65,46,46,36,28,4],"gold":240,"neow_bonus":"REMOVE_CARD","is_prod":false,"is_daily":false,"chose_seed":false,"campfire_upgraded":0,"win_rate":0,"timestamp":1548269699,"path_taken":["M","$","?","M","M","E","?","M","T","M","M","E"],"build_version":"2019-01-23","purchased_purges":0,"victory":false,"max_hp_per_floor":[75,75,75,75,75,75,75,75,75,75,75,75],"card_choices":[{"not_picked":["Force Field","Sweeping Beam","Reinforced Body"],"picked":"SKIP","floor":1.0},{"not_picked":["Hologram","Barrage"],"picked":"Coolheaded","floor":4.0},{"not_picked":["Chaos","Lockon"],"picked":"Echo Form","floor":5.0},{"not_picked":["Compile Driver","Redo","Cold Snap"],"picked":"SKIP","floor":6.0},{"not_picked":["Go for the Eyes","Turbo"],"picked":"Conserve Battery","floor":8},{"not_picked":["White Noise","Hologram","Cold Snap"],"picked":"SKIP","floor":10},{"not_picked":["White Noise","Barrage","Stack"],"picked":"SKIP","floor":11}],"player_experience":988541,"relics_obtained":[{"floor":6.0,"key":"Gremlin Horn"},{"floor":9,"key":"DataDisk"}],"event_choices":[{"damage_healed":0.0,"max_hp_gain":0.0,"max_hp_loss":0.0,"gold_gain":74.0,"event_name":"Golden Wing","player_choice":"Gained Gold","floor":3.0,"gold_loss":0.0,"damage_taken":0.0},{"damage_healed":0.0,"max_hp_gain":0.0,"max_hp_loss":0.0,"gold_gain":0.0,"event_name":"WeMeetAgain","player_choice":"Gave Potion","floor":7.0,"gold_loss":0.0,"damage_taken":0.0,"relics_obtained":["Juzu Bracelet"]}],"is_beta":false,"boss_relics":[],"items_purged_floors":[],"is_endless":false,"potions_floor_spawned":[1,5,6],"killed_by":"Gremlin Nob","ascension_level":0}