{"gold_per_floor":[111,111,111,111,36,36,70,70,95,107,153,165,77,77,77,198,198,211,211,86,102,123,162,162,87,87,87,110,129,129,254,254,254],"floor_reached":33,"playtime":1013,"items_purged":["Strike_R","Strike_R","Strike_R"],"score":280,"play_id":"b881d44e-d6a7-4087-90a8-5562fedd5622","local_time":"20190207161231","is_ascension_mode":true,"campfire_choices":[{"data":"True Grit","floor":6,"key":"SMITH"},{"data":"Bash","floor":8,"key":"SMITH"},{"data":"Warcry","floor":10,"key":"SMITH"},{"floor":12,"key":"REST"},{"floor":15,"key":"REST"},{"floor":24,"key":"REST"},{"floor":30,"key":"REST"},{"data":"Limit Break","floor":32,"key":"SMITH"}],"neow_cost":"NONE","seed_source_timestamp":944248321188802,"circlet_count":0,"master_deck":["Strike_R+1","Strike_R+1","Defend_R+1","Defend_R+1","Bash+1","True Grit+1","Warcry+1","Bludgeon+1","Limit Break+1","Clash+1","Inflame+1","Shrug It Off","Thunderclap+1","Disarm"],"relics":["Burning Blood","Dream Catcher","Golden Idol","Molten Egg 2","MawBank","Whetstone","Philosopher\u0027s Stone","Nilry\u0027s Codex","Strawberry","Magic Flower","Girya","Bottled Flame"],"potions_floor_usage":[23,31],"damage_taken":[{"damage":2,"enemies":"2 Louse","floor":1,"turns":3},{"damage":18,"enemies":"Gremlin Nob","floor":7,"turns":5},{"damage":38,"enemies":"Lagavulin","floor":11,"turns":7},{"damage":35,"enemies":"Hexaghost","floor":16,"turns":7},{"damage":3,"enemies":"Chosen","floor":18,"turns":3},{"damage":21,"enemies":"3 Byrds","floor":21,"turns":6},{"damage":8,"enemies":"Centurion and Healer","floor":22,"turns":3},{"damage":27,"enemies":"Gremlin Leader","floor":23,"turns":3},{"damage":6,"enemies":"Cultist and Chosen","floor":28,"turns":4},{"damage":15,"enemies":"Snake Plant","floor":29,"turns":2},{"damage":14,"enemies":"Colosseum Slavers","floor":31,"turns":3},{"damage":32,"enemies":"Colosseum Nobs","floor":31,"turns":4},{"damage":74,"enemies":"Collector","floor":33,"turns":7}],"seed_played":"-6944964269074563199","potions_obtained":[{"floor":11,"key":"FearPotion"},{"floor":18,"key":"Ancient Potion"},{"floor":28,"key":"Dexterity Potion"},{"floor":29,"key":"BloodPotion"},{"floor":31,"key":"FearPotion"}],"is_trial":false,"path_per_floor":["M","?","?","?","$","R","E","R","T","R","E","R","$","?","R","B",null,"M","?","$","M","M","E","R","?","T","?","M","M","R","?","R","B"],"character_chosen":"IRONCLAD","items_purchased":[],"campfire_rested":4,"item_purchase_floors":[],"current_hp_per_floor":[80,80,60,60,60,60,48,48,48,48,16,40,40,24,48,19,80,80,64,64,49,47,33,59,59,59,59,62,56,82,66,66,0],"gold":254,"neow_bonus":"RANDOM_COMMON_RELIC","is_prod":false,"is_daily":false,"chose_seed":false,"campfire_upgraded":4,"win_rate":0,"timestamp":1549552351,"path_taken":["M","?","?","?","$","R","E","R","T","R","E","R","$","?","R","BOSS","M","?","$","M","M","E","R","?","T","?","?","M","R","?","R","BOSS"],"build_version":"2019-01-23","purchased_purges":3,"victory":false,"max_hp_per_floor":[80,80,80,80,80,80,80,80,80,80,80,80,80,80,80,80,80,80,80,80,80,80,87,87,87,87,87,87,87,87,87,87,87],"card_choices":[{"not_picked":["Pummel","Twin Strike"],"picked":"True Grit","floor":1},{"not_picked":["Carnage","Wild Strike"],"picked":"Warcry","floor":7},{"not_picked":["Flex","Bloodletting"],"picked":"Bludgeon+1","floor":11},{"not_picked":["Berserk","Impervious"],"picked":"Limit Break","floor":16},{"not_picked":["Spot Weakness","Havoc"],"picked":"Clash+1","floor":18},{"not_picked":["Body Slam+1","Wild Strike+1","Warcry"],"picked":"SKIP","floor":21},{"not_picked":["Impervious","Twin Strike+1","Anger+1"],"picked":"SKIP","floor":22},{"not_picked":["Blood for Blood+1","Fire Breathing+1","Wild Strike+1"],"picked":"SKIP","floor":23},{"not_picked":["Wild Strike+1","Cleave+1"],"picked":"Inflame+1","floor":24},{"not_picked":["Body Slam+1","Offering"],"picked":"Shrug It Off","floor":28},{"not_picked":["Headbutt+1","Bloodletting","True Grit"],"picked":"SKIP","floor":29},{"not_picked":["Shrug It Off","Havoc"],"picked":"Thunderclap+1","floor":30},{"not_picked":["Twin Strike+1","Inflame"],"picked":"Disarm","floor":31}],"player_experience":37653,"relics_obtained":[{"floor":7,"key":"Molten Egg 2"},{"floor":9,"key":"MawBank"},{"floor":11,"key":"Whetstone"},{"floor":19,"key":"Nilry\u0027s Codex"},{"floor":23,"key":"Strawberry"},{"floor":26,"key":"Magic Flower"},{"floor":31,"key":"Girya"},{"floor":31,"key":"Bottled Flame"}],"event_choices":[{"cards_removed":["Defend_R"],"damage_healed":0,"gold_gain":0,"player_choice":"Forget","damage_taken":0,"max_hp_gain":0,"max_hp_loss":0,"event_name":"Living Wall","floor":2,"gold_loss":0},{"damage_healed":0,"gold_gain":0,"player_choice":"Take Damage","damage_taken":20,"relics_obtained":["Golden Idol"],"max_hp_gain":0,"max_hp_loss":0,"event_name":"Golden Idol","floor":3,"gold_loss":0},{"damage_healed":0,"gold_gain":0,"player_choice":"Ignored","damage_taken":0,"max_hp_gain":0,"max_hp_loss":0,"event_name":"Liars Game","floor":4,"gold_loss":0},{"damage_healed":0,"gold_gain":0,"player_choice":"Entered Light","damage_taken":16,"max_hp_gain":0,"max_hp_loss":0,"event_name":"Shining Light","floor":14,"gold_loss":0,"cards_upgraded":["Defend_R","Defend_R"]},{"damage_healed":0,"gold_gain":0,"player_choice":"Obtained Book","damage_taken":16,"max_hp_gain":0,"max_hp_loss":0,"event_name":"Cursed Tome","floor":19,"gold_loss":0},{"cards_removed":["Defend_R"],"damage_healed":0,"gold_gain":0,"player_choice":"Gave Gold","damage_taken":0,"max_hp_gain":0,"max_hp_loss":0,"event_name":"Beggar","floor":25,"gold_loss":75},{"damage_healed":0,"gold_gain":0,"player_choice":"0 cards matched","damage_taken":0,"max_hp_gain":0,"max_hp_loss":0,"event_name":"Match and Keep!","floor":27,"gold_loss":0,"cards_obtained":[]},{"damage_healed":0,"gold_gain":0,"player_choice":"Fight","damage_taken":0,"max_hp_gain":0,"max_hp_loss":0,"event_name":"Colosseum","floor":31,"gold_loss":0},{"damage_healed":0,"gold_gain":0,"player_choice":"Fought Nobs","damage_taken":0,"max_hp_gain":0,"max_hp_loss":0,"event_name":"Colosseum","floor":31,"gold_loss":0}],"is_beta":false,"boss_relics":[{"not_picked":["Runic Dome","Snecko Eye"],"picked":"Philosopher\u0027s Stone"}],"items_purged_floors":[5,13,20],"is_endless":false,"potions_floor_spawned":[11,18,28,29,31],"killed_by":"Collector","ascension_level":1}