{"gold_per_floor":[209,209,284,284,295,321,321,347,431,442,490,524,539,574,574,677,677,696,715,352,183,183,209,209,237,287,21,34,34,46,46,46,142,142,157,57,57,57,7,40,59,59,82,82,114,114,114,146,146,146],"floor_reached":51,"playtime":2419,"items_purged":["Clumsy","Strike_R"],"score":1181,"play_id":"965fe6f4-0db1-4bc7-bac9-9971e5d3a1c1","local_time":"20190104172718","is_ascension_mode":true,"campfire_choices":[{"floor":7.0,"key":"REST"},{"floor":15.0,"key":"REST"},{"data":"Corruption","floor":24.0,"key":"SMITH"},{"floor":32.0,"key":"REST"},{"floor":42.0,"key":"REST"},{"data":"Exhume","floor":44.0,"key":"SMITH"},{"data":"Battle Trance","floor":46.0,"key":"SMITH"},{"data":"Armaments","floor":49.0,"key":"SMITH"}],"neow_cost":"NONE","seed_source_timestamp":1579451437277437,"circlet_count":0,"master_deck":["Defend_R","Defend_R","Defend_R","Defend_R","Bash","Spot Weakness","Sword Boomerang","Battle Trance+1","Armaments+1","Shrug It Off","Heavy Blade","Shockwave","Iron Wave","Exhume","Flex","Metallicize","Corruption+1","Feel No Pain","Cleave+1","Headbutt+1","Body Slam+1","Exhume+1","Juggernaut+1","Intimidate+1","Juggernaut+1","Warcry+1","Flash of Steel","Iron Wave+1","Entrench","Armaments+1","Clumsy"],"special_seed":0,"relics":["Burning Blood","Potion Belt","Bottled Lightning","Tiny Chest","Happy Flower","Dream Catcher","Gremlin Horn","Cursed Key","PreservedInsect","Bag of Preparation","Red Skull","Sundial","Lantern","Brimstone","Astrolabe","Boot","Strawberry","Singing Bowl","FossilizedHelix"],"potions_floor_usage":[50,50,50,50,50,50,50,50,50,50,50,50],"damage_taken":[{"damage":14.0,"enemies":"Jaw Worm","floor":1.0,"turns":5.0},{"damage":4.0,"enemies":"2 Louse","floor":5.0,"turns":4.0},{"damage":32.0,"enemies":"Gremlin Nob","floor":6.0,"turns":5.0},{"damage":30.0,"enemies":"Lagavulin","floor":8.0,"turns":6.0},{"damage":1.0,"enemies":"Cultist","floor":10.0,"turns":3.0},{"damage":25.0,"enemies":"3 Sentries","floor":12.0,"turns":7.0},{"damage":0.0,"enemies":"Large Slime","floor":13.0,"turns":7.0},{"damage":8.0,"enemies":"Gremlin Nob","floor":14.0,"turns":3.0},{"damage":16.0,"enemies":"The Guardian","floor":16.0,"turns":10.0},{"damage":0.0,"enemies":"3 Byrds","floor":18.0,"turns":5.0},{"damage":3.0,"enemies":"Chosen","floor":19.0,"turns":4.0},{"damage":22.0,"enemies":"Slavers","floor":23.0,"turns":4.0},{"damage":9.0,"enemies":"Book of Stabbing","floor":25.0,"turns":5.0},{"damage":13.0,"enemies":"Snake Plant","floor":28.0,"turns":3.0},{"damage":16.0,"enemies":"Shelled Parasite and Fungi","floor":30.0,"turns":4.0},{"damage":34.0,"enemies":"Automaton","floor":33.0,"turns":7.0},{"damage":0.0,"enemies":"3 Darklings","floor":35.0,"turns":2.0},{"damage":30.0,"enemies":"Nemesis","floor":40.0,"turns":3.0},{"damage":0.0,"enemies":"3 Shapes","floor":41.0,"turns":3.0},{"damage":0.0,"enemies":"Giant Head","floor":45.0,"turns":4.0},{"damage":0.0,"enemies":"Nemesis","floor":48.0,"turns":3.0},{"damage":0,"enemies":"Awakened One","floor":50,"turns":3}],"seed_played":"-5639063390984676660","potions_obtained":[{"floor":5.0,"key":"Swift Potion"},{"floor":10.0,"key":"Poison Potion"},{"floor":13.0,"key":"Fire Potion"},{"floor":18.0,"key":"SpeedPotion"},{"floor":19.0,"key":"SteroidPotion"},{"floor":30.0,"key":"EssenceOfSteel"},{"floor":40.0,"key":"PowerPotion"},{"floor":41.0,"key":"EntropicBrew"},{"floor":48.0,"key":"Dexterity Potion"}],"is_trial":false,"path_per_floor":["M","?","?","$","M","E","R","E","T","M","T","E","M","E","R","B",null,"M","M","$","$","?","E","R","E","T","$","M","?","M","?","R","B",null,"M","$","?","?","$","E","M","R","T","R","E","R","$","E","R","B",null],"character_chosen":"IRONCLAD","items_purchased":["PreservedInsect","Corruption","Bag of Preparation","Feel No Pain","EntropicBrew","Brimstone","Swift Potion"],"campfire_rested":4,"item_purchase_floors":[20,20,20,21,21,27,39],"current_hp_per_floor":[64,64,53,53,55,29,53,29,29,34,34,15,21,19,43,33,68,74,77,77,77,77,61,61,58,58,58,51,51,41,41,65,37,69,75,75,75,75,75,51,57,80,87,87,89,89,89,91,91,91],"gold":146,"neow_bonus":"HUNDRED_GOLD","is_prod":false,"is_daily":false,"chose_seed":false,"campfire_upgraded":4,"win_rate":0,"timestamp":1546651638,"path_taken":["M","?","?","$","M","E","R","E","T","M","?","E","M","E","R","BOSS","M","M","?","$","?","E","R","E","T","$","M","?","M","?","R","BOSS","M","$","?","?","$","E","M","R","T","R","E","R","?","E","R","BOSS"],"build_version":"2019-01-03v4","purchased_purges":2,"victory":true,"max_hp_per_floor":[80,80,80,80,80,80,80,80,80,80,80,80,80,80,80,80,80,80,80,80,80,80,80,80,80,80,80,80,80,80,80,80,80,80,80,80,80,80,80,80,80,80,87,87,89,89,89,91,91,91],"card_choices":[{"not_picked":["Havoc","Anger"],"picked":"Iron Wave","floor":1.0},{"not_picked":["Second Wind","Rampage"],"picked":"Sword Boomerang","floor":5.0},{"not_picked":["Power Through","Sentinel","Reckless Charge"],"picked":"SKIP","floor":6.0},{"not_picked":["Havoc","Heavy Blade"],"picked":"Battle Trance","floor":8.0},{"not_picked":["Havoc","Rampage"],"picked":"Armaments","floor":10.0},{"not_picked":["Fiend Fire","Double Tap"],"picked":"Shrug It Off","floor":12.0},{"not_picked":["Iron Wave","Rage"],"picked":"Heavy Blade","floor":13.0},{"not_picked":["Pommel Strike","Flex"],"picked":"Shockwave","floor":14.0},{"not_picked":["Battle Trance","Burning Pact"],"picked":"Iron Wave","floor":15.0},{"not_picked":["Bludgeon","Brutality"],"picked":"Exhume","floor":16.0},{"not_picked":["Bloodletting","Twin Strike"],"picked":"Flex","floor":18.0},{"not_picked":["Burning Pact","Heavy Blade"],"picked":"Metallicize","floor":19.0},{"not_picked":["Hemokinesis","Juggernaut","Blood for Blood"],"picked":"SKIP","floor":23.0},{"not_picked":["Burning Pact+1","Metallicize"],"picked":"Cleave+1","floor":25.0},{"not_picked":["Anger","Flex"],"picked":"Headbutt+1","floor":28.0},{"not_picked":["Dropkick","Flex"],"picked":"Body Slam+1","floor":30.0},{"not_picked":["Double Tap","Fiend Fire"],"picked":"Exhume","floor":33.0},{"not_picked":["Heavy Blade","True Grit"],"picked":"Warcry+1","floor":35.0},{"not_picked":["Impatience","PanicButton"],"picked":"Flash of Steel","floor":37.0},{"not_picked":["Heavy Blade","Body Slam"],"picked":"Iron Wave+1","floor":40.0},{"not_picked":["Pummel+1","Perfected Strike+1"],"picked":"Entrench","floor":41.0},{"not_picked":["Infernal Blade","Twin Strike+1"],"picked":"Armaments+1","floor":42.0},{"not_picked":["Cleave+1","Rupture","Anger"],"picked":"Singing Bowl","floor":45.0},{"not_picked":["Inflame+1","Feed","Havoc+1"],"picked":"Singing Bowl","floor":48.0}],"player_experience":344520,"relics_obtained":[{"floor":6.0,"key":"Potion Belt"},{"floor":8.0,"key":"Bottled Lightning"},{"floor":9.0,"key":"Tiny Chest"},{"floor":11.0,"key":"Happy Flower"},{"floor":12.0,"key":"Dream Catcher"},{"floor":14.0,"key":"Gremlin Horn"},{"floor":23.0,"key":"Red Skull"},{"floor":25.0,"key":"Sundial"},{"floor":26.0,"key":"Lantern"},{"floor":40.0,"key":"Boot"},{"floor":43.0,"key":"Strawberry"},{"floor":45.0,"key":"Singing Bowl"},{"floor":48.0,"key":"FossilizedHelix"}],"event_choices":[{"damage_healed":0.0,"max_hp_gain":0.0,"max_hp_loss":0.0,"gold_gain":0.0,"cards_transformed":["Strike_R"],"event_name":"Living Wall","player_choice":"Change","floor":2.0,"gold_loss":0.0,"damage_taken":0.0,"cards_obtained":["Spot Weakness"]},{"damage_healed":0.0,"max_hp_gain":0.0,"max_hp_loss":0.0,"gold_gain":75.0,"event_name":"World of Goop","player_choice":"Gather Gold","floor":3.0,"gold_loss":0.0,"damage_taken":11.0},{"damage_healed":0.0,"max_hp_gain":0.0,"max_hp_loss":0.0,"gold_gain":0.0,"event_name":"The Mausoleum","player_choice":"Ignored","floor":22.0,"gold_loss":0.0,"damage_taken":0.0},{"damage_healed":0.0,"max_hp_gain":0.0,"max_hp_loss":0.0,"gold_gain":0.0,"event_name":"Vampires","player_choice":"Ignored","floor":31.0,"gold_loss":0.0,"damage_taken":0.0},{"damage_healed":0.0,"max_hp_gain":0.0,"max_hp_loss":0.0,"gold_gain":0.0,"event_name":"SensoryStone","player_choice":"Memory 1","floor":37.0,"gold_loss":0.0,"damage_taken":0.0},{"cards_removed":["Iron Wave"],"damage_healed":0.0,"max_hp_gain":0.0,"max_hp_loss":0.0,"gold_gain":0.0,"event_name":"Falling","player_choice":"Removed Attack","floor":38.0,"gold_loss":0.0,"damage_taken":0.0}],"is_beta":false,"boss_relics":[{"not_picked":["Empty Cage","Coffee Dripper"],"picked":"Cursed Key"},{"not_picked":["Mark of Pain","Orrery"],"picked":"Astrolabe"}],"items_purged_floors":[27,36],"is_endless":false,"potions_floor_spawned":[5,10,13,18,19,30,40,41,48],"ascension_level":6}