{"gold_per_floor":[118,15,35,47,66,99,99,132,132,146,146,159,175,175,175,274,274,291,22,0,10,28,28,28],"floor_reached":24,"playtime":1389,"items_purged":[],"score":242,"play_id":"d0e03623-f121-4298-8fb0-5e866c00f147","local_time":"20180708200339","is_ascension_mode":true,"campfire_choices":[{"floor":7,"key":"REST"},{"floor":11,"key":"REST"},{"data":"Self Repair","floor":15,"key":"SMITH"},{"floor":23,"key":"REST"}],"neow_cost":"NONE","seed_source_timestamp":35790140650008,"circlet_count":0,"master_deck":["Strike_B","Strike_B+1","Strike_B","Defend_B","Defend_B","Defend_B","Defend_B","Zap","Dualcast","Amplify","Rebound+1","Turbo","Melter","Redo","Turbo","Rebound","Self Repair+1","Sunder","Thunder Strike","Doom and Gloom","Loop","Go for the Eyes"],"relics":["Cracked Core","Mummified Hand","Anchor","DataDisk","Busted Crown","Whetstone"],"potions_floor_usage":[5,6,6,6,6,8,13,16,24],"damage_taken":[{"damage":2,"enemies":"Jaw Worm","floor":1,"turns":5},{"damage":1,"enemies":"Cultist","floor":3,"turns":3},{"damage":0,"enemies":"Small Slimes","floor":4,"turns":3},{"damage":11,"enemies":"Looter","floor":5,"turns":2},{"damage":12,"enemies":"Gremlin Nob","floor":6,"turns":3},{"damage":14,"enemies":"3 Sentries","floor":8,"turns":6},{"damage":2,"enemies":"3 Louse","floor":10,"turns":3},{"damage":0,"enemies":"2 Fungi Beasts","floor":12,"turns":2},{"damage":0,"enemies":"Lots of Slimes","floor":13,"turns":3},{"damage":67,"enemies":"Hexaghost","floor":16,"turns":8},{"damage":0,"enemies":"Chosen","floor":18,"turns":3},{"damage":13,"enemies":"2 Thieves","floor":21,"turns":3},{"damage":14,"enemies":"Cultist and Chosen","floor":22,"turns":4},{"damage":87,"enemies":"Gremlin Leader","floor":24,"turns":5}],"seed_played":"-2155964911301805413","potions_obtained":[{"floor":1,"key":"LiquidBronze"},{"floor":3,"key":"EntropicBrew"},{"floor":10,"key":"PowerPotion"},{"floor":12,"key":"Swift Potion"},{"floor":21,"key":"LiquidBronze"}],"is_trial":false,"path_per_floor":["M","$","M","M","M","E","R","E","T","M","R","M","M","?","R","B",null,"M","$","?","M","M","R"],"character_chosen":"DEFECT","items_purchased":["Turbo","Explosive Potion","Whetstone","Doom and Gloom","Loop"],"campfire_rested":3,"item_purchase_floors":[2,2,19,19,19],"current_hp_per_floor":[73,73,72,72,61,56,75,61,61,59,75,75,75,75,75,18,75,75,75,75,62,58,75,0],"gold":28,"neow_bonus":"ONE_RANDOM_RARE_CARD","is_prod":false,"is_daily":false,"chose_seed":false,"campfire_upgraded":1,"win_rate":0,"timestamp":1531094619,"path_taken":["M","$","M","M","M","E","R","E","T","M","R","M","M","?","R","BOSS","M","$","?","M","M","R","E"],"build_version":"2018-07-05","purchased_purges":0,"victory":false,"max_hp_per_floor":[75,75,75,75,75,75,75,75,75,75,75,75,75,75,75,75,75,75,75,75,75,75,75,75],"card_choices":[{"not_picked":["Rip and Tear","Undo"],"picked":"Rebound","floor":1},{"not_picked":["Skim","Beam Cell"],"picked":"Melter","floor":3},{"not_picked":["Heatsinks","Coolheaded"],"picked":"Redo","floor":4},{"not_picked":["Beam Cell","Core Surge","Coolheaded"],"picked":"SKIP","floor":5},{"not_picked":["Coolheaded","Melter","Beam Cell"],"picked":"SKIP","floor":6},{"not_picked":["Coolheaded","Melter"],"picked":"Turbo","floor":8},{"not_picked":["Coolheaded","Reboot"],"picked":"Rebound","floor":10},{"not_picked":["Skim","Blizzard","Recycle"],"picked":"SKIP","floor":12},{"not_picked":["Darkness","Compile Driver"],"picked":"Self Repair","floor":13},{"not_picked":["Core Surge","Multi-Cast"],"picked":"Thunder Strike","floor":16},{"not_picked":["FTL"],"picked":"SKIP","floor":18},{"not_picked":[],"picked":"Go for the Eyes","floor":21},{"not_picked":["Steam"],"picked":"SKIP","floor":22}],"player_experience":318039,"relics_obtained":[{"floor":6,"key":"Mummified Hand"},{"floor":8,"key":"Anchor"},{"floor":9,"key":"DataDisk"}],"event_choices":[{"event_name":"Transmorgrifier","player_choice":"Transform","floor":14,"damage_taken":0},{"event_name":"Masked Bandits","player_choice":"Paid Bandits 22 gold","floor":20,"damage_taken":0}],"boss_relics":[{"not_picked":["Runic Pyramid","Philosopher\u0027s Stone"],"picked":"Busted Crown"}],"items_purged_floors":[],"is_endless":false,"potions_floor_spawned":[1,3,10,12,21],"killed_by":"Gremlin Leader","ascension_level":3}