{"gold_per_floor":[116,116,116,116,134,167,187,187,240,240,196,206,232,248,248,248],"floor_reached":16,"playtime":642,"items_purged":[],"score":274,"play_id":"7468ee01-f63b-41ac-8fdf-09fa987ed931","local_time":"20190106213457","is_ascension_mode":true,"campfire_choices":[{"data":"Neutralize","floor":8,"key":"SMITH"},{"data":"Footwork","floor":10,"key":"SMITH"},{"floor":15,"key":"REST"}],"neow_cost":"NONE","seed_source_timestamp":1768963006325465,"circlet_count":0,"master_deck":["AscendersBane","Defend_G","Defend_G","Defend_G","Defend_G","Defend_G","Strike_G","Strike_G","Strike_G","Strike_G","Survivor","Neutralize+1","Cloak And Dagger","Grand Finale","Regret","Neutralize","Slice","Footwork+1","Backstab","Dagger Throw","Leg Sweep","Endless Agony","Footwork"],"relics":["Ring of the Snake","NeowsBlessing","Smiling Mask","Dream Catcher","Art of War"],"potions_floor_usage":[13,16],"damage_taken":[{"damage":0,"enemies":"Jaw Worm","floor":1,"turns":1},{"damage":0,"enemies":"Small Slimes","floor":5,"turns":1},{"damage":0,"enemies":"Lagavulin","floor":6,"turns":1},{"damage":2,"enemies":"Cultist","floor":7,"turns":4},{"damage":21,"enemies":"Exordium Thugs","floor":11,"turns":5},{"damage":1,"enemies":"Lots of Slimes","floor":12,"turns":8},{"damage":27,"enemies":"Gremlin Nob","floor":13,"turns":5},{"damage":0,"enemies":"Blue Slaver","floor":14,"turns":5},{"damage":19,"enemies":"Slime Boss","floor":16,"turns":14}],"seed_played":"-5707010429847597646","potions_obtained":[{"floor":5,"key":"EssenceOfSteel"},{"floor":7,"key":"SpeedPotion"},{"floor":12,"key":"Explosive Potion"},{"floor":14,"key":"GhostInAJar"}],"is_trial":false,"path_per_floor":["M","$","?","?","M","E","M","R","T","R","M","M","E","M","R","B"],"character_chosen":"THE_SILENT","items_purchased":[],"campfire_rested":1,"item_purchase_floors":[],"current_hp_per_floor":[59,59,52,52,52,52,50,50,50,50,29,28,1,1,20,1],"gold":248,"neow_bonus":"THREE_ENEMY_KILL","is_prod":false,"is_daily":false,"chose_seed":false,"campfire_upgraded":2,"win_rate":0,"timestamp":1546839297,"path_taken":["M","$","?","?","?","E","M","R","T","R","M","M","E","M","R","BOSS"],"build_version":"2019-01-03v4","purchased_purges":0,"victory":false,"max_hp_per_floor":[66,66,66,66,66,66,66,66,66,66,66,66,66,66,66,66],"card_choices":[{"not_picked":["Flying Knee","Dagger Throw"],"picked":"Cloak And Dagger","floor":1},{"not_picked":["Infinite Blades","Quick Slash"],"picked":"Slice","floor":5},{"not_picked":["Burst","Distraction","Heel Hook"],"picked":"SKIP","floor":6},{"not_picked":["PiercingWail","Sucker Punch"],"picked":"Footwork","floor":7},{"not_picked":["Flechettes","Endless Agony"],"picked":"Backstab","floor":11},{"not_picked":["Backstab","Riddle With Holes"],"picked":"Dagger Throw","floor":12},{"not_picked":["PiercingWail","Poisoned Stab"],"picked":"Leg Sweep","floor":13},{"not_picked":["Prepared","PiercingWail"],"picked":"Endless Agony","floor":14},{"not_picked":["Poisoned Stab","Choke"],"picked":"Footwork","floor":15}],"player_experience":363710,"relics_obtained":[{"floor":6,"key":"Smiling Mask"},{"floor":9,"key":"Dream Catcher"},{"floor":13,"key":"Art of War"}],"event_choices":[{"cards_removed":["Strike_G"],"damage_healed":0,"gold_gain":0,"player_choice":"Card Removal","damage_taken":7,"max_hp_gain":0,"max_hp_loss":0,"event_name":"Golden Wing","floor":3,"gold_loss":0},{"damage_healed":0,"gold_gain":0,"player_choice":"3 cards matched","damage_taken":0,"max_hp_gain":0,"max_hp_loss":0,"event_name":"Match and Keep!","floor":4,"gold_loss":0,"cards_obtained":["Grand Finale","Regret","Neutralize"]}],"is_beta":false,"boss_relics":[],"items_purged_floors":[],"is_endless":false,"potions_floor_spawned":[5,7,12,14],"killed_by":"Slime Boss","ascension_level":20}