{"gold_per_floor":[119,134,84,84,103,103,133,133,133,133,144,144,108,137,137,242,242,255,266,266,187,202,202,117,117,117,148,148,158,88,104,104,200,200,217,142,158,158,158,187,187,200,200,214,224,239,66,66,66,66],"floor_reached":51,"playtime":1865,"items_purged":["Scrape","Writhe"],"score":720,"play_id":"2478a3c9-e792-4203-a0bc-fa6691d745ca","local_time":"20181125122258","is_ascension_mode":false,"campfire_choices":[{"data":"Dualcast","floor":6.0,"key":"SMITH"},{"data":"Zap","floor":8.0,"key":"SMITH"},{"data":"Go for the Eyes","floor":10.0,"key":"SMITH"},{"data":"Blizzard","floor":12.0,"key":"SMITH"},{"data":"Blizzard","floor":15.0,"key":"SMITH"},{"data":"Defragment","floor":23.0,"key":"SMITH"},{"data":"Glacier","floor":25.0,"key":"SMITH"},{"data":"Ball Lightning","floor":32.0,"key":"SMITH"},{"data":"Sweeping Beam+1","floor":49,"key":"PURGE"}],"neow_cost":"NONE","seed_source_timestamp":660464942862756,"circlet_count":0,"master_deck":["Zap+1","Dualcast+1","Glacier+1","Blizzard+1","Ball Lightning+1","Go for the Eyes+1","Blizzard+1","Chill+1","Defragment+1","Coolheaded+1","Defragment+1","Creative AI+1","Stack+1","Compile Driver+1","Cold Snap+1","Ball Lightning+1","Conserve Battery+1","Go for the Eyes+1","Hologram+1","Capacitor+1","Loop+1"],"special_seed":0,"relics":["Cracked Core","Peace Pipe","Bottled Lightning","Odd Mushroom","Cursed Key","Dream Catcher","Frozen Egg 2","Ginger","Pandora\u0027s Box","Mark of the Bloom","Anchor"],"potions_floor_usage":[50,50,50],"damage_taken":[{"damage":0.0,"enemies":"2 Louse","floor":1.0,"turns":2.0},{"damage":0.0,"enemies":"Cultist","floor":2.0,"turns":4.0},{"damage":0.0,"enemies":"Jaw Worm","floor":5.0,"turns":3.0},{"damage":6.0,"enemies":"Lagavulin","floor":7.0,"turns":9.0},{"damage":0.0,"enemies":"Looter","floor":11.0,"turns":3.0},{"damage":1.0,"enemies":"The Mushroom Lair","floor":14.0,"turns":2.0},{"damage":52.0,"enemies":"Hexaghost","floor":16.0,"turns":12.0},{"damage":3.0,"enemies":"Shell Parasite","floor":18.0,"turns":5.0},{"damage":6.0,"enemies":"Spheric Guardian","floor":19.0,"turns":4.0},{"damage":5.0,"enemies":"Shelled Parasite and Fungi","floor":22.0,"turns":6.0},{"damage":0.0,"enemies":"Book of Stabbing","floor":27.0,"turns":6.0},{"damage":0.0,"enemies":"Centurion and Healer","floor":29.0,"turns":6.0},{"damage":0.0,"enemies":"Sentry and Sphere","floor":31.0,"turns":5.0},{"damage":15.0,"enemies":"Champ","floor":33.0,"turns":14.0},{"damage":10.0,"enemies":"3 Darklings","floor":35.0,"turns":3.0},{"damage":0.0,"enemies":"3 Shapes","floor":37.0,"turns":4.0},{"damage":2.0,"enemies":"Nemesis","floor":40.0,"turns":9.0},{"damage":0.0,"enemies":"Sphere and 2 Shapes","floor":42.0,"turns":7.0},{"damage":0.0,"enemies":"3 Darklings","floor":44.0,"turns":5.0},{"damage":0.0,"enemies":"Spire Growth","floor":45.0,"turns":6.0},{"damage":0.0,"enemies":"Jaw Worm Horde","floor":46.0,"turns":3.0},{"damage":15,"enemies":"Time Eater","floor":50,"turns":11}],"seed_played":"6778850811402420884","potions_obtained":[{"floor":2.0,"key":"LiquidBronze"},{"floor":4.0,"key":"SpeedPotion"},{"floor":4.0,"key":"FearPotion"},{"floor":18.0,"key":"Explosive Potion"},{"floor":33.0,"key":"AttackPotion"},{"floor":40.0,"key":"PowerPotion"}],"is_trial":false,"path_per_floor":["M","M","$","?","M","R","E","R","T","R","M","R","$","?","R","B",null,"M","M","?","$","M","R","?","R","T","E","$","M","$","M","R","B",null,"M","$","M","?","?","E","?","M","T","M","M","M","$","$","R","B",null],"character_chosen":"DEFECT","items_purchased":["Ball Lightning","Chill","Defragment","Defragment+1","Loop+1"],"campfire_rested":0,"item_purchase_floors":[3,13,21,30,47],"current_hp_per_floor":[82,82,82,82,82,82,76,76,76,76,76,76,76,75,75,23,82,79,73,73,73,68,68,68,68,68,68,68,68,68,68,68,53,82,72,72,72,72,72,70,70,70,70,70,70,70,70,70,70,55],"gold":66,"neow_bonus":"TEN_PERCENT_HP_BONUS","is_prod":false,"is_daily":false,"chose_seed":false,"campfire_upgraded":8,"win_rate":0,"timestamp":1543148578,"path_taken":["M","M","$","?","M","R","E","R","T","R","M","R","?","?","R","BOSS","M","M","?","$","M","R","?","R","T","E","$","M","?","M","R","BOSS","M","$","M","?","?","E","?","M","T","M","M","M","$","?","R","BOSS"],"build_version":"2018-11-15","purchased_purges":2,"victory":true,"max_hp_per_floor":[82,82,82,82,82,82,82,82,82,82,82,82,82,82,82,82,82,82,82,82,82,82,82,82,82,82,82,82,82,82,82,82,82,82,82,82,82,82,82,82,82,82,82,82,82,82,82,82,82,82],"card_choices":[{"not_picked":["Cold Snap","Go for the Eyes"],"picked":"Glacier","floor":1.0},{"not_picked":["Darkness","Compile Driver"],"picked":"Blizzard","floor":2.0},{"not_picked":["Barrage","Sweeping Beam"],"picked":"Go for the Eyes","floor":5.0},{"not_picked":["Double Energy","Doom and Gloom"],"picked":"Blizzard","floor":7.0},{"not_picked":["Scrape","FTL","Redo"],"picked":"SKIP","floor":11.0},{"not_picked":["Ball Lightning","Barrage+1","Go for the Eyes"],"picked":"SKIP","floor":18.0},{"not_picked":["Turbo+1","Sweeping Beam","Leap"],"picked":"SKIP","floor":19.0},{"not_picked":["Multi-Cast","Self Repair+1","Turbo+1"],"picked":"SKIP","floor":22.0},{"not_picked":["Hologram","Chaos"],"picked":"Coolheaded","floor":27.0},{"not_picked":["Sunder+1","Stack+1","Rebound"],"picked":"SKIP","floor":29.0},{"not_picked":["Turbo","Lockon","Static Discharge+1"],"picked":"SKIP","floor":31.0},{"not_picked":["Meteor Strike","All For One"],"picked":"Creative AI+1","floor":33.0},{"not_picked":["Gash","Beam Cell+1"],"picked":"Hologram+1","floor":35.0},{"not_picked":["Storm+1","Coolheaded+1","Compile Driver+1"],"picked":"SKIP","floor":37.0},{"not_picked":["Go for the Eyes","Cold Snap","Streamline"],"picked":"SKIP","floor":40.0},{"not_picked":["Cold Snap+1","Rebound+1"],"picked":"Capacitor+1","floor":42.0},{"not_picked":["Steam+1","Tempest","Chaos"],"picked":"SKIP","floor":44.0},{"not_picked":["Stack","Storm+1","Beam Cell+1"],"picked":"SKIP","floor":45.0},{"not_picked":["Streamline","Sweeping Beam+1","Turbo+1"],"picked":"SKIP","floor":46.0}],"player_experience":821623,"relics_obtained":[{"floor":7.0,"key":"Peace Pipe"},{"floor":9.0,"key":"Bottled Lightning"},{"floor":14.0,"key":"Odd Mushroom"},{"floor":27.0,"key":"Ginger"},{"floor":40.0,"key":"Anchor"}],"event_choices":[{"damage_healed":0.0,"max_hp_gain":0.0,"max_hp_loss":0.0,"gold_gain":0.0,"event_name":"Lab","player_choice":"Got Potions","floor":4.0,"gold_loss":0.0,"damage_taken":0.0},{"damage_healed":0.0,"max_hp_gain":0.0,"max_hp_loss":0.0,"gold_gain":0.0,"event_name":"Mushrooms","player_choice":"Fought Mushrooms","floor":14.0,"gold_loss":0.0,"damage_taken":0.0},{"damage_healed":0.0,"max_hp_gain":0.0,"max_hp_loss":0.0,"gold_gain":0.0,"event_name":"The Mausoleum","player_choice":"Opened","floor":20.0,"gold_loss":0.0,"damage_taken":0.0,"relics_obtained":["Dream Catcher"]},{"damage_healed":0.0,"max_hp_gain":0.0,"max_hp_loss":0.0,"gold_gain":0.0,"event_name":"Addict","player_choice":"Obtained Relic","floor":24.0,"gold_loss":85.0,"damage_taken":0.0,"relics_obtained":["Frozen Egg 2"]},{"damage_healed":0.0,"max_hp_gain":0.0,"max_hp_loss":0.0,"gold_gain":0.0,"event_name":"MindBloom","player_choice":"Upgrade","floor":38.0,"gold_loss":0.0,"damage_taken":0.0,"cards_upgraded":["Chill","Coolheaded","Sweeping Beam","Stack","Compile Driver","Cold Snap","Ball Lightning","Conserve Battery","Go for the Eyes"],"relics_obtained":["Mark of the Bloom"]},{"damage_healed":0.0,"max_hp_gain":0.0,"max_hp_loss":0.0,"gold_gain":0.0,"event_name":"Mysterious Sphere","player_choice":"Ignored","floor":39.0,"gold_loss":0.0,"damage_taken":0.0},{"damage_healed":21.0,"max_hp_gain":0.0,"max_hp_loss":0.0,"gold_gain":0.0,"event_name":"Winding Halls","player_choice":"Writhe","floor":41.0,"gold_loss":0.0,"damage_taken":0.0,"cards_obtained":["Writhe"]}],"is_beta":false,"boss_relics":[{"not_picked":["Coffee Dripper","Tiny House"],"picked":"Cursed Key"},{"not_picked":["Nuclear Battery","Runic Dome"],"picked":"Pandora\u0027s Box"}],"items_purged_floors":[36,47],"is_endless":false,"potions_floor_spawned":[2,7,11,18,19,33,35,40,42,44],"ascension_level":0}