{"gold_per_floor":[119,46,64,82,97,127,127,227,253,253,273,273,306,306,306,402,402,418,74,74,62,81,81],"floor_reached":23,"playtime":1673,"items_purged":[],"score":226,"play_id":"28565670-45c7-4dd3-bd79-b7bbb1f5743e","local_time":"20180630094824","is_ascension_mode":false,"campfire_choices":[{"data":"Defragment","floor":7,"key":"SMITH"},{"floor":10,"key":"REST"},{"floor":12,"key":"REST"},{"floor":15,"key":"REST"}],"neow_cost":"NONE","seed_source_timestamp":1290814742903,"circlet_count":0,"master_deck":["Strike_B","Strike_B","Strike_B","Strike_B","Defend_B","Defend_B","Defend_B","Zap","Dualcast","Lockon+1","Darkness","Static Discharge","Redo","Conserve Battery","Defragment+1","Cold Snap","Hello World+1","Fission","Amplify","Coolheaded","Coolheaded","Sweeping Beam+1","Rebound"],"relics":["Cracked Core","Bag of Marbles","Pen Nib","Strawberry","Black Star","Mango"],"potions_floor_usage":[13,23,23,23],"damage_taken":[{"damage":0,"enemies":"2 Louse","floor":1,"turns":2},{"damage":1,"enemies":"Cultist","floor":3,"turns":3},{"damage":6,"enemies":"Jaw Worm","floor":4,"turns":3},{"damage":7,"enemies":"2 Fungi Beasts","floor":5,"turns":3},{"damage":24,"enemies":"3 Sentries","floor":6,"turns":6},{"damage":10,"enemies":"Blue Slaver","floor":11,"turns":3},{"damage":18,"enemies":"Gremlin Nob","floor":13,"turns":4},{"damage":26,"enemies":"Slime Boss","floor":16,"turns":10},{"damage":14,"enemies":"Chosen","floor":18,"turns":5},{"damage":26,"enemies":"2 Thieves","floor":21,"turns":4},{"damage":10,"enemies":"Snecko","floor":22,"turns":7},{"damage":28,"enemies":"Gremlin Leader","floor":23,"turns":5}],"seed_played":"-8836715726670992457","potions_obtained":[{"floor":3,"key":"FearPotion"},{"floor":11,"key":"FearPotion"},{"floor":13,"key":"FearPotion"},{"floor":16,"key":"LiquidBronze"},{"floor":22,"key":"Weak Potion"}],"is_trial":false,"path_per_floor":["M","$","M","M","M","E","R","?","T","R","M","R","E","?","R","B",null,"M","$","?","M","M"],"character_chosen":"DEFECT","items_purchased":["Static Discharge","Mango","Coolheaded"],"campfire_rested":3,"item_purchase_floors":[2,19,19],"current_hp_per_floor":[75,75,74,68,61,37,37,37,37,59,49,71,60,44,68,42,82,68,82,63,37,27,0],"gold":81,"neow_bonus":"TRANSFORM_CARD","is_prod":false,"is_daily":false,"chose_seed":false,"campfire_upgraded":1,"win_rate":0,"timestamp":1530366504,"path_taken":["M","$","M","M","M","E","R","?","T","R","M","R","E","?","R","BOSS","M","$","?","M","M","E"],"build_version":"2018-06-28","purchased_purges":0,"victory":false,"max_hp_per_floor":[75,75,75,75,75,75,75,75,75,75,75,75,82,82,82,82,82,82,96,101,101,101,101],"card_choices":[{"not_picked":["Go for the Eyes","Leap"],"picked":"Darkness","floor":1},{"not_picked":["Go for the Eyes","Hologram"],"picked":"Redo","floor":3},{"not_picked":["Sweeping Beam","Heatsinks"],"picked":"Conserve Battery","floor":4},{"not_picked":["Rebound","Biased Cognition"],"picked":"Defragment","floor":5},{"not_picked":["Beam Cell","Turbo"],"picked":"Cold Snap","floor":6},{"not_picked":["Cold Snap","Rebound"],"picked":"Hello World","floor":11},{"not_picked":["Steam","Gash"],"picked":"Fission","floor":13},{"not_picked":["All For One","Buffer"],"picked":"Amplify","floor":16},{"not_picked":["Scrape","Steam"],"picked":"Coolheaded","floor":18},{"not_picked":["Steam","Beam Cell"],"picked":"Sweeping Beam+1","floor":21},{"not_picked":["Leap+1","Heatsinks"],"picked":"Rebound","floor":22}],"player_experience":137898,"relics_obtained":[{"floor":6,"key":"Bag of Marbles"},{"floor":9,"key":"Pen Nib"},{"floor":13,"key":"Strawberry"}],"event_choices":[{"event_name":"Golden Shrine","player_choice":"Pray","floor":8,"damage_taken":0},{"event_name":"Shining Light","player_choice":"Entered Light","floor":14,"damage_taken":0},{"event_name":"Forgotten Altar","player_choice":"Shed Blood","floor":20,"damage_taken":0}],"boss_relics":[{"not_picked":["Eternal Feather","Philosopher\u0027s Stone"],"picked":"Black Star"}],"items_purged_floors":[],"is_endless":false,"potions_floor_spawned":[3,11,13,16,22],"killed_by":"Gremlin Leader","ascension_level":0}