{"gold_per_floor":[113,123,141,155,180,209,226,256,306,317,350,350,362,435,435,513,513,533,533,533,32,32,32,32],"floor_reached":24,"playtime":1850,"items_purged":[],"score":367,"play_id":"f980bd03-e109-4437-995c-46505fd085f4","local_time":"20190109163409","is_ascension_mode":true,"campfire_choices":[{"floor":15.0,"key":"REST"},{"floor":23.0,"key":"REST"}],"neow_cost":"NONE","seed_source_timestamp":771508563311781,"circlet_count":0,"master_deck":["AscendersBane","Strike_R+1","Strike_R+1","Strike_R+1","Strike_R+1","Strike_R+1","Defend_R+1","Defend_R+1","Defend_R+1","Defend_R+1","Bash","Panacea","Perfected Strike","Clothesline","Corruption","Twin Strike","Pommel Strike","Wild Strike","Second Wind","Power Through","Wild Strike","Sentinel","Dark Embrace","Ghostly Armor","Purity"],"special_seed":0,"relics":["Black Blood","Ancient Tea Set","Bag of Preparation","Bottled Tornado","Lantern","Potion Belt","Magic Flower","Orichalcum","Red Skull","Paper Frog"],"potions_floor_usage":[],"damage_taken":[{"damage":6.0,"enemies":"Cultist","floor":1.0,"turns":4.0},{"damage":2.0,"enemies":"Jaw Worm","floor":2.0,"turns":4.0},{"damage":6.0,"enemies":"2 Louse","floor":3.0,"turns":3.0},{"damage":0.0,"enemies":"Large Slime","floor":4.0,"turns":5.0},{"damage":35.0,"enemies":"3 Sentries","floor":6.0,"turns":8.0},{"damage":7.0,"enemies":"Exordium Thugs","floor":7.0,"turns":5.0},{"damage":25.0,"enemies":"Lagavulin","floor":8.0,"turns":5.0},{"damage":1.0,"enemies":"2 Fungi Beasts","floor":10.0,"turns":2.0},{"damage":15.0,"enemies":"3 Sentries","floor":11.0,"turns":10.0},{"damage":11.0,"enemies":"Looter","floor":13.0,"turns":3.0},{"damage":6.0,"enemies":"The Guardian","floor":16.0,"turns":12.0},{"damage":35.0,"enemies":"Chosen","floor":18.0,"turns":7.0},{"damage":63,"enemies":"Gremlin Leader","floor":24,"turns":6}],"seed_played":"226330133404479653","potions_obtained":[{"floor":1.0,"key":"LiquidBronze"},{"floor":3.0,"key":"Fruit Juice"},{"floor":7.0,"key":"FearPotion"},{"floor":10.0,"key":"PowerPotion"},{"floor":13.0,"key":"Dexterity Potion"}],"is_trial":false,"path_per_floor":["M","M","M","M","T","E","M","E","T","M","E","?","M","?","R","B",null,"M","?","?","$","?","R","E"],"character_chosen":"IRONCLAD","items_purchased":["Red Skull","Paper Frog","Purity"],"campfire_rested":2,"item_purchase_floors":[21,21,21],"current_hp_per_floor":[68,72,77,80,80,51,50,31,31,36,27,27,25,25,49,52,73,53,38,38,38,38,63,0],"gold":32,"neow_bonus":"RANDOM_COLORLESS","is_prod":false,"is_daily":false,"chose_seed":false,"campfire_upgraded":0,"win_rate":0,"timestamp":1547019249,"path_taken":["M","?","M","M","?","E","?","E","T","M","E","?","?","?","R","BOSS","M","?","?","$","?","R","E"],"build_version":"2019-01-03v4","purchased_purges":0,"victory":false,"max_hp_per_floor":[75,75,80,80,80,80,80,80,80,80,80,80,80,80,80,80,80,80,85,85,85,85,85,85],"card_choices":[{"not_picked":["Cleave","Anger"],"picked":"Perfected Strike","floor":1.0},{"not_picked":["Clash","Rupture"],"picked":"Clothesline","floor":2.0},{"not_picked":["Dual Wield","Pummel"],"picked":"Corruption","floor":3.0},{"not_picked":["Iron Wave","Havoc"],"picked":"Twin Strike","floor":4.0},{"not_picked":["True Grit","Shrug It Off"],"picked":"Pommel Strike","floor":6.0},{"not_picked":["Spot Weakness","Dual Wield"],"picked":"Wild Strike","floor":7.0},{"not_picked":["Blood for Blood","Clothesline"],"picked":"Second Wind","floor":8.0},{"not_picked":["Entrench","Barricade"],"picked":"Power Through","floor":10.0},{"not_picked":["Spot Weakness","Ghostly Armor"],"picked":"Wild Strike","floor":11.0},{"not_picked":["Sword Boomerang","Hemokinesis"],"picked":"Sentinel","floor":13.0},{"not_picked":["Berserk","Feed"],"picked":"Dark Embrace","floor":16.0},{"not_picked":["Anger","Thunderclap"],"picked":"Ghostly Armor","floor":18.0}],"player_experience":932224,"relics_obtained":[{"floor":5.0,"key":"Ancient Tea Set"},{"floor":6.0,"key":"Bag of Preparation"},{"floor":8.0,"key":"Bottled Tornado"},{"floor":9.0,"key":"Lantern"},{"floor":11.0,"key":"Potion Belt"}],"event_choices":[{"damage_healed":0.0,"max_hp_gain":0.0,"max_hp_loss":0.0,"gold_gain":0.0,"event_name":"WeMeetAgain","player_choice":"Gave Potion","floor":12.0,"gold_loss":0.0,"damage_taken":0.0,"relics_obtained":["Magic Flower"]},{"damage_healed":0.0,"max_hp_gain":0.0,"max_hp_loss":0.0,"gold_gain":73.0,"event_name":"Golden Wing","player_choice":"Gained Gold","floor":14.0,"gold_loss":0.0,"damage_taken":0.0},{"damage_healed":0.0,"max_hp_gain":5.0,"max_hp_loss":0.0,"gold_gain":0.0,"event_name":"Forgotten Altar","player_choice":"Shed Blood","floor":19.0,"gold_loss":0.0,"damage_taken":20.0},{"damage_healed":0.0,"max_hp_gain":0.0,"max_hp_loss":0.0,"gold_gain":0.0,"event_name":"The Mausoleum","player_choice":"Opened","floor":20.0,"gold_loss":0.0,"damage_taken":0.0,"relics_obtained":["Orichalcum"]},{"damage_healed":0.0,"max_hp_gain":0.0,"max_hp_loss":0.0,"gold_gain":0.0,"event_name":"Back to Basics","player_choice":"Simplicity","floor":22.0,"gold_loss":0.0,"damage_taken":0.0,"cards_upgraded":["Strike_R","Strike_R","Strike_R","Strike_R","Strike_R","Defend_R","Defend_R","Defend_R","Defend_R"]}],"is_beta":false,"boss_relics":[{"not_picked":["Calling Bell","Eternal Feather"],"picked":"Black Blood"}],"items_purged_floors":[],"is_endless":false,"potions_floor_spawned":[1,3,7,10,13],"killed_by":"Gremlin Leader","ascension_level":14}