{"gold_per_floor":[109,127,138,138,213,213,244,255,255,255],"floor_reached":10,"playtime":727,"items_purged":[],"score":95,"play_id":"7d1a2e69-0761-4198-846b-7a33cc1cd3fa","local_time":"20190130163713","is_ascension_mode":true,"campfire_choices":[{"data":"Bash","floor":6,"key":"SMITH"}],"neow_cost":"PERCENT_DAMAGE","seed_source_timestamp":235648115593700,"circlet_count":0,"master_deck":["Strike_R","Strike_R","Strike_R","Defend_R","Defend_R","Defend_R","Defend_R","Bash+1","Heavy Blade","Reaper","Flame Barrier"],"relics":["Burning Blood","Lantern","Frozen Egg 2","Oddly Smooth Stone"],"potions_floor_usage":[2,7],"damage_taken":[{"damage":1,"enemies":"Cultist","floor":1,"turns":4},{"damage":0,"enemies":"2 Louse","floor":2,"turns":4},{"damage":4,"enemies":"Small Slimes","floor":3,"turns":4},{"damage":36,"enemies":"Gremlin Nob","floor":7,"turns":5},{"damage":7,"enemies":"3 Louse","floor":8,"turns":4},{"damage":34,"enemies":"3 Sentries","floor":10,"turns":8}],"seed_played":"-4265132959152611490","potions_obtained":[{"floor":1,"key":"Block Potion"},{"floor":2,"key":"Fruit Juice"}],"is_trial":false,"path_per_floor":["M","M","M","?","?","R","E","M","T","E"],"character_chosen":"IRONCLAD","items_purchased":[],"campfire_rested":0,"item_purchase_floors":[],"current_hp_per_floor":[56,67,69,57,46,46,16,27,27,0],"gold":255,"neow_bonus":"REMOVE_TWO","is_prod":false,"is_daily":false,"chose_seed":false,"campfire_upgraded":1,"win_rate":0,"timestamp":1548862633,"path_taken":["M","M","M","?","?","R","E","M","T","E"],"build_version":"2019-01-23","purchased_purges":0,"victory":false,"max_hp_per_floor":[80,85,85,85,85,85,85,85,85,85],"card_choices":[{"not_picked":["Seeing Red","Anger","Thunderclap"],"picked":"SKIP","floor":1},{"not_picked":["Thunderclap","Hemokinesis"],"picked":"Heavy Blade","floor":2},{"not_picked":["Thunderclap","Flex","Feel No Pain"],"picked":"SKIP","floor":3},{"not_picked":["Cleave","Carnage"],"picked":"Reaper","floor":7},{"not_picked":["Power Through","Body Slam"],"picked":"Flame Barrier","floor":8}],"player_experience":206460,"relics_obtained":[{"floor":7,"key":"Frozen Egg 2"},{"floor":9,"key":"Oddly Smooth Stone"}],"event_choices":[{"damage_healed":0,"gold_gain":0,"player_choice":"Success","damage_taken":12,"relics_obtained":["Lantern"],"max_hp_gain":0,"max_hp_loss":0,"event_name":"Scrap Ooze","floor":4,"gold_loss":0},{"damage_healed":0,"gold_gain":75,"player_choice":"Gather Gold","damage_taken":11,"max_hp_gain":0,"max_hp_loss":0,"event_name":"World of Goop","floor":5,"gold_loss":0}],"is_beta":false,"boss_relics":[],"items_purged_floors":[],"is_endless":false,"potions_floor_spawned":[1,2],"killed_by":"3 Sentries","ascension_level":8}