{"gold_per_floor":[112,128,128,128,78,78,78,78,78,78,103,103,116,141,141,264,264,264,264,264,264,121,121,121,121,121,121,121,121,121,121,121,121,121,121,121,121,121,0,0,0,0,0,0,0,0,0,0,0,0],"floor_reached":50,"playtime":1253,"items_purged":[],"score":507,"play_id":"368ac8fc-94ab-4b58-a059-a70ecbed0570","local_time":"20190121014515","is_ascension_mode":false,"campfire_choices":[{"data":"Bash","floor":6,"key":"SMITH"},{"data":"Pommel Strike","floor":8,"key":"SMITH"},{"data":"Perfected Strike","floor":12,"key":"SMITH"},{"floor":15,"key":"REST"},{"data":"Perfected Strike","floor":28,"key":"SMITH"},{"data":"Flame Barrier","floor":32,"key":"SMITH"},{"data":"Bludgeon","floor":40,"key":"SMITH"},{"floor":44,"key":"REST"},{"data":"Perfected Strike","floor":49,"key":"SMITH"}],"neow_cost":"CURSE","seed_source_timestamp":17294920426536,"circlet_count":0,"master_deck":["Strike_R","Strike_R","Strike_R","Strike_R","Strike_R","Defend_R+1","Defend_R","Defend_R+1","Bash+1","Pommel Strike+1","Perfected Strike+1","Perfected Strike+1","Feed","Flame Barrier+1","Perfected Strike+1","Pommel Strike","Armaments+1","Inflame+1","Bludgeon+1","Pommel Strike+1","Perfected Strike+1","Madness","Madness"],"relics":["Burning Blood","Torii","Strawberry","Mummified Hand","Golden Idol","Ectoplasm","Vajra","Question Card","Ornamental Fan","Sozu","Tiny Chest","Red Mask","Calipers","War Paint"],"potions_floor_usage":[33,33,33,50],"damage_taken":[{"damage":2,"enemies":"Cultist","floor":1,"turns":4},{"damage":1,"enemies":"Small Slimes","floor":2,"turns":4},{"damage":6,"enemies":"2 Louse","floor":11,"turns":4},{"damage":2,"enemies":"Exordium Thugs","floor":13,"turns":4},{"damage":8,"enemies":"Large Slime","floor":14,"turns":7},{"damage":41,"enemies":"Slime Boss","floor":16,"turns":11},{"damage":1,"enemies":"Chosen","floor":18,"turns":3},{"damage":10,"enemies":"3 Byrds","floor":21,"turns":3},{"damage":0,"enemies":"Cultist and Chosen","floor":24,"turns":4},{"damage":2,"enemies":"Chosen and Byrds","floor":27,"turns":4},{"damage":3,"enemies":"Centurion and Healer","floor":29,"turns":5},{"damage":21,"enemies":"Cultist and Chosen","floor":30,"turns":5},{"damage":0,"enemies":"Snecko","floor":31,"turns":2},{"damage":92,"enemies":"Automaton","floor":33,"turns":9},{"damage":10,"enemies":"3 Darklings","floor":35,"turns":5},{"damage":15,"enemies":"Orb Walker","floor":38,"turns":2},{"damage":0,"enemies":"Mind Bloom Boss Battle","floor":41,"turns":5},{"damage":44,"enemies":"Writhing Mass","floor":42,"turns":5},{"damage":0,"enemies":"Jaw Worm Horde","floor":45,"turns":3},{"damage":101,"enemies":"Time Eater","floor":50,"turns":7}],"seed_played":"6470523485510541861","potions_obtained":[{"floor":11,"key":"BloodPotion"},{"floor":14,"key":"BloodPotion"},{"floor":18,"key":"AttackPotion"},{"floor":33,"key":"Regen Potion"}],"is_trial":false,"path_per_floor":["M","M","?","?","?","R","$","R","T","?","M","R","M","M","R","B",null,"M","$","?","M","$","T","M","?","T","M","R","M","M","M","R","B",null,"M","?","T","M","?","R","?","M","T","R","M","$","?","$","R","B"],"character_chosen":"IRONCLAD","items_purchased":["Vajra"],"campfire_rested":2,"item_purchase_floors":[22],"current_hp_per_floor":[80,80,77,51,51,51,51,51,51,51,51,51,55,53,76,41,78,81,81,81,77,77,77,84,84,84,84,84,84,73,79,79,13,92,91,91,91,85,85,85,91,53,53,82,88,88,76,76,76,0],"gold":0,"neow_bonus":"ONE_RARE_RELIC","is_prod":false,"is_daily":false,"chose_seed":false,"campfire_upgraded":7,"win_rate":0,"timestamp":1548006315,"path_taken":["M","M","?","?","?","R","$","R","T","?","M","R","M","M","R","BOSS","M","$","?","M","$","?","M","?","T","?","R","M","?","?","R","BOSS","M","?","?","?","?","R","?","M","T","R","?","$","?","$","R","BOSS"],"build_version":"2019-01-17v2","purchased_purges":0,"victory":false,"max_hp_per_floor":[80,80,77,84,84,84,84,84,84,78,78,78,78,78,78,78,78,81,81,81,81,81,81,84,84,84,84,84,84,88,88,88,92,92,95,95,95,98,98,98,98,98,98,98,98,98,98,98,98,98],"card_choices":[{"not_picked":["Warcry","Combust"],"picked":"Pommel Strike","floor":1},{"not_picked":["Clothesline","Havoc"],"picked":"Clash","floor":2},{"not_picked":["Havoc","Anger"],"picked":"Perfected Strike","floor":11},{"not_picked":["Sword Boomerang","Body Slam","Bloodletting"],"picked":"SKIP","floor":13},{"not_picked":["Sword Boomerang","Flex"],"picked":"Perfected Strike","floor":14},{"not_picked":["Immolate","Brutality"],"picked":"Feed","floor":16},{"not_picked":["Clothesline+1","Pommel Strike"],"picked":"Flame Barrier","floor":18},{"not_picked":["Spot Weakness+1","Warcry"],"picked":"Perfected Strike","floor":21},{"not_picked":["Ghostly Armor","Iron Wave","Flex+1"],"picked":"Pommel Strike","floor":24},{"not_picked":["True Grit","Twin Strike","Corruption","Cleave"],"picked":"SKIP","floor":27},{"not_picked":["Havoc+1","Clothesline+1","Metallicize"],"picked":"Armaments+1","floor":29},{"not_picked":["Thunderclap","Cleave","Double Tap","Sentinel"],"picked":"SKIP","floor":30},{"not_picked":["Disarm","Cleave+1","Warcry"],"picked":"Inflame+1","floor":31},{"not_picked":["Fiend Fire","Exhume","Offering"],"picked":"Bludgeon","floor":33},{"not_picked":["Sword Boomerang","Spot Weakness","Anger","Wild Strike"],"picked":"SKIP","floor":35},{"not_picked":["Body Slam","Power Through","Shrug It Off","Headbutt+1"],"picked":"SKIP","floor":38},{"not_picked":["Intimidate+1","Clothesline","Clash+1"],"picked":"Pommel Strike+1","floor":42},{"not_picked":["Hemokinesis","Searing Blow","Burning Pact+1"],"picked":"Perfected Strike+1","floor":45}],"player_experience":102651,"relics_obtained":[{"floor":9,"key":"Mummified Hand"},{"floor":23,"key":"Question Card"},{"floor":26,"key":"Ornamental Fan"},{"floor":37,"key":"Tiny Chest"},{"floor":41,"key":"Calipers"},{"floor":43,"key":"War Paint"}],"event_choices":[{"cards_removed":["Parasite"],"damage_healed":0,"gold_gain":0,"player_choice":"Forget","damage_taken":0,"max_hp_gain":0,"max_hp_loss":0,"event_name":"Living Wall","floor":3,"gold_loss":0},{"damage_healed":0,"gold_gain":0,"player_choice":"Success","damage_taken":33,"relics_obtained":["Strawberry"],"max_hp_gain":0,"max_hp_loss":0,"event_name":"Scrap Ooze","floor":4,"gold_loss":0},{"cards_removed":["Clash"],"damage_healed":0,"gold_gain":0,"player_choice":"Card Removal","damage_taken":0,"max_hp_gain":0,"max_hp_loss":0,"event_name":"The Cleric","floor":5,"gold_loss":50},{"damage_healed":0,"gold_gain":0,"player_choice":"Lose Max HP","damage_taken":0,"relics_obtained":["Golden Idol"],"max_hp_gain":0,"max_hp_loss":6,"event_name":"Golden Idol","floor":10,"gold_loss":0},{"damage_healed":0,"gold_gain":0,"player_choice":"Bought 0 Potions","damage_taken":0,"max_hp_gain":0,"max_hp_loss":0,"event_name":"The Woman in Blue","floor":20,"gold_loss":0},{"damage_healed":0,"gold_gain":0,"player_choice":"Ignored","damage_taken":0,"max_hp_gain":0,"max_hp_loss":0,"event_name":"Ghosts","floor":25,"gold_loss":0},{"cards_removed":["Defend_R"],"damage_healed":0,"gold_gain":0,"player_choice":"Removed Skill","damage_taken":0,"max_hp_gain":0,"max_hp_loss":0,"event_name":"Falling","floor":36,"gold_loss":0},{"damage_healed":0,"gold_gain":0,"player_choice":"Paid","damage_taken":0,"relics_obtained":["Red Mask"],"max_hp_gain":0,"max_hp_loss":0,"event_name":"Tomb of Lord Red Mask","floor":39,"gold_loss":121},{"damage_healed":0,"gold_gain":0,"player_choice":"Fight","damage_taken":0,"max_hp_gain":0,"max_hp_loss":0,"event_name":"MindBloom","floor":41,"gold_loss":0},{"damage_healed":0,"gold_gain":0,"player_choice":"Embrace Madness","damage_taken":12,"max_hp_gain":0,"max_hp_loss":0,"event_name":"Winding Halls","floor":47,"gold_loss":0,"cards_obtained":["Madness","Madness"]}],"is_beta":false,"boss_relics":[{"not_picked":["Snecko Eye","Eternal Feather"],"picked":"Ectoplasm"},{"not_picked":["Runic Cube","Mark of Pain"],"picked":"Sozu"}],"items_purged_floors":[],"is_endless":false,"potions_floor_spawned":[11,14,18,29,33,38,41,45],"killed_by":"Time Eater","ascension_level":0}