{"gold_per_floor":[113,24,41,58,28,28,55,70,70,17,35,35,51,71,71,171,171,190,290,307,307,307,340,350,3831,3880,3942,3942,3974,3974,3988,3988,3988],"floor_reached":33,"playtime":2065,"items_purged":[],"score":357,"play_id":"c4ba2807-b4fc-436e-969f-ae7074ae387c","local_time":"20190209190310","is_ascension_mode":false,"campfire_choices":[{"floor":6,"key":"RECALL"},{"data":"Electrodynamics","floor":15,"key":"SMITH"},{"floor":28,"key":"REST"},{"data":"Loop","floor":30,"key":"SMITH"},{"floor":32,"key":"REST"}],"neow_cost":"NONE","seed_source_timestamp":68375214791800,"circlet_count":0,"master_deck":["Defend_B","Defend_B","Defend_B","Defend_B","Zap","Dualcast+1","Chill","Glacier","Rebound","Sweeping Beam","Leap","Coolheaded","Multi-Cast","Hello World","Redo","Static Discharge","Redo","Electrodynamics+1","Electrodynamics","Doom and Gloom","Double Energy","Streamline+1","Bite","Bite","Bite","Bite","Bite","Loop+1","Ball Lightning+1","Turbo+1","Conserve Battery","Fission+1","Self Repair","Go for the Eyes","Meteor Strike","Chrysalis","Beam Cell","Streamline+1","Sunder"],"relics":["Cracked Core","NeowsBlessing","Thread and Needle","Nuclear Battery","Mango","Gremlin Horn","Bottled Lightning","War Paint","Sling","Oddly Smooth Stone","Centennial Puzzle","Tiny Chest","Boot"],"potions_floor_usage":[16,16,18,19,23,27,29,29,29,33],"damage_taken":[{"damage":0,"enemies":"Small Slimes","floor":1,"turns":1},{"damage":0,"enemies":"Cultist","floor":3,"turns":1},{"damage":0,"enemies":"Jaw Worm","floor":4,"turns":1},{"damage":0,"enemies":"Looter","floor":5,"turns":4},{"damage":14,"enemies":"3 Sentries","floor":7,"turns":9},{"damage":0,"enemies":"2 Fungi Beasts","floor":8,"turns":5},{"damage":0,"enemies":"3 Louse","floor":11,"turns":3},{"damage":1,"enemies":"Lots of Slimes","floor":13,"turns":6},{"damage":1,"enemies":"Looter","floor":14,"turns":3},{"damage":42,"enemies":"The Guardian","floor":16,"turns":11},{"damage":5,"enemies":"Shell Parasite","floor":18,"turns":12},{"damage":11,"enemies":"Colosseum Slavers","floor":19,"turns":2},{"damage":31,"enemies":"Colosseum Nobs","floor":19,"turns":4},{"damage":0,"enemies":"3 Byrds","floor":20,"turns":1},{"damage":27,"enemies":"Slavers","floor":23,"turns":4},{"damage":18,"enemies":"Centurion and Healer","floor":24,"turns":4},{"damage":3,"enemies":"Book of Stabbing","floor":27,"turns":4},{"damage":5,"enemies":"Gremlin Leader","floor":29,"turns":5},{"damage":2,"enemies":"3 Cultists","floor":31,"turns":4},{"damage":77,"enemies":"Champ","floor":33,"turns":9}],"seed_played":"6791609655584045026","potions_obtained":[{"floor":3,"key":"Regen Potion"},{"floor":8,"key":"Strength Potion"},{"floor":14,"key":"Energy Potion"},{"floor":16,"key":"AttackPotion"},{"floor":18,"key":"Energy Potion"},{"floor":19,"key":"Energy Potion"},{"floor":23,"key":"SteroidPotion"},{"floor":27,"key":"Fire Potion"},{"floor":29,"key":"SteroidPotion"}],"is_trial":false,"path_per_floor":["M","$","M","M","M","R","E","M","T","$","M","?","M","M","R","B",null,"M","?","M","?","?","E","M","$","T","E","R","E","R","M","R","B"],"character_chosen":"DEFECT","items_purchased":["Glacier","Rebound","Redo","Conserve Battery","Fission","Self Repair","Go for the Eyes","Meteor Strike","Chrysalis","War Paint","Sling","Oddly Smooth Stone","AttackPotion"],"campfire_rested":2,"item_purchase_floors":[2,2,10,25,25,25,25,25,25,25,25,25,25],"current_hp_per_floor":[75,75,75,75,75,75,61,61,61,61,61,61,60,59,59,32,75,70,42,42,42,42,23,9,9,9,10,28,29,29,36,54,0],"gold":3988,"neow_bonus":"THREE_ENEMY_KILL","is_prod":false,"is_daily":false,"chose_seed":false,"campfire_upgraded":2,"win_rate":0,"timestamp":1549710190,"path_taken":["M","$","M","M","M","R","E","M","T","$","M","?","?","M","R","BOSS","M","?","M","?","?","E","M","$","T","E","R","E","R","M","R","BOSS"],"build_version":"2019-01-23","purchased_purges":0,"victory":false,"max_hp_per_floor":[75,75,75,75,75,75,75,75,75,75,75,75,75,75,75,75,75,75,89,89,62,62,62,62,62,62,62,62,62,62,62,62,62],"card_choices":[{"not_picked":["Gash","Hello World"],"picked":"Chill","floor":1},{"not_picked":["Turbo","Lockon"],"picked":"Sweeping Beam","floor":3},{"not_picked":["Lockon","White Noise"],"picked":"Leap","floor":4},{"not_picked":["Lockon","Heatsinks"],"picked":"Coolheaded","floor":5},{"not_picked":["Reboot","Beam Cell"],"picked":"Multi-Cast","floor":7},{"not_picked":["Reprogram","Barrage"],"picked":"Hello World","floor":8},{"not_picked":["BootSequence","Conserve Battery"],"picked":"Static Discharge","floor":11},{"not_picked":["Cold Snap","Force Field"],"picked":"Redo","floor":13},{"not_picked":["Hologram","Stack"],"picked":"Electrodynamics","floor":14},{"not_picked":["Meteor Strike","Reboot"],"picked":"Electrodynamics","floor":16},{"not_picked":["Rebound+1","Streamline+1"],"picked":"Doom and Gloom","floor":18},{"not_picked":["Turbo","Beam Cell"],"picked":"Double Energy","floor":19},{"not_picked":["Gash","Turbo"],"picked":"Streamline+1","floor":20},{"not_picked":["White Noise","Consume"],"picked":"Ball Lightning+1","floor":23},{"not_picked":["Echo Form","Skim"],"picked":"Turbo+1","floor":24},{"not_picked":["Glacier","Gash"],"picked":"Beam Cell","floor":27},{"not_picked":["Consume","Redo"],"picked":"Streamline+1","floor":29},{"not_picked":["Compile Driver","Heatsinks+1"],"picked":"Sunder","floor":31}],"player_experience":25550,"relics_obtained":[{"floor":7,"key":"Thread and Needle"},{"floor":19,"key":"Mango"},{"floor":19,"key":"Gremlin Horn"},{"floor":23,"key":"Bottled Lightning"},{"floor":26,"key":"Centennial Puzzle"},{"floor":27,"key":"Tiny Chest"},{"floor":29,"key":"Boot"}],"event_choices":[{"damage_healed":0,"gold_gain":0,"player_choice":"Ignored","damage_taken":0,"max_hp_gain":0,"max_hp_loss":0,"event_name":"Purifier","floor":12,"gold_loss":0},{"damage_healed":0,"gold_gain":0,"player_choice":"Fight","damage_taken":0,"max_hp_gain":0,"max_hp_loss":0,"event_name":"Colosseum","floor":19,"gold_loss":0},{"damage_healed":0,"gold_gain":0,"player_choice":"Fought Nobs","damage_taken":0,"max_hp_gain":0,"max_hp_loss":0,"event_name":"Colosseum","floor":19,"gold_loss":0},{"damage_healed":0,"gold_gain":0,"player_choice":"Became a vampire","damage_taken":0,"max_hp_gain":0,"max_hp_loss":27,"event_name":"Vampires","floor":21,"gold_loss":0,"cards_obtained":["Bite","Bite","Bite","Bite","Bite"]},{"damage_healed":0,"gold_gain":0,"player_choice":"Read","damage_taken":0,"max_hp_gain":0,"max_hp_loss":0,"event_name":"The Library","floor":22,"gold_loss":0,"cards_obtained":["Loop"]}],"is_beta":false,"boss_relics":[{"not_picked":["Velvet Choker","Black Star"],"picked":"Nuclear Battery"}],"items_purged_floors":[],"is_endless":false,"potions_floor_spawned":[3,8,14,16,18,19,23,27,29],"killed_by":"Champ","ascension_level":0}