{"gold_per_floor":[118,49,49,59,75,75,110,110,110,129,129,159,159,169,169,169],"floor_reached":16,"playtime":1888,"items_purged":[],"score":149,"play_id":"2b02ec7f-cee6-4d6d-b8d3-faccbf934ce3","local_time":"20180716183929","is_ascension_mode":true,"campfire_choices":[{"floor":6,"key":"REST"},{"floor":8,"key":"REST"},{"floor":11,"key":"REST"},{"floor":13,"key":"REST"},{"floor":15,"key":"REST"}],"neow_cost":"NONE","seed_source_timestamp":494840520543,"circlet_count":0,"master_deck":["Strike_B","Strike_B","Strike_B","Strike_B","Defend_B+1","Defend_B","Defend_B","Defend_B+1","Zap","Dualcast","Meteor Strike","Rebound","Fusion","Rebound","Gash","Turbo","Leap","Multi-Cast","Go for the Eyes"],"relics":["Cracked Core","The Courier","Anchor","Ancient Tea Set"],"potions_floor_usage":[7,12],"damage_taken":[{"damage":1,"enemies":"2 Louse","floor":1,"turns":2},{"damage":1,"enemies":"Small Slimes","floor":4,"turns":4},{"damage":0,"enemies":"Cultist","floor":5,"turns":3},{"damage":34,"enemies":"Lagavulin","floor":7,"turns":6},{"damage":7,"enemies":"Lots of Slimes","floor":10,"turns":4},{"damage":38,"enemies":"Gremlin Nob","floor":12,"turns":4},{"damage":33,"enemies":"Gremlin Gang","floor":14,"turns":7},{"damage":52,"enemies":"The Guardian","floor":16,"turns":7}],"seed_played":"-4102892936629454929","potions_obtained":[{"floor":4,"key":"Block Potion"},{"floor":10,"key":"FearPotion"}],"is_trial":false,"path_per_floor":["M","$","?","M","M","R","E","R","T","M","R","E","R","M","R"],"character_chosen":"DEFECT","items_purchased":["Fusion"],"campfire_rested":5,"item_purchase_floors":[2],"current_hp_per_floor":[67,67,52,51,51,73,39,61,61,54,75,37,59,26,48,0],"gold":169,"neow_bonus":"ONE_RANDOM_RARE_CARD","is_prod":false,"is_daily":false,"chose_seed":false,"campfire_upgraded":0,"win_rate":0,"timestamp":1531780769,"path_taken":["M","$","?","?","M","R","E","R","T","?","R","E","R","M","R","BOSS"],"build_version":"2018-07-12","purchased_purges":0,"victory":false,"max_hp_per_floor":[75,75,75,75,75,75,75,75,75,75,75,75,75,75,75,75],"card_choices":[{"not_picked":["Skim","Go for the Eyes"],"picked":"Rebound","floor":1},{"not_picked":["Hologram","Rip and Tear"],"picked":"Rebound","floor":4},{"not_picked":["Rebound","Compile Driver"],"picked":"Gash","floor":5},{"not_picked":["Conserve Battery","Rebound"],"picked":"Turbo","floor":7},{"not_picked":["Lockon","Coolheaded"],"picked":"Leap","floor":10},{"not_picked":["Redo","Blizzard"],"picked":"Multi-Cast","floor":12},{"not_picked":["Barrage","Stack"],"picked":"Go for the Eyes","floor":14}],"player_experience":426725,"relics_obtained":[{"floor":7,"key":"The Courier"},{"floor":9,"key":"Anchor"},{"floor":12,"key":"Ancient Tea Set"}],"event_choices":[{"event_name":"Shining Light","player_choice":"Entered Light","floor":3,"damage_taken":0}],"boss_relics":[],"items_purged_floors":[],"is_endless":false,"potions_floor_spawned":[4,10],"killed_by":"The Guardian","ascension_level":7}