{"gold_per_floor":[212,212,212,222,54,80,80,96,123,123,139,214,232,244,244,244],"floor_reached":16,"playtime":591,"items_purged":["Strike_R"],"score":102,"play_id":"da0dcb0b-465b-4910-b0dc-99ef2b2c98be","local_time":"20190202234923","is_ascension_mode":false,"campfire_choices":[{"floor":10,"key":"RECALL"},{"data":"Demon Form","floor":15,"key":"SMITH"}],"neow_cost":"NONE","seed_source_timestamp":110062647036492,"circlet_count":0,"master_deck":["Strike_R","Strike_R","Strike_R","Strike_R","Defend_R","Defend_R","Defend_R","Defend_R","Bash","Iron Wave","Battle Trance","Twin Strike","Armaments","Pommel Strike","Demon Form+1","Twin Strike","Twin Strike","Flame Barrier"],"relics":["Burning Blood","Juzu Bracelet"],"potions_floor_usage":[],"damage_taken":[{"damage":4,"enemies":"Jaw Worm","floor":1,"turns":5},{"damage":5,"enemies":"Cultist","floor":4,"turns":4},{"damage":29,"enemies":"3 Sentries","floor":6,"turns":9},{"damage":0,"enemies":"2 Louse","floor":8,"turns":3},{"damage":22,"enemies":"Exordium Thugs","floor":11,"turns":5},{"damage":9,"enemies":"3 Louse","floor":13,"turns":5},{"damage":6,"enemies":"Exordium Wildlife","floor":14,"turns":3},{"damage":37,"enemies":"Slime Boss","floor":16,"turns":9}],"seed_played":"-3555805710664181635","potions_obtained":[{"floor":6,"key":"SteroidPotion"},{"floor":13,"key":"SpeedPotion"},{"floor":14,"key":"Dexterity Potion"}],"is_trial":false,"path_per_floor":["M","?","?","M","$","E","$","M","T","R","M","?","M","M","R","B"],"character_chosen":"IRONCLAD","items_purchased":["Twin Strike","Armaments"],"campfire_rested":0,"item_purchase_floors":[5,5],"current_hp_per_floor":[80,80,80,80,80,57,57,63,63,63,47,36,33,33,33,0],"gold":244,"neow_bonus":"HUNDRED_GOLD","is_prod":false,"is_daily":false,"chose_seed":false,"campfire_upgraded":1,"win_rate":0,"timestamp":1549122563,"path_taken":["M","?","?","?","$","E","$","M","T","R","M","?","M","M","R","BOSS"],"build_version":"2019-01-23","purchased_purges":1,"victory":false,"max_hp_per_floor":[80,80,80,80,80,80,80,80,80,80,80,80,80,80,80,80],"card_choices":[{"not_picked":["Thunderclap","Intimidate"],"picked":"Iron Wave","floor":1},{"not_picked":["Warcry","Clash"],"picked":"Battle Trance","floor":4},{"not_picked":["Intimidate","Havoc"],"picked":"Pommel Strike","floor":6},{"not_picked":["Ghostly Armor","Heavy Blade"],"picked":"Demon Form","floor":8},{"not_picked":["Dropkick","Clothesline"],"picked":"Twin Strike","floor":11},{"not_picked":["Perfected Strike","Thunderclap"],"picked":"Twin Strike","floor":13},{"not_picked":["Wild Strike","Rupture"],"picked":"Flame Barrier","floor":14}],"player_experience":177307,"relics_obtained":[{"floor":6,"key":"Juzu Bracelet"}],"event_choices":[{"damage_healed":0,"gold_gain":0,"player_choice":"Ignored","damage_taken":0,"max_hp_gain":0,"max_hp_loss":0,"event_name":"Shining Light","floor":2,"gold_loss":0},{"damage_healed":0,"gold_gain":0,"player_choice":"Bought 0 Potions","damage_taken":0,"max_hp_gain":0,"max_hp_loss":0,"event_name":"The Woman in Blue","floor":3,"gold_loss":0},{"damage_healed":0,"gold_gain":75,"player_choice":"Gather Gold","damage_taken":11,"max_hp_gain":0,"max_hp_loss":0,"event_name":"World of Goop","floor":12,"gold_loss":0}],"is_beta":false,"boss_relics":[],"items_purged_floors":[5],"is_endless":false,"potions_floor_spawned":[6,13,14],"killed_by":"Slime Boss","ascension_level":0}