{"gold_per_floor":[110,35,110,110,120,152,152,171,171,171,186,201,201,213,213,213],"floor_reached":16,"playtime":945,"items_purged":["Defend_B"],"score":143,"play_id":"fc4391ac-5d55-4b53-936a-47c242fe3593","local_time":"20180728173309","is_ascension_mode":true,"campfire_choices":[{"floor":7,"key":"REST"},{"floor":10,"key":"REST"},{"floor":13,"key":"REST"},{"data":"Streamline","floor":15,"key":"SMITH"}],"neow_cost":"NONE","seed_source_timestamp":31610638964605,"circlet_count":0,"master_deck":["Strike_B","Strike_B","Strike_B","Defend_B+1","Defend_B+1","Defend_B","Zap","Dualcast","Leap","Rebound","Leap","Redo","Streamline+1","Multi-Cast","Melter","Double Energy"],"relics":["Cracked Core","War Paint","Meat on the Bone","Mummified Hand"],"potions_floor_usage":[6,11],"damage_taken":[{"damage":0,"enemies":"2 Louse","floor":1,"turns":3},{"damage":6,"enemies":"Cultist","floor":5,"turns":4},{"damage":19,"enemies":"Lagavulin","floor":6,"turns":6},{"damage":0,"enemies":"Small Slimes","floor":8,"turns":3},{"damage":18,"enemies":"Gremlin Gang","floor":11,"turns":4},{"damage":20,"enemies":"Lots of Slimes","floor":12,"turns":4},{"damage":11,"enemies":"Exordium Wildlife","floor":14,"turns":3},{"damage":65,"enemies":"Hexaghost","floor":16,"turns":9}],"seed_played":"3633827060590953187","potions_obtained":[{"floor":5,"key":"FocusPotion"},{"floor":8,"key":"Fire Potion"}],"is_trial":false,"path_per_floor":["M","$","?","?","M","E","R","M","T","R","M","M","R","M","R"],"character_chosen":"DEFECT","items_purchased":[],"campfire_rested":3,"item_purchase_floors":[],"current_hp_per_floor":[68,68,57,57,51,32,54,54,54,75,57,49,71,60,60,0],"gold":213,"neow_bonus":"RANDOM_COMMON_RELIC","is_prod":false,"is_daily":false,"chose_seed":false,"campfire_upgraded":1,"win_rate":0,"timestamp":1532813589,"path_taken":["M","$","?","?","M","E","R","?","T","R","M","M","R","M","R","BOSS"],"build_version":"2018-07-26","purchased_purges":1,"victory":false,"max_hp_per_floor":[75,75,75,75,75,75,75,75,75,75,75,75,75,75,75,75],"card_choices":[{"not_picked":["Skim","Beam Cell"],"picked":"Leap","floor":1},{"not_picked":["Undo","Rebound"],"picked":"Leap","floor":5},{"not_picked":["Gash","Chill"],"picked":"Redo","floor":6},{"not_picked":["Leap","Steam"],"picked":"Streamline","floor":8},{"not_picked":["Rebound","Streamline"],"picked":"Multi-Cast","floor":11},{"not_picked":["Beam Cell","Leap"],"picked":"Melter","floor":12},{"not_picked":["Sweeping Beam","Turbo"],"picked":"Double Energy","floor":14}],"player_experience":536689,"relics_obtained":[{"floor":6,"key":"Meat on the Bone"},{"floor":9,"key":"Mummified Hand"}],"event_choices":[{"event_name":"World of Goop","player_choice":"Gather Gold","floor":3,"damage_taken":0},{"event_name":"Transmorgrifier","player_choice":"Transform","floor":4,"damage_taken":0}],"is_beta":false,"boss_relics":[],"items_purged_floors":[2],"is_endless":false,"potions_floor_spawned":[5,8],"killed_by":"Hexaghost","ascension_level":8}