{"gold_per_floor":[15,30,30,41,56,56,10,21,46,46,1,1,1,17,17,117,117,128,128,138,14,14,14,14,14,39,39,50,60,60,77,77,77],"floor_reached":33,"playtime":2633,"items_purged":["Defend_B"],"score":332,"play_id":"b3cdaabf-5a75-49a1-9ad3-365b31e61bcd","local_time":"20180810182109","is_ascension_mode":true,"campfire_choices":[{"data":"Zap","floor":6,"key":"SMITH"},{"floor":12,"key":"REST"},{"data":"Sunder","floor":15,"key":"SMITH"},{"data":"Gash","floor":23,"key":"SMITH"},{"floor":27,"key":"REST"},{"floor":30,"key":"REST"},{"floor":32,"key":"REST"}],"neow_cost":"NO_GOLD","seed_source_timestamp":955451333940,"circlet_count":0,"master_deck":["Strike_B","Strike_B","Strike_B","Strike_B","Defend_B","Defend_B","Defend_B","Zap+1","Dualcast+1","All For One","Go for the Eyes","Sunder+1","Steam","Scrape","Hologram","Defragment","Reboot","Coolheaded","Coolheaded","Steam","Steam","Redo+1","Gash+1","BootSequence","White Noise"],"relics":["Cracked Core","Bronze Scales","Orrery","Centennial Puzzle","Nilry\u0027s Codex","Mercury Hourglass","DataDisk"],"potions_floor_usage":[16,16,16],"damage_taken":[{"damage":1,"enemies":"Cultist","floor":1,"turns":3},{"damage":2,"enemies":"Jaw Worm","floor":2,"turns":3},{"damage":1,"enemies":"2 Louse","floor":4,"turns":2},{"damage":0,"enemies":"Exordium Thugs","floor":5,"turns":3},{"damage":3,"enemies":"Exordium Wildlife","floor":8,"turns":2},{"damage":7,"enemies":"Blue Slaver","floor":14,"turns":2},{"damage":26,"enemies":"Hexaghost","floor":16,"turns":6},{"damage":8,"enemies":"3 Byrds","floor":18,"turns":3},{"damage":7,"enemies":"Shell Parasite","floor":20,"turns":6},{"damage":18,"enemies":"Snake Plant","floor":28,"turns":3},{"damage":10,"enemies":"3 Cultists","floor":29,"turns":4},{"damage":27,"enemies":"Snecko","floor":31,"turns":5},{"damage":63,"enemies":"Collector","floor":33,"turns":15}],"seed_played":"3857408938464625505","potions_obtained":[{"floor":5,"key":"Swift Potion"},{"floor":8,"key":"Dexterity Potion"},{"floor":14,"key":"LiquidBronze"}],"is_trial":false,"path_per_floor":["M","M","?","M","M","R","$","M","T","?","$","R","$","M","R","B",null,"M","?","M","$","?","R","?","T","T","R","M","M","R","M","R"],"character_chosen":"DEFECT","items_purchased":["Steam","Hologram","Gash"],"campfire_rested":4,"item_purchase_floors":[7,11,21],"current_hp_per_floor":[67,65,58,57,57,57,57,54,54,54,54,75,75,68,68,42,67,59,59,52,52,52,52,36,36,36,58,40,30,52,25,47,0],"gold":77,"neow_bonus":"THREE_RARE_CARDS","is_prod":false,"is_daily":false,"chose_seed":false,"campfire_upgraded":3,"win_rate":0,"timestamp":1533939669,"path_taken":["M","?","?","M","M","R","$","M","T","?","$","R","?","M","R","BOSS","M","?","M","$","?","R","?","?","T","R","M","M","R","M","R","BOSS"],"build_version":"2018-08-09","purchased_purges":1,"victory":false,"max_hp_per_floor":[75,75,75,75,75,75,75,75,75,75,75,75,75,75,75,75,75,75,75,75,75,75,75,75,75,75,75,75,75,75,75,75,75],"card_choices":[{"not_picked":["Rainbow","Machine Learning"],"picked":"All For One","floor":0},{"not_picked":["Streamline","Barrage","Genetic Algorithm"],"picked":"SKIP","floor":1},{"not_picked":["Cold Snap","Sweeping Beam"],"picked":"Go for the Eyes","floor":2},{"not_picked":["Streamline","Rebound"],"picked":"Sunder","floor":4},{"not_picked":["Auto Shields","Doom and Gloom","Stack"],"picked":"SKIP","floor":5},{"not_picked":["Auto Shields","Doom and Gloom","Stack"],"picked":"SKIP","floor":5},{"not_picked":["White Noise","Leap"],"picked":"Scrape","floor":8},{"not_picked":["White Noise","Barrage"],"picked":"Defragment","floor":14},{"not_picked":["Core Surge","Rainbow"],"picked":"Reboot","floor":16},{"not_picked":["Turbo","Ball Lightning"],"picked":"Coolheaded","floor":17},{"not_picked":["Auto Shields","Steam Power"],"picked":"Coolheaded","floor":17},{"not_picked":["Capacitor","Coolheaded"],"picked":"Steam","floor":17},{"not_picked":["Stack","Aggregate"],"picked":"Steam","floor":17},{"not_picked":["Compile Driver+1","Melter"],"picked":"Redo+1","floor":18},{"not_picked":["Rebound","Cold Snap+1","Redo"],"picked":"SKIP","floor":20},{"not_picked":["Skim","Heatsinks","Compile Driver+1"],"picked":"SKIP","floor":28},{"not_picked":["Leap+1","Static Discharge"],"picked":"BootSequence","floor":29},{"not_picked":["Stack","Capacitor+1"],"picked":"White Noise","floor":31}],"player_experience":677003,"relics_obtained":[{"floor":9,"key":"Bronze Scales"},{"floor":24,"key":"Nilry\u0027s Codex"},{"floor":25,"key":"Mercury Hourglass"},{"floor":26,"key":"DataDisk"}],"event_choices":[{"event_name":"Wheel of Change","player_choice":"Damage","floor":3,"damage_taken":0},{"event_name":"Upgrade Shrine","player_choice":"Upgraded","floor":10,"damage_taken":0},{"event_name":"The Mausoleum","player_choice":"Yes","floor":19,"damage_taken":0},{"event_name":"Addict","player_choice":"Ignored","floor":22,"damage_taken":0},{"event_name":"Cursed Tome","player_choice":"Obtained Book","floor":24,"damage_taken":0}],"is_beta":false,"boss_relics":[{"not_picked":["White Beast Statue","Astrolabe"],"picked":"Orrery"}],"items_purged_floors":[21],"is_endless":false,"potions_floor_spawned":[5,8,14],"killed_by":"Collector","ascension_level":8}