{"gold_per_floor":[118,68,78,95,107,107,123,142,165,185,197,229,19,34,34,136,136,154,154],"floor_reached":19,"playtime":1138,"items_purged":["Strike_B"],"score":175,"play_id":"edf52f8f-aa0c-494d-9c01-54b8d9b5cd7c","local_time":"20190210124907","is_ascension_mode":false,"campfire_choices":[{"data":"Zap","floor":6,"key":"SMITH"},{"data":"Loop","floor":15,"key":"SMITH"}],"neow_cost":"NONE","seed_source_timestamp":584932793444013,"circlet_count":0,"master_deck":["Strike_B","Strike_B","Defend_B","Defend_B","Defend_B","Defend_B","Zap+1","Dualcast","Ball Lightning","Steam","Self Repair","Hologram","Capacitor","Cold Snap","Go for the Eyes","BootSequence","Genetic Algorithm","All For One","Auto Shields","Loop+1","Seek","Conserve Battery+1"],"relics":["Cracked Core","NeowsBlessing","Juzu Bracelet","The Courier","Inserter"],"potions_floor_usage":[5,12,16,18,19,19],"damage_taken":[{"damage":0,"enemies":"2 Louse","floor":1,"turns":1},{"damage":0,"enemies":"Jaw Worm","floor":3,"turns":1},{"damage":0,"enemies":"Cultist","floor":4,"turns":1},{"damage":10,"enemies":"Large Slime","floor":5,"turns":7},{"damage":8,"enemies":"Lots of Slimes","floor":7,"turns":4},{"damage":22,"enemies":"Gremlin Gang","floor":8,"turns":3},{"damage":4,"enemies":"3 Louse","floor":10,"turns":4},{"damage":0,"enemies":"2 Fungi Beasts","floor":11,"turns":4},{"damage":22,"enemies":"Gremlin Nob","floor":12,"turns":5},{"damage":0,"enemies":"Exordium Wildlife","floor":14,"turns":5},{"damage":22,"enemies":"Hexaghost","floor":16,"turns":11},{"damage":20,"enemies":"Spheric Guardian","floor":18,"turns":6},{"damage":78,"enemies":"Masked Bandits","floor":19,"turns":5}],"seed_played":"7444198427587524393","potions_obtained":[{"floor":4,"key":"EntropicBrew"},{"floor":12,"key":"SpeedPotion"},{"floor":16,"key":"Explosive Potion"}],"is_trial":false,"path_per_floor":["M","?","M","M","M","R","M","M","T","M","M","E","$","M","R","B",null,"M","?"],"character_chosen":"DEFECT","items_purchased":["All For One","Auto Shields"],"campfire_rested":0,"item_purchase_floors":[13,13],"current_hp_per_floor":[75,75,75,75,72,72,71,49,49,45,52,42,42,49,49,34,75,62,0],"gold":154,"neow_bonus":"THREE_ENEMY_KILL","is_prod":false,"is_daily":false,"chose_seed":false,"campfire_upgraded":2,"win_rate":0,"timestamp":1549799347,"path_taken":["M","?","M","M","M","R","M","M","T","M","M","E","$","M","R","BOSS","M","?"],"build_version":"2019-01-23","purchased_purges":1,"victory":false,"max_hp_per_floor":[75,75,75,75,75,75,75,75,75,75,75,75,75,75,75,75,75,75,75],"card_choices":[{"not_picked":["Stack","Capacitor"],"picked":"Ball Lightning","floor":1},{"not_picked":["Ball Lightning","Barrage"],"picked":"Steam","floor":3},{"not_picked":["Cold Snap","Compile Driver"],"picked":"Self Repair","floor":4},{"not_picked":["Scrape","Go for the Eyes"],"picked":"Hologram","floor":5},{"not_picked":["Hologram","Rebound"],"picked":"Capacitor","floor":7},{"not_picked":["Undo","Chaos"],"picked":"Cold Snap","floor":8},{"not_picked":["Sweeping Beam","Redo"],"picked":"Go for the Eyes","floor":10},{"not_picked":["Streamline","Recycle"],"picked":"BootSequence","floor":11},{"not_picked":["Barrage","Fusion"],"picked":"Genetic Algorithm","floor":12},{"not_picked":["Beam Cell","Redo"],"picked":"Loop","floor":14},{"not_picked":["Multi-Cast","Machine Learning"],"picked":"Seek","floor":16},{"not_picked":["Rebound","Go for the Eyes"],"picked":"Conserve Battery+1","floor":18}],"player_experience":103995,"relics_obtained":[{"floor":9,"key":"Juzu Bracelet"},{"floor":12,"key":"The Courier"}],"event_choices":[{"cards_removed":["Strike_B"],"damage_healed":0,"gold_gain":0,"player_choice":"Card Removal","damage_taken":0,"max_hp_gain":0,"max_hp_loss":0,"event_name":"The Cleric","floor":2,"gold_loss":50},{"damage_healed":0,"gold_gain":0,"player_choice":"Fought Bandits","damage_taken":0,"max_hp_gain":0,"max_hp_loss":0,"event_name":"Masked Bandits","floor":19,"gold_loss":0}],"is_beta":false,"boss_relics":[{"not_picked":["Runic Pyramid","Ectoplasm"],"picked":"Inserter"}],"items_purged_floors":[13],"is_endless":false,"potions_floor_spawned":[4,10,11,12,16],"killed_by":"Masked Bandits","ascension_level":0}