{"gold_per_floor":[114,132,147,147,158,158,190,190,190,208,158,158,187,187,187,286,336,336],"floor_reached":18,"playtime":595,"items_purged":[],"score":170,"play_id":"69905759-472b-4205-a3e3-47be8069baa1","local_time":"20181014171126","is_ascension_mode":false,"campfire_choices":[{"data":"Uppercut","floor":6,"key":"SMITH"},{"data":"Bash","floor":8,"key":"SMITH"},{"data":"Cleave","floor":12,"key":"SMITH"},{"data":"Wild Strike","floor":15,"key":"SMITH"}],"neow_cost":"NONE","seed_source_timestamp":1249266214894,"circlet_count":0,"master_deck":["Strike_R","Strike_R","Strike_R","Defend_R","Defend_R","Defend_R","Defend_R","Bash+1","Wild Strike+1","Headbutt+1","Wild Strike","Uppercut+1","Cleave+1","Dropkick+1","Impervious"],"relics":["Burning Blood","Oddly Smooth Stone","Juzu Bracelet","Dream Catcher","Blue Candle","Tiny House"],"potions_floor_usage":[13],"damage_taken":[{"damage":7,"enemies":"2 Louse","floor":1,"turns":3},{"damage":6,"enemies":"Cultist","floor":2,"turns":3},{"damage":5,"enemies":"Jaw Worm","floor":3,"turns":2},{"damage":7,"enemies":"Blue Slaver","floor":5,"turns":3},{"damage":14,"enemies":"Lagavulin","floor":7,"turns":6},{"damage":10,"enemies":"Lots of Slimes","floor":10,"turns":4},{"damage":15,"enemies":"3 Sentries","floor":13,"turns":4},{"damage":41,"enemies":"The Guardian","floor":16,"turns":13},{"damage":7,"enemies":"3 Byrds","floor":18,"turns":4}],"seed_played":"2968930218079221825","potions_obtained":[{"floor":2,"key":"Regen Potion"},{"floor":5,"key":"Explosive Potion"},{"floor":13,"key":"AttackPotion"},{"floor":17,"key":"EssenceOfSteel"}],"is_trial":false,"path_per_floor":["M","M","M","?","M","R","E","R","T","M","?","R","E","?","R","B",null],"character_chosen":"IRONCLAD","items_purchased":[],"campfire_rested":0,"item_purchase_floors":[],"current_hp_per_floor":[79,79,80,80,79,79,71,71,71,67,67,67,58,58,58,23,85,78],"gold":336,"neow_bonus":"RANDOM_COMMON_RELIC","is_prod":false,"is_daily":false,"chose_seed":false,"campfire_upgraded":4,"win_rate":0,"timestamp":1539533486,"path_taken":["M","M","M","?","M","R","E","R","T","M","?","R","E","?","R","BOSS","M"],"build_version":"2018-10-11","purchased_purges":0,"victory":false,"max_hp_per_floor":[80,80,80,80,80,80,80,80,80,80,80,80,80,80,80,80,85,85],"card_choices":[{"not_picked":["Warcry","Sever Soul"],"picked":"Wild Strike","floor":1},{"not_picked":["Seeing Red","Havoc"],"picked":"Headbutt","floor":2},{"not_picked":["Anger","Havoc","Headbutt"],"picked":"SKIP","floor":3},{"not_picked":["Bloodletting","Clash"],"picked":"Uppercut","floor":5},{"not_picked":["Barricade","Dark Embrace","Fire Breathing"],"picked":"SKIP","floor":7},{"not_picked":["Anger","Iron Wave"],"picked":"Cleave","floor":10},{"not_picked":["Pummel","True Grit"],"picked":"Dropkick","floor":13},{"not_picked":["Fiend Fire","Feed"],"picked":"Impervious","floor":16}],"player_experience":699152,"relics_obtained":[{"floor":7,"key":"Juzu Bracelet"},{"floor":9,"key":"Dream Catcher"},{"floor":13,"key":"Blue Candle"}],"event_choices":[{"event_name":"Transmorgrifier","player_choice":"Transform","floor":4,"damage_taken":0},{"event_name":"The Cleric","player_choice":"Card Removal","floor":11,"damage_taken":0},{"event_name":"Living Wall","player_choice":"Grow","floor":14,"damage_taken":0}],"is_beta":false,"boss_relics":[{"not_picked":["Lizard Tail","Snecko Eye"],"picked":"Tiny House"}],"items_purged_floors":[],"is_endless":false,"potions_floor_spawned":[2,5,13],"killed_by":"3 Byrds","ascension_level":0}