{"gold_per_floor":[117,137,151,162,177,211,66,28,40,87,99,170,182,205,217,330,342,366,395,426,452,478,516,528,566,578,607,619,654,679,711,723,839,851,882,241,241,241,259,292,305,338,338,121,121,141,152,152,152,152],"floor_reached":51,"playtime":4145,"items_purged":["Defend_B","Parasite"],"score":798,"play_id":"85520f5e-dcaa-4dda-a3cf-f34f4118bd33","local_time":"20181207103719","is_ascension_mode":false,"campfire_choices":[{"floor":13.0,"key":"REST"},{"data":"Zap","floor":15.0,"key":"SMITH"},{"floor":24.0,"key":"REST"},{"floor":28.0,"key":"REST"},{"data":"Fission","floor":32.0,"key":"SMITH"},{"floor":45,"key":"REST"},{"floor":49,"key":"REST"}],"neow_cost":"NONE","seed_source_timestamp":478511711087807,"circlet_count":0,"master_deck":["Strike_B","Strike_B","Strike_B","Defend_B","Defend_B","Defend_B","Zap+1","Dualcast","Ball Lightning","Conserve Battery+1","Leap","Sweeping Beam","Conserve Battery","Biased Cognition","Chill","Gash","Machine Learning","Defragment","Redo","Ball Lightning","Fission+1","Go for the Eyes","Capacitor","Scrape","Go for the Eyes+1","Buffer+1","Beam Cell","Machine Learning+1","Coolheaded","Stack+1","Mind Blast","FTL+1","Blizzard+1","Beam Cell","Cold Snap","Defragment+1","Coolheaded+1","Heatsinks+1","Beam Cell","Scrape+1"],"special_seed":0,"relics":["Cracked Core","Centennial Puzzle","Dodecahedron","MawBank","Pear","Shuriken","Kunai","Tiny Chest","Sozu","Ice Cream","Bronze Scales","Frozen Egg 2","Anchor","Fusion Hammer","Strawberry","Bird Faced Urn","WingedGreaves","Pantograph","Boot","War Paint","Dream Catcher"],"potions_floor_usage":[50,50],"damage_taken":[{"damage":0.0,"enemies":"Cultist","floor":1.0,"turns":4.0},{"damage":2.0,"enemies":"Small Slimes","floor":2.0,"turns":3.0},{"damage":0.0,"enemies":"Jaw Worm","floor":3.0,"turns":4.0},{"damage":16.0,"enemies":"Gremlin Gang","floor":4.0,"turns":5.0},{"damage":6.0,"enemies":"3 Louse","floor":5.0,"turns":3.0},{"damage":21.0,"enemies":"3 Sentries","floor":6.0,"turns":6.0},{"damage":10.0,"enemies":"Lagavulin","floor":10.0,"turns":7.0},{"damage":14.0,"enemies":"Gremlin Nob","floor":12.0,"turns":3.0},{"damage":1.0,"enemies":"Red Slaver","floor":14.0,"turns":2.0},{"damage":20.0,"enemies":"Hexaghost","floor":16.0,"turns":10.0},{"damage":10.0,"enemies":"Shell Parasite","floor":18.0,"turns":5.0},{"damage":0.0,"enemies":"Spheric Guardian","floor":19.0,"turns":3.0},{"damage":10.0,"enemies":"Centurion and Healer","floor":20.0,"turns":8.0},{"damage":11.0,"enemies":"Snecko","floor":21.0,"turns":7.0},{"damage":5.0,"enemies":"Chosen and Byrds","floor":22.0,"turns":5.0},{"damage":17.0,"enemies":"Book of Stabbing","floor":23.0,"turns":6.0},{"damage":23.0,"enemies":"Slavers","floor":25.0,"turns":8.0},{"damage":7.0,"enemies":"Centurion and Healer","floor":27.0,"turns":5.0},{"damage":6.0,"enemies":"Snecko","floor":30.0,"turns":6.0},{"damage":4.0,"enemies":"3 Cultists","floor":31.0,"turns":5.0},{"damage":22.0,"enemies":"Collector","floor":33.0,"turns":9.0},{"damage":9.0,"enemies":"3 Darklings","floor":35.0,"turns":4.0},{"damage":0.0,"enemies":"Orb Walker","floor":39.0,"turns":2.0},{"damage":5.0,"enemies":"Nemesis","floor":40.0,"turns":7.0},{"damage":9.0,"enemies":"Writhing Mass","floor":41.0,"turns":4.0},{"damage":0.0,"enemies":"Giant Head","floor":42.0,"turns":8.0},{"damage":17,"enemies":"Spire Growth","floor":46,"turns":4},{"damage":2,"enemies":"4 Shapes","floor":47,"turns":4},{"damage":53,"enemies":"Time Eater","floor":50,"turns":8}],"seed_played":"-8460663674193710723","potions_obtained":[{"floor":3.0,"key":"Regen Potion"},{"floor":5.0,"key":"Block Potion"},{"floor":6.0,"key":"FocusPotion"},{"floor":12.0,"key":"EssenceOfSteel"},{"floor":16.0,"key":"Dexterity Potion"}],"is_trial":false,"path_per_floor":["M","M","M","M","M","E","$","?","T","E","?","E","R","M","R","B",null,"M","M","M","M","M","E","R","E","T","M","R","T","M","M","R","B",null,"M","$","T","T","M","E","M","E","T","$","R","M","M","?","R","B",null],"character_chosen":"DEFECT","items_purchased":["MawBank","Stack","Strawberry","Bird Faced Urn","Mind Blast","Cold Snap","Defragment+1"],"campfire_rested":5,"item_purchase_floors":[7,36,36,36,36,44,44],"current_hp_per_floor":[75,73,73,69,63,42,42,42,52,42,42,28,53,52,52,32,85,75,75,65,54,49,32,57,34,34,27,52,52,46,42,42,20,85,76,83,83,83,91,92,89,92,92,89,89,78,89,89,89,48],"gold":152,"neow_bonus":"RANDOM_COMMON_RELIC","is_prod":false,"is_daily":false,"chose_seed":false,"campfire_upgraded":2,"win_rate":0.0,"timestamp":1544207839,"path_taken":["M","M","M","M","M","E","?","?","T","E","?","E","R","M","R","BOSS","M","M","M","M","M","E","R","E","T","M","R","?","?","M","R","BOSS","M","$","?","?","M","E","M","E","T","$","R","?","M","?","R","BOSS"],"build_version":"2018-12-06","purchased_purges":2,"victory":true,"max_hp_per_floor":[75,75,75,75,75,75,75,75,85,85,85,85,85,85,85,85,85,85,85,85,85,85,85,85,85,85,85,85,85,85,85,85,85,85,85,92,92,92,92,92,92,92,92,89,89,89,89,89,89,89],"card_choices":[{"not_picked":["Leap","Streamline"],"picked":"Ball Lightning","floor":1.0},{"not_picked":["Force Field","Hologram"],"picked":"Conserve Battery","floor":2.0},{"not_picked":["Coolheaded","Static Discharge"],"picked":"Aggregate","floor":3.0},{"not_picked":["Skim","Blizzard"],"picked":"Leap","floor":4.0},{"not_picked":["Seek","Hologram"],"picked":"Sweeping Beam","floor":5.0},{"not_picked":["Compile Driver","Rip and Tear"],"picked":"Conserve Battery","floor":6.0},{"not_picked":["Redo","Beam Cell"],"picked":"Biased Cognition","floor":10.0},{"not_picked":["Stack","Compile Driver"],"picked":"Chill","floor":12.0},{"not_picked":["Cold Snap","Barrage"],"picked":"Gash","floor":14.0},{"not_picked":["Rainbow","Amplify"],"picked":"Machine Learning","floor":16.0},{"not_picked":["Steam+1","Loop"],"picked":"Defragment","floor":18.0},{"not_picked":["Leap","Storm"],"picked":"Redo","floor":19.0},{"not_picked":["Self Repair","Reprogram"],"picked":"Ball Lightning","floor":20.0},{"not_picked":["Compile Driver+1","Aggregate"],"picked":"Fission","floor":21.0},{"not_picked":["Redo","Streamline"],"picked":"Go for the Eyes","floor":22.0},{"not_picked":["Conserve Battery","Heatsinks"],"picked":"Capacitor","floor":23.0},{"not_picked":["Defragment","Gash"],"picked":"Scrape","floor":25.0},{"not_picked":["White Noise+1","Leap"],"picked":"Go for the Eyes+1","floor":27.0},{"not_picked":["Glacier","Go for the Eyes+1"],"picked":"Buffer+1","floor":30.0},{"not_picked":["Coolheaded","Steam"],"picked":"Beam Cell","floor":31.0},{"not_picked":["Multi-Cast","Reboot"],"picked":"Machine Learning+1","floor":33.0},{"not_picked":["Darkness","Leap"],"picked":"Coolheaded","floor":35.0},{"not_picked":["Self Repair+1","Conserve Battery+1"],"picked":"FTL+1","floor":39.0},{"not_picked":["Auto Shields","Self Repair+1"],"picked":"Blizzard+1","floor":40.0},{"not_picked":["Reprogram","Conserve Battery","Streamline+1"],"picked":"SKIP","floor":41.0},{"not_picked":["Leap+1","Buffer+1"],"picked":"Beam Cell","floor":42.0},{"not_picked":["Go for the Eyes","Leap+1"],"picked":"Coolheaded+1","floor":45},{"not_picked":["Compile Driver","BootSequence"],"picked":"Heatsinks+1","floor":46},{"not_picked":["Steam+1","Barrage+1"],"picked":"Beam Cell","floor":47},{"not_picked":["Ball Lightning+1","Conserve Battery+1"],"picked":"Scrape+1","floor":49}],"player_experience":162353,"relics_obtained":[{"floor":6.0,"key":"Dodecahedron"},{"floor":9.0,"key":"Pear"},{"floor":10.0,"key":"Shuriken"},{"floor":12.0,"key":"Tiny Chest"},{"floor":23.0,"key":"Ice Cream"},{"floor":25.0,"key":"Bronze Scales"},{"floor":26.0,"key":"Frozen Egg 2"},{"floor":29.0,"key":"Anchor"},{"floor":37.0,"key":"WingedGreaves"},{"floor":38.0,"key":"Pantograph"},{"floor":40.0,"key":"Boot"},{"floor":42.0,"key":"War Paint"},{"floor":43.0,"key":"Dream Catcher"}],"event_choices":[{"cards_removed":["Strike_B"],"damage_healed":0.0,"max_hp_gain":0.0,"max_hp_loss":0.0,"gold_gain":0.0,"event_name":"The Cleric","player_choice":"Card Removal","floor":8.0,"gold_loss":50.0,"damage_taken":0.0},{"cards_removed":["Aggregate"],"damage_healed":0.0,"max_hp_gain":0.0,"max_hp_loss":0.0,"gold_gain":0.0,"event_name":"WeMeetAgain","player_choice":"Gave Card","floor":11.0,"gold_loss":0.0,"damage_taken":0.0,"relics_obtained":["Kunai"]},{"damage_healed":0,"gold_gain":0,"player_choice":"Ignored","damage_taken":0,"max_hp_gain":0,"max_hp_loss":0,"event_name":"SecretPortal","floor":48,"gold_loss":0}],"is_beta":false,"boss_relics":[{"not_picked":["White Beast Statue","Runic Dome"],"picked":"Sozu"},{"not_picked":["Empty Cage","Lizard Tail"],"picked":"Fusion Hammer"}],"items_purged_floors":[36,44],"is_endless":false,"potions_floor_spawned":[3,5,6,12,16,19,20,25,30,35,40,41,46],"ascension_level":0}