{"gold_per_floor":[216,216,235,246,257,286,286,306,306,306,195,228,246,315,315,417,417,407,407,407,17,17,46,46,145,195,195,213,213,228,263,263,263],"floor_reached":33,"playtime":2337,"items_purged":["Strike_B"],"score":497,"play_id":"a22c050d-f60e-4a6f-bbd8-0c113e72767d","local_time":"20190115221124","is_ascension_mode":true,"campfire_choices":[{"data":"Defragment","floor":7,"key":"SMITH"},{"data":"Zap","floor":10,"key":"SMITH"},{"floor":15,"key":"REST"},{"floor":24,"key":"REST"},{"data":"Consume","floor":27,"key":"SMITH"},{"data":"Sunder","floor":29,"key":"SMITH"},{"floor":32,"key":"REST"}],"neow_cost":"NONE","seed_source_timestamp":475705066175686,"circlet_count":0,"master_deck":["Strike_B","Strike_B","Strike_B","Defend_B","Defend_B","Defend_B","Defend_B","Zap+1","Dualcast","Defragment+1","Compile Driver","Auto Shields","Glacier","Hologram","Chaos","Sunder+1","Coolheaded","Creative AI","Go for the Eyes","Coolheaded","Consume+1","Ball Lightning+1","Go for the Eyes+1"],"relics":["Cracked Core","Dodecahedron","Gremlin Horn","Centennial Puzzle","Snecko Eye","Blue Candle","Ornamental Fan","Runic Capacitor","Art of War","Bag of Marbles","PreservedInsect","Unceasing Top"],"potions_floor_usage":[6,6,12,16,31,33],"damage_taken":[{"damage":0,"enemies":"Small Slimes","floor":1,"turns":4},{"damage":1,"enemies":"Cultist","floor":3,"turns":3},{"damage":9,"enemies":"Jaw Worm","floor":4,"turns":4},{"damage":3,"enemies":"Blue Slaver","floor":5,"turns":5},{"damage":0,"enemies":"3 Sentries","floor":6,"turns":9},{"damage":0,"enemies":"Exordium Thugs","floor":8,"turns":4},{"damage":22,"enemies":"Gremlin Nob","floor":12,"turns":6},{"damage":6,"enemies":"Looter","floor":13,"turns":3},{"damage":20,"enemies":"Hexaghost","floor":16,"turns":9},{"damage":22,"enemies":"2 Thieves","floor":18,"turns":5},{"damage":19,"enemies":"Book of Stabbing","floor":23,"turns":6},{"damage":3,"enemies":"3 Byrds","floor":28,"turns":5},{"damage":0,"enemies":"Sentry and Sphere","floor":30,"turns":8},{"damage":0,"enemies":"Slavers","floor":31,"turns":3},{"damage":81,"enemies":"Collector","floor":33,"turns":5}],"seed_played":"2748863395587255438","potions_obtained":[{"floor":2,"key":"Fire Potion"},{"floor":2,"key":"FocusPotion"},{"floor":2,"key":"Block Potion"},{"floor":8,"key":"Block Potion"},{"floor":12,"key":"Fire Potion"},{"floor":16,"key":"FearPotion"},{"floor":18,"key":"SkillPotion"}],"is_trial":false,"path_per_floor":["M","?","M","M","M","E","R","M","T","R","$","E","M","?","R","B",null,"M","?","T","$","?","E","R","?","T","R","M","R","M","E","R","B"],"character_chosen":"DEFECT","items_purchased":["Chaos","Runic Capacitor","Art of War","Coolheaded"],"campfire_rested":3,"item_purchase_floors":[11,21,21,21],"current_hp_per_floor":[68,68,67,58,55,55,55,55,55,55,55,33,27,27,49,29,64,42,42,42,42,42,23,45,45,45,45,42,42,42,42,64,0],"gold":263,"neow_bonus":"HUNDRED_GOLD","is_prod":false,"is_daily":false,"chose_seed":false,"campfire_upgraded":4,"win_rate":0,"timestamp":1547619084,"path_taken":["M","?","?","M","M","E","R","M","T","R","$","E","M","?","R","BOSS","M","?","?","$","?","E","R","?","T","R","?","R","M","E","R","BOSS"],"build_version":"2019-01-10","purchased_purges":1,"victory":false,"max_hp_per_floor":[75,75,75,75,75,75,75,75,75,75,75,75,75,75,75,75,75,75,75,75,75,75,75,75,75,75,75,75,75,75,75,75,75],"card_choices":[{"not_picked":["Hologram","Compile Driver"],"picked":"Defragment","floor":1},{"not_picked":["Redo","Hello World"],"picked":"Compile Driver","floor":3},{"not_picked":["Conserve Battery","Redo"],"picked":"Auto Shields","floor":4},{"not_picked":["Reprogram","Beam Cell"],"picked":"Glacier","floor":5},{"not_picked":["FTL","Barrage"],"picked":"Hologram","floor":6},{"not_picked":["Hello World","Redo","Force Field"],"picked":"SKIP","floor":8},{"not_picked":["Steam","Aggregate"],"picked":"Sunder","floor":12},{"not_picked":["Static Discharge","Coolheaded","Streamline"],"picked":"SKIP","floor":13},{"not_picked":["Static Discharge","Streamline"],"picked":"Coolheaded","floor":13},{"not_picked":["Machine Learning","Electrodynamics"],"picked":"Creative AI","floor":16},{"not_picked":["Beam Cell","Blizzard"],"picked":"Go for the Eyes","floor":18},{"not_picked":["Self Repair","Barrage"],"picked":"Consume","floor":23},{"not_picked":["Doom and Gloom+1","Go for the Eyes","Beam Cell"],"picked":"SKIP","floor":28},{"not_picked":["Loop","FTL"],"picked":"Ball Lightning+1","floor":30},{"not_picked":["Streamline","Consume+1"],"picked":"Go for the Eyes+1","floor":31}],"player_experience":431871,"relics_obtained":[{"floor":6,"key":"Dodecahedron"},{"floor":9,"key":"Gremlin Horn"},{"floor":12,"key":"Centennial Puzzle"},{"floor":20,"key":"Ornamental Fan"},{"floor":23,"key":"Bag of Marbles"},{"floor":26,"key":"PreservedInsect"},{"floor":31,"key":"Unceasing Top"}],"event_choices":[{"damage_healed":0,"gold_gain":0,"player_choice":"Got Potions","damage_taken":0,"max_hp_gain":0,"max_hp_loss":0,"event_name":"Lab","floor":2,"gold_loss":0},{"damage_healed":0,"gold_gain":69,"player_choice":"Gained Gold","damage_taken":0,"max_hp_gain":0,"max_hp_loss":0,"event_name":"Golden Wing","floor":14,"gold_loss":0},{"damage_healed":0,"gold_gain":0,"player_choice":"Opened","damage_taken":0,"relics_obtained":["Blue Candle"],"max_hp_gain":0,"max_hp_loss":0,"event_name":"The Mausoleum","floor":19,"gold_loss":0},{"damage_healed":0,"gold_gain":0,"player_choice":"Ignored","damage_taken":0,"max_hp_gain":0,"max_hp_loss":0,"event_name":"Beggar","floor":22,"gold_loss":0},{"damage_healed":0,"gold_gain":99,"player_choice":"Stole From Cult","damage_taken":0,"max_hp_gain":0,"max_hp_loss":0,"event_name":"Nest","floor":25,"gold_loss":0}],"is_beta":false,"boss_relics":[{"not_picked":["Pandora\u0027s Box","Orrery"],"picked":"Snecko Eye"}],"items_purged_floors":[11],"is_endless":false,"potions_floor_spawned":[3,4,8,12,16,18],"killed_by":"Collector","ascension_level":9}