{"gold_per_floor":[117,117,117,42,57,77,408,408,408,426,426,439,439,258,258,361,361,375,390,409,429,443,443,443,475,499,513,513,548,548,579,579,675,675,685,202,212,115,132,132,148,167,167,217,217,243,465,465,465,465],"floor_reached":50,"playtime":1870,"items_purged":["Strike_B","Strike_B","Blizzard+1","Strike_B"],"score":638,"play_id":"a4b26fc1-f126-4bfb-9530-a1f7ba9e70cf","local_time":"20181214103728","is_ascension_mode":true,"campfire_choices":[{"data":"Zap","floor":8,"key":"SMITH"},{"data":"Beam Cell","floor":13,"key":"SMITH"},{"floor":15,"key":"REST"},{"floor":23,"key":"REST"},{"floor":28,"key":"REST"},{"floor":30,"key":"REST"},{"floor":32,"key":"REST"},{"floor":40,"key":"REST"},{"floor":45,"key":"REST"},{"floor":49,"key":"REST"}],"neow_cost":"PERCENT_DAMAGE","seed_source_timestamp":83077830404468,"circlet_count":0,"master_deck":["Strike_B","Defend_B","Defend_B","Defend_B","Defend_B","Zap+1","Dualcast","Leap","Ball Lightning","Sweeping Beam","Beam Cell+1","Melter+1","Doom and Gloom+1","Defragment","All For One+1","Go for the Eyes+1","Gash+1","Machine Learning","Go for the Eyes+1","Writhe","Go for the Eyes+1","Ball Lightning+1","Rebound+1","Leap+1","Electrodynamics","Sunder+1","Streamline+1","Streamline+1","Beam Cell+1","Beam Cell+1","Gash+1","Streamline+1","Beam Cell+1","Gash+1","Writhe"],"relics":["Cracked Core","Old Coin","Molten Egg 2","Fusion Hammer","Boot","Lantern","Smiling Mask","Red Mask","Ancient Tea Set","Runic Dome","Torii","Strawberry","Ice Cream","Pantograph"],"potions_floor_usage":[16,16,33,33,44,44,44,50],"damage_taken":[{"damage":1,"enemies":"Jaw Worm","floor":1,"turns":3},{"damage":0,"enemies":"Small Slimes","floor":5,"turns":3},{"damage":0,"enemies":"Cultist","floor":6,"turns":3},{"damage":26,"enemies":"3 Sentries","floor":7,"turns":6},{"damage":7,"enemies":"Exordium Thugs","floor":10,"turns":4},{"damage":0,"enemies":"Large Slime","floor":12,"turns":4},{"damage":28,"enemies":"Hexaghost","floor":16,"turns":6},{"damage":16,"enemies":"2 Thieves","floor":18,"turns":4},{"damage":5,"enemies":"Shell Parasite","floor":19,"turns":3},{"damage":12,"enemies":"Centurion and Healer","floor":20,"turns":4},{"damage":18,"enemies":"Snake Plant","floor":21,"turns":4},{"damage":0,"enemies":"Sentry and Sphere","floor":22,"turns":2},{"damage":46,"enemies":"Gremlin Leader","floor":25,"turns":6},{"damage":0,"enemies":"Cultist and Chosen","floor":27,"turns":3},{"damage":0,"enemies":"Masked Bandits","floor":29,"turns":2},{"damage":62,"enemies":"Slavers","floor":31,"turns":5},{"damage":33,"enemies":"Automaton","floor":33,"turns":8},{"damage":8,"enemies":"Orb Walker","floor":35,"turns":3},{"damage":19,"enemies":"3 Darklings","floor":37,"turns":3},{"damage":25,"enemies":"Jaw Worm Horde","floor":39,"turns":4},{"damage":34,"enemies":"4 Shapes","floor":41,"turns":4},{"damage":1,"enemies":"Maw","floor":42,"turns":6},{"damage":23,"enemies":"2 Orb Walkers","floor":44,"turns":3},{"damage":26,"enemies":"Nemesis","floor":46,"turns":6},{"damage":92,"enemies":"Time Eater","floor":50,"turns":8}],"seed_played":"2354253040745334621","potions_obtained":[{"floor":5,"key":"Strength Potion"},{"floor":7,"key":"Dexterity Potion"},{"floor":10,"key":"GamblersBrew"},{"floor":16,"key":"GamblersBrew"},{"floor":18,"key":"Swift Potion"},{"floor":29,"key":"Dexterity Potion"},{"floor":35,"key":"AttackPotion"},{"floor":39,"key":"Block Potion"},{"floor":41,"key":"Fire Potion"},{"floor":46,"key":"Swift Potion"}],"is_trial":false,"path_per_floor":["M","?","?","$","M","M","E","R","T","M","?","M","R","$","R","B",null,"M","M","M","M","M","R","?","E","T","M","R","?","R","E","R","B",null,"M","$","M","$","M","R","M","M","T","?","R","E","?","?","R","B"],"character_chosen":"DEFECT","items_purchased":["Defragment","Sunder+1","Torii","Streamline+1","Beam Cell+1"],"campfire_rested":8,"item_purchase_floors":[14,36,36,36,38],"current_hp_per_floor":[67,67,60,60,60,60,34,34,34,27,27,27,27,27,53,25,89,73,68,56,38,38,64,64,18,18,18,44,44,70,8,34,1,89,81,81,62,62,37,63,29,28,35,12,40,14,14,38,66,0],"gold":465,"neow_bonus":"TWENTY_PERCENT_HP_BONUS","is_prod":false,"is_daily":false,"chose_seed":false,"campfire_upgraded":2,"win_rate":0,"timestamp":1544755048,"path_taken":["M","?","?","?","M","M","E","R","T","M","?","?","R","$","R","BOSS","M","M","M","M","M","R","?","E","T","M","R","?","R","E","R","BOSS","M","$","M","$","M","R","M","M","T","?","R","E","?","?","R","BOSS"],"build_version":"2018-12-13","purchased_purges":4,"victory":false,"max_hp_per_floor":[89,89,89,89,89,89,89,89,89,89,89,89,89,89,89,89,89,89,89,89,89,89,89,89,89,89,89,89,89,89,89,89,89,89,89,89,89,89,89,89,89,89,96,96,96,96,96,96,96,96],"card_choices":[{"not_picked":["Chaos","Doom and Gloom"],"picked":"Leap","floor":1},{"not_picked":["Skim","Rebound"],"picked":"Ball Lightning","floor":5},{"not_picked":["Cold Snap","Aggregate"],"picked":"Sweeping Beam","floor":6},{"not_picked":["Turbo","Darkness"],"picked":"Beam Cell","floor":7},{"not_picked":["Stack","Self Repair"],"picked":"Melter+1","floor":10},{"not_picked":["Reinforced Body","Capacitor"],"picked":"Doom and Gloom+1","floor":12},{"not_picked":["Rainbow","Meteor Strike+1"],"picked":"All For One+1","floor":16},{"not_picked":["Barrage+1","Conserve Battery"],"picked":"Go for the Eyes+1","floor":18},{"not_picked":["Cold Snap+1","Go for the Eyes+1"],"picked":"Gash+1","floor":19},{"not_picked":["Hologram","Cold Snap+1"],"picked":"Machine Learning","floor":20},{"not_picked":["Turbo","Consume"],"picked":"Go for the Eyes+1","floor":21},{"not_picked":["Loop+1","Melter+1"],"picked":"Blizzard+1","floor":22},{"not_picked":["Capacitor","Self Repair"],"picked":"Go for the Eyes+1","floor":25},{"not_picked":["Go for the Eyes+1","Darkness+1"],"picked":"Ball Lightning+1","floor":27},{"not_picked":["Force Field+1","Undo"],"picked":"Rebound+1","floor":29},{"not_picked":["Lockon+1","Barrage+1"],"picked":"Leap+1","floor":31},{"not_picked":["Multi-Cast","Meteor Strike+1"],"picked":"Electrodynamics","floor":33},{"not_picked":["Scrape+1","Blizzard+1","Redo"],"picked":"SKIP","floor":35},{"not_picked":["Stack+1","Turbo"],"picked":"Streamline+1","floor":37},{"not_picked":["Compile Driver+1","Ball Lightning+1"],"picked":"Beam Cell+1","floor":39},{"not_picked":["Capacitor+1","Rebound+1"],"picked":"Gash+1","floor":41},{"not_picked":["Redo+1","Chill"],"picked":"Streamline+1","floor":42},{"not_picked":["Steam Power","Recycle"],"picked":"Beam Cell+1","floor":44},{"not_picked":["Conserve Battery","Core Surge+1"],"picked":"Gash+1","floor":46}],"player_experience":54808,"relics_obtained":[{"floor":7,"key":"Old Coin"},{"floor":9,"key":"Molten Egg 2"},{"floor":25,"key":"Lantern"},{"floor":26,"key":"Smiling Mask"},{"floor":29,"key":"Red Mask"},{"floor":31,"key":"Ancient Tea Set"},{"floor":43,"key":"Strawberry"},{"floor":44,"key":"Ice Cream"},{"floor":46,"key":"Pantograph"}],"event_choices":[{"damage_healed":0,"gold_gain":0,"player_choice":"Ignored","damage_taken":0,"max_hp_gain":0,"max_hp_loss":0,"event_name":"Liars Game","floor":2,"gold_loss":0},{"damage_healed":0,"gold_gain":0,"player_choice":"Fled","damage_taken":7,"max_hp_gain":0,"max_hp_loss":0,"event_name":"Scrap Ooze","floor":3,"gold_loss":0},{"damage_healed":0,"gold_gain":0,"player_choice":"Bought 0 Potions","damage_taken":0,"max_hp_gain":0,"max_hp_loss":0,"event_name":"The Woman in Blue","floor":11,"gold_loss":0},{"damage_healed":0,"gold_gain":0,"player_choice":"Opened","damage_taken":0,"relics_obtained":["Boot"],"max_hp_gain":0,"max_hp_loss":0,"event_name":"The Mausoleum","floor":24,"gold_loss":0,"cards_obtained":["Writhe"]},{"damage_healed":0,"gold_gain":0,"player_choice":"Fought Bandits","damage_taken":0,"max_hp_gain":0,"max_hp_loss":0,"event_name":"Masked Bandits","floor":29,"gold_loss":0},{"damage_healed":0,"gold_gain":0,"player_choice":"Fight","damage_taken":0,"max_hp_gain":0,"max_hp_loss":0,"event_name":"Mysterious Sphere","floor":44,"gold_loss":0},{"damage_healed":0,"gold_gain":222,"player_choice":"Wore Mask","damage_taken":0,"max_hp_gain":0,"max_hp_loss":0,"event_name":"Tomb of Lord Red Mask","floor":47,"gold_loss":0},{"damage_healed":24,"gold_gain":0,"player_choice":"Writhe","damage_taken":0,"max_hp_gain":0,"max_hp_loss":0,"event_name":"Winding Halls","floor":48,"gold_loss":0,"cards_obtained":["Writhe"]}],"is_beta":false,"boss_relics":[{"not_picked":["Pandora\u0027s Box","Snecko Eye"],"picked":"Fusion Hammer"},{"not_picked":["Nuclear Battery","Astrolabe"],"picked":"Runic Dome"}],"items_purged_floors":[4,14,36,38],"is_endless":false,"potions_floor_spawned":[5,7,10,16,18,21,25,29,35,39,41,46],"killed_by":"Time Eater","ascension_level":1}