{"gold_per_floor":[116,126,139,156,173,173,184,214,262,262],"floor_reached":10,"playtime":436,"items_purged":[],"score":108,"play_id":"21713e7d-07f7-49e8-be38-aa26ecf1323b","local_time":"20190112001628","is_ascension_mode":true,"campfire_choices":[{"data":"Hemokinesis","floor":6,"key":"SMITH"}],"neow_cost":"NONE","seed_source_timestamp":139511498663896,"circlet_count":0,"master_deck":["AscendersBane","Strike_R","Strike_R","Strike_R","Strike_R","Strike_R","Defend_R","Defend_R","Defend_R","Defend_R","Bash+1","Hemokinesis+1","Battle Trance","Rupture","Armaments","Whirlwind","Fiend Fire"],"relics":["Burning Blood","Lantern","Orichalcum"],"potions_floor_usage":[8],"damage_taken":[{"damage":8,"enemies":"2 Louse","floor":1,"turns":3},{"damage":7,"enemies":"Cultist","floor":2,"turns":3},{"damage":3,"enemies":"Small Slimes","floor":3,"turns":3},{"damage":30,"enemies":"Exordium Thugs","floor":4,"turns":5},{"damage":23,"enemies":"Large Slime","floor":5,"turns":7},{"damage":7,"enemies":"Exordium Wildlife","floor":7,"turns":4},{"damage":18,"enemies":"Gremlin Nob","floor":8,"turns":3},{"damage":19,"enemies":"Lagavulin","floor":10,"turns":3}],"seed_played":"6606876784201714425","potions_obtained":[{"floor":1,"key":"SneckoOil"},{"floor":3,"key":"Strength Potion"},{"floor":4,"key":"Strength Potion"},{"floor":8,"key":"FearPotion"}],"is_trial":false,"path_per_floor":["M","M","M","M","M","R","M","E","T","E"],"character_chosen":"IRONCLAD","items_purchased":[],"campfire_rested":0,"item_purchase_floors":[],"current_hp_per_floor":[70,69,72,48,31,31,30,18,18,0],"gold":262,"neow_bonus":"UPGRADE_CARD","is_prod":false,"is_daily":false,"chose_seed":false,"campfire_upgraded":1,"win_rate":0,"timestamp":1547280988,"path_taken":["M","M","M","M","M","R","M","E","T","E"],"build_version":"2019-01-10","purchased_purges":0,"victory":false,"max_hp_per_floor":[80,80,80,80,80,80,80,80,80,80],"card_choices":[{"not_picked":["Perfected Strike","Body Slam"],"picked":"Hemokinesis","floor":1},{"not_picked":["Wild Strike","Perfected Strike"],"picked":"Battle Trance","floor":2},{"not_picked":["Twin Strike","Pommel Strike"],"picked":"Rupture","floor":3},{"not_picked":["Clothesline","Wild Strike","Rampage"],"picked":"SKIP","floor":4},{"not_picked":["Reckless Charge","Evolve"],"picked":"Armaments","floor":5},{"not_picked":["Carnage","Sword Boomerang"],"picked":"Whirlwind","floor":7},{"not_picked":["Wild Strike","Body Slam"],"picked":"Fiend Fire","floor":8}],"player_experience":387774,"relics_obtained":[{"floor":8,"key":"Lantern"},{"floor":9,"key":"Orichalcum"}],"event_choices":[],"is_beta":false,"boss_relics":[],"items_purged_floors":[],"is_endless":false,"potions_floor_spawned":[1,3,4,8],"killed_by":"Lagavulin","ascension_level":10}