{"gold_per_floor":[110,110,127,145,65,65,92,92,117,117,133,148,175,194,194,291,291,304,404,199,199,166,194,194,213,258,293,293,43,75,92,92,193,243,261,261,164,264,67,99,99,99,126,142,142,168,178,204,204,204],"floor_reached":51,"playtime":6876,"items_purged":[],"score":1101,"play_id":"ccea505b-58de-4c23-8946-c0d79c52a2db","local_time":"20190210112236","is_ascension_mode":true,"campfire_choices":[{"data":"Infinite Blades","floor":6.0,"key":"SMITH"},{"data":"Well Laid Plans","floor":8.0,"key":"SMITH"},{"data":"Dramatic Entrance","floor":10.0,"key":"SMITH"},{"floor":15.0,"key":"REST"},{"floor":24,"key":"REST"},{"floor":28,"key":"REST"},{"floor":32,"key":"REST"},{"data":"Footwork","floor":41,"key":"SMITH"},{"floor":45,"key":"REST"},{"floor":49,"key":"REST"}],"neow_cost":"NONE","seed_source_timestamp":0,"circlet_count":0,"master_deck":["Defend_G","Defend_G","Defend_G","Defend_G+1","Defend_G","Strike_G+1","Strike_G","Strike_G","Strike_G","Survivor","Neutralize","Dramatic Entrance+1","Well Laid Plans+1","Prepared","Slice+1","Infinite Blades+1","Cloak And Dagger","Backflip","Slice","Leg Sweep","Terror","PiercingWail","A Thousand Cuts","Backflip+1","Dodge and Roll+1","Sucker Punch+1","Flechettes","Slice+1","Dagger Throw+1","Dagger Spray+1","Footwork+1","After Image","Riddle With Holes+1","Backflip+1","Cloak And Dagger+1","Footwork","Backstab+1","Choke+1","Footwork+1","Finisher+1","Noxious Fumes+1"],"special_seed":0,"relics":["Ring of the Snake","Whetstone","Dream Catcher","Bag of Preparation","Black Star","WingedGreaves","Mummified Hand","Bronze Scales","Omamori","Strawberry","Oddly Smooth Stone","Vajra","Molten Egg 2","Membership Card","Pen Nib","Letter Opener","Tiny House","ClockworkSouvenir","Peace Pipe","Bottled Tornado","Happy Flower","Orichalcum","WarpedTongs","Centennial Puzzle","Bottled Lightning","Ancient Tea Set","Calipers","Incense Burner"],"potions_floor_usage":[23,30,33,35,46,48],"damage_taken":[{"damage":0.0,"enemies":"Small Slimes","floor":1.0,"turns":3.0},{"damage":0.0,"enemies":"Cultist","floor":3.0,"turns":4.0},{"damage":0.0,"enemies":"2 Louse","floor":4.0,"turns":2.0},{"damage":15.0,"enemies":"3 Sentries","floor":7.0,"turns":6.0},{"damage":0.0,"enemies":"Large Slime","floor":11.0,"turns":5.0},{"damage":0.0,"enemies":"Looter","floor":12.0,"turns":4.0},{"damage":8.0,"enemies":"Lagavulin","floor":13.0,"turns":8.0},{"damage":1.0,"enemies":"Exordium Thugs","floor":14.0,"turns":4.0},{"damage":8.0,"enemies":"Hexaghost","floor":16.0,"turns":10.0},{"damage":2.0,"enemies":"Chosen","floor":18.0,"turns":5.0},{"damage":4.0,"enemies":"Colosseum Slavers","floor":19.0,"turns":7.0},{"damage":10.0,"enemies":"Colosseum Nobs","floor":19.0,"turns":6.0},{"damage":4.0,"enemies":"2 Thieves","floor":22.0,"turns":5.0},{"damage":28,"enemies":"Slavers","floor":23,"turns":5},{"damage":1,"enemies":"3 Cultists","floor":25,"turns":5},{"damage":12,"enemies":"Gremlin Leader","floor":27,"turns":7},{"damage":8,"enemies":"Book of Stabbing","floor":30,"turns":5},{"damage":0,"enemies":"Cultist and Chosen","floor":31,"turns":4},{"damage":58,"enemies":"Champ","floor":33,"turns":12},{"damage":2,"enemies":"Orb Walker","floor":35,"turns":4},{"damage":13,"enemies":"Mind Bloom Boss Battle","floor":38,"turns":8},{"damage":14,"enemies":"Reptomancer","floor":40,"turns":7},{"damage":0,"enemies":"3 Shapes","floor":44,"turns":3},{"damage":13,"enemies":"Giant Head","floor":46,"turns":8},{"damage":4,"enemies":"Transient","floor":47,"turns":5},{"damage":22,"enemies":"Nemesis","floor":48,"turns":5},{"damage":26,"enemies":"Time Eater","floor":50,"turns":10}],"seed_played":"9212865838262986330","potions_obtained":[{"floor":1.0,"key":"Energy Potion"},{"floor":3.0,"key":"AttackPotion"},{"floor":4.0,"key":"Dexterity Potion"},{"floor":14.0,"key":"Energy Potion"},{"floor":18.0,"key":"Fire Potion"},{"floor":23,"key":"SmokeBomb"},{"floor":30,"key":"FairyPotion"},{"floor":31,"key":"AttackPotion"},{"floor":33,"key":"SneckoOil"},{"floor":34,"key":"Fruit Juice"},{"floor":46,"key":"Swift Potion"},{"floor":47,"key":"SkillPotion"}],"is_trial":false,"path_per_floor":["M","?","M","M","$","R","E","R","T","R","M","M","E","M","R","B",null,"M","?","$","?","M","E","R","M","T","E","R","$","E","M","R","B",null,"M","?","$","?","$","E","R","?","T","M","R","E","M","E","R","B",null],"character_chosen":"THE_SILENT","items_purchased":["Infinite Blades","Bronze Scales","Block Potion","Membership Card","Footwork","Dexterity Potion","ClockworkSouvenir","Bottled Tornado","Fire Potion","Footwork"],"campfire_rested":6,"item_purchase_floors":[5,20,20,29,29,29,37,39,39,39],"current_hp_per_floor":[63,63,63,63,63,63,48,48,48,48,48,48,40,39,60,52,66,64,50,50,50,46,25,48,47,47,35,58,58,50,50,73,15,67,70,70,70,57,57,43,43,43,43,43,69,56,52,30,56,30],"gold":204,"neow_bonus":"RANDOM_COLORLESS","is_prod":false,"is_daily":false,"chose_seed":false,"campfire_upgraded":4,"win_rate":0,"timestamp":1549794156,"path_taken":["M","?","M","M","?","R","E","R","T","R","M","M","E","M","R","BOSS","M","?","$","?","M","E","R","M","T","E","R","$","E","M","R","BOSS","M","?","$","?","$","E","R","?","T","M","R","E","?","E","R","BOSS"],"build_version":"2019-01-23","purchased_purges":0,"victory":true,"max_hp_per_floor":[70,70,70,70,70,70,70,70,70,70,70,70,70,70,70,70,70,70,70,70,70,70,77,77,77,77,77,77,77,77,77,77,77,82,87,87,87,87,87,87,87,87,87,87,87,87,87,87,87,87],"card_choices":[{"not_picked":["Distraction","Escape Plan"],"picked":"Well Laid Plans","floor":1.0},{"not_picked":["Tactician","All Out Attack"],"picked":"Prepared","floor":3.0},{"not_picked":["Deadly Poison","Catalyst"],"picked":"Slice","floor":4.0},{"not_picked":["Dagger Throw","Sucker Punch"],"picked":"Cloak And Dagger","floor":7.0},{"not_picked":["Blade Dance","Flying Knee"],"picked":"Backflip","floor":11.0},{"not_picked":["Dagger Spray","Storm of Steel"],"picked":"Slice","floor":12.0},{"not_picked":["Quick Slash","Reflex"],"picked":"Leg Sweep","floor":13.0},{"not_picked":["Underhanded Strike","Sucker Punch"],"picked":"Terror","floor":14.0},{"not_picked":["Bane","Prepared"],"picked":"PiercingWail","floor":15.0},{"not_picked":["Wraith Form v2","Grand Finale"],"picked":"A Thousand Cuts","floor":16.0},{"not_picked":["Poisoned Stab","Heel Hook"],"picked":"Backflip+1","floor":18.0},{"not_picked":["Dagger Spray","Burst"],"picked":"Dodge and Roll+1","floor":19.0},{"not_picked":["PiercingWail","Reflex"],"picked":"Sucker Punch+1","floor":22},{"not_picked":["All Out Attack","Blade Dance"],"picked":"Flechettes","floor":23},{"not_picked":["Backflip","PiercingWail"],"picked":"Slice+1","floor":24},{"not_picked":["PiercingWail","Blade Dance"],"picked":"Cloak And Dagger","floor":25},{"not_picked":["Underhanded Strike","Distraction+1"],"picked":"Dagger Throw","floor":27},{"not_picked":["Distraction","Setup"],"picked":"Dagger Spray+1","floor":28},{"not_picked":["Blade Dance","Dagger Spray+1","Bullet Time"],"picked":"SKIP","floor":30},{"not_picked":["Dagger Spray+1","Acrobatics","Dagger Throw+1"],"picked":"SKIP","floor":31},{"not_picked":["Envenom","Glass Knife+1"],"picked":"After Image","floor":33},{"not_picked":["PiercingWail","Well Laid Plans"],"picked":"Riddle With Holes+1","floor":34},{"not_picked":["Reflex+1","Eviscerate+1"],"picked":"Backflip+1","floor":35},{"not_picked":["All Out Attack+1","Masterful Stab+1"],"picked":"Cloak And Dagger+1","floor":38},{"not_picked":["Reflex+1","Prepared+1"],"picked":"Backstab+1","floor":40},{"not_picked":["Expertise+1","Slice+1"],"picked":"Choke+1","floor":44},{"not_picked":["Masterful Stab+1","Bouncing Flask"],"picked":"Footwork+1","floor":45},{"not_picked":["Dagger Spray+1","Backstab+1"],"picked":"Finisher+1","floor":46},{"not_picked":["Backflip+1","Flechettes+1"],"picked":"Noxious Fumes+1","floor":47},{"not_picked":["Underhanded Strike+1","Crippling Poison+1","Setup"],"picked":"SKIP","floor":48}],"player_experience":429174,"relics_obtained":[{"floor":7.0,"key":"Whetstone"},{"floor":9.0,"key":"Dream Catcher"},{"floor":13.0,"key":"Bag of Preparation"},{"floor":19.0,"key":"WingedGreaves"},{"floor":19.0,"key":"Mummified Hand"},{"floor":23,"key":"Omamori"},{"floor":23,"key":"Strawberry"},{"floor":26,"key":"Oddly Smooth Stone"},{"floor":27,"key":"Vajra"},{"floor":27,"key":"Molten Egg 2"},{"floor":30,"key":"Pen Nib"},{"floor":30,"key":"Letter Opener"},{"floor":38,"key":"Peace Pipe"},{"floor":40,"key":"Happy Flower"},{"floor":40,"key":"Orichalcum"},{"floor":43,"key":"Centennial Puzzle"},{"floor":46,"key":"Bottled Lightning"},{"floor":46,"key":"Ancient Tea Set"},{"floor":48,"key":"Calipers"},{"floor":48,"key":"Incense Burner"}],"event_choices":[{"cards_removed":["Strike_G"],"damage_healed":0.0,"max_hp_gain":0.0,"max_hp_loss":0.0,"gold_gain":0.0,"event_name":"Purifier","player_choice":"Purged","floor":2.0,"gold_loss":0.0,"damage_taken":0.0},{"damage_healed":0.0,"max_hp_gain":0.0,"max_hp_loss":0.0,"gold_gain":0.0,"event_name":"Colosseum","player_choice":"Fight","floor":19.0,"gold_loss":0.0,"damage_taken":0.0},{"damage_healed":0.0,"max_hp_gain":0.0,"max_hp_loss":0.0,"gold_gain":0.0,"event_name":"Colosseum","player_choice":"Fought Nobs","floor":19.0,"gold_loss":0.0,"damage_taken":0.0},{"damage_healed":0.0,"max_hp_gain":0.0,"max_hp_loss":0.0,"gold_gain":0.0,"event_name":"Beggar","player_choice":"Ignored","floor":21.0,"gold_loss":0.0,"damage_taken":0.0},{"cards_removed":["Cloak And Dagger"],"damage_healed":0,"gold_gain":0,"player_choice":"Removed Skill","damage_taken":0,"max_hp_gain":0,"max_hp_loss":0,"event_name":"Falling","floor":36,"gold_loss":0},{"damage_healed":0,"gold_gain":0,"player_choice":"Fight","damage_taken":0,"max_hp_gain":0,"max_hp_loss":0,"event_name":"MindBloom","floor":38,"gold_loss":0},{"damage_healed":0,"gold_gain":0,"player_choice":"Rummage","damage_taken":0,"relics_obtained":["WarpedTongs"],"max_hp_gain":0,"max_hp_loss":0,"event_name":"Accursed Blacksmith","floor":42,"gold_loss":0,"cards_obtained":["Pain"]}],"is_beta":false,"boss_relics":[{"not_picked":["Fusion Hammer","Snecko Eye"],"picked":"Black Star"},{"not_picked":["Runic Dome","HoveringKite"],"picked":"Tiny House"}],"items_purged_floors":[],"is_endless":false,"potions_floor_spawned":[1,3,4,14,18,19,23,30,31,33,44,46,47],"ascension_level":6}