{"gold_per_floor":[119,119,119,219,238,238,250,104,104,104,121,41,41,55,55,160,160,177,177,104,120,120],"floor_reached":22,"playtime":406,"items_purged":[],"score":174,"play_id":"f58f2cef-03d0-4f3d-9caf-a98ac36149a8","local_time":"20181219225215","is_ascension_mode":false,"campfire_choices":[{"data":"Zap","floor":6,"key":"SMITH"},{"data":"Strike_B","floor":10,"key":"SMITH"},{"data":"Defragment","floor":13,"key":"SMITH"},{"data":"Sunder","floor":15,"key":"SMITH"}],"neow_cost":"NONE","seed_source_timestamp":1813834189457142,"circlet_count":0,"master_deck":["Strike_B+1","Strike_B","Strike_B","Strike_B","Defend_B","Defend_B","Defend_B","Defend_B+1","Zap+1","Dualcast+1","Coolheaded+1","Conserve Battery","Defragment+1","Sunder+1","Echo Form","Ball Lightning","Go for the Eyes","Capacitor"],"relics":["Cracked Core","Omamori","War Paint","Happy Flower","Orrery"],"potions_floor_usage":[],"damage_taken":[{"damage":0,"enemies":"Small Slimes","floor":1,"turns":4},{"damage":0,"enemies":"2 Louse","floor":5,"turns":1},{"damage":0,"enemies":"Cultist","floor":7,"turns":3},{"damage":5,"enemies":"Exordium Wildlife","floor":11,"turns":5},{"damage":7,"enemies":"Large Slime","floor":14,"turns":4},{"damage":31,"enemies":"The Guardian","floor":16,"turns":9},{"damage":13,"enemies":"Chosen","floor":18,"turns":5},{"damage":10,"enemies":"Spheric Guardian","floor":21,"turns":3}],"seed_played":"-8110422036948521803","potions_obtained":[{"floor":1,"key":"EntropicBrew"},{"floor":11,"key":"SkillPotion"},{"floor":14,"key":"Dexterity Potion"}],"is_trial":false,"path_per_floor":["M","?","?","?","M","R","M","$","T","R","M","$","R","M","R","B",null,"M","?","$","M","$"],"character_chosen":"DEFECT","items_purchased":["War Paint","Defragment","Capacitor"],"campfire_rested":0,"item_purchase_floors":[8,12,20],"current_hp_per_floor":[75,80,80,80,80,80,80,80,80,80,75,75,75,68,68,37,80,67,67,67,57,57],"gold":120,"neow_bonus":"RANDOM_COMMON_RELIC","is_prod":false,"is_daily":false,"chose_seed":false,"campfire_upgraded":4,"win_rate":0,"timestamp":1545259935,"path_taken":["M","?","?","?","M","R","?","$","T","R","M","$","R","M","R","BOSS","M","?","$","M","$"],"build_version":"2018-12-13","purchased_purges":0,"victory":false,"max_hp_per_floor":[75,80,80,80,80,80,80,80,80,80,80,80,80,80,80,80,80,80,80,80,80,80],"card_choices":[{"not_picked":["Storm","Hologram"],"picked":"Coolheaded","floor":1},{"not_picked":["Recycle","Chill"],"picked":"Conserve Battery","floor":5},{"not_picked":["Redo","Reinforced Body","Doom and Gloom"],"picked":"SKIP","floor":7},{"not_picked":["Compile Driver","Gash","Storm"],"picked":"SKIP","floor":11},{"not_picked":["Turbo","Gash"],"picked":"Sunder","floor":14},{"not_picked":["Core Surge","Machine Learning"],"picked":"Echo Form","floor":16},{"not_picked":["Sweeping Beam","Beam Cell"],"picked":"Ball Lightning","floor":17},{"not_picked":["Sweeping Beam+1","Lockon"],"picked":"Go for the Eyes","floor":18},{"not_picked":["Go for the Eyes","Compile Driver+1","Blizzard"],"picked":"SKIP","floor":21}],"player_experience":896984,"relics_obtained":[{"floor":9,"key":"Happy Flower"}],"event_choices":[{"damage_healed":0,"gold_gain":0,"player_choice":"Donut","damage_taken":0,"max_hp_gain":5,"max_hp_loss":0,"event_name":"Big Fish","floor":2,"gold_loss":0},{"damage_healed":0,"gold_gain":0,"player_choice":"Grow","damage_taken":0,"max_hp_gain":0,"max_hp_loss":0,"event_name":"Living Wall","floor":3,"gold_loss":0,"cards_upgraded":["Dualcast"]},{"damage_healed":0,"gold_gain":100,"player_choice":"Pray","damage_taken":0,"max_hp_gain":0,"max_hp_loss":0,"event_name":"Golden Shrine","floor":4,"gold_loss":0},{"damage_healed":0,"gold_gain":0,"player_choice":"Ignored","damage_taken":0,"max_hp_gain":0,"max_hp_loss":0,"event_name":"Vampires","floor":19,"gold_loss":0}],"is_beta":false,"boss_relics":[{"not_picked":["White Beast Statue","Runic Pyramid"],"picked":"Orrery"}],"items_purged_floors":[],"is_endless":false,"potions_floor_spawned":[1,11,14,16],"ascension_level":0}