{"gold_per_floor":[114,114,124,135,147,175,189,189,257,257,257,282,316,331,331,429,429,442,289,302,317,317,317,338,338,406,406,426,444,444,463,463,463],"floor_reached":33,"playtime":5971,"items_purged":["Injury"],"score":455,"play_id":"a164c7ba-d298-4a32-a17b-a2cf63f53d1e","local_time":"20190121214354","is_ascension_mode":true,"campfire_choices":[{"data":"Defragment","floor":8,"key":"SMITH"},{"floor":15,"key":"REST"},{"data":"White Noise","floor":23,"key":"SMITH"},{"floor":25,"key":"REST"},{"data":"Zap","floor":32,"key":"SMITH"}],"neow_cost":"NONE","seed_source_timestamp":1026513287145300,"circlet_count":0,"master_deck":["AscendersBane","Zap+1","Dualcast","Capacitor","Defragment+1","Ball Lightning","Ball Lightning","Steam","Hologram","White Noise+1","Seek","Reinforced Body","All For One","Compile Driver","Rainbow","Steam","Auto Shields","Steam+1","Self Repair","Coolheaded","Ball Lightning+1","FTL+1","Defragment+1","Go for the Eyes"],"relics":["Cracked Core","Anchor","Cables","Turnip","Golden Idol","Omamori","Odd Mushroom","Pandora\u0027s Box","Gremlin Horn"],"potions_floor_usage":[16,24,33],"damage_taken":[{"damage":0,"enemies":"Jaw Worm","floor":1,"turns":3},{"damage":0,"enemies":"Cultist","floor":3,"turns":3},{"damage":0,"enemies":"2 Louse","floor":4,"turns":2},{"damage":0,"enemies":"2 Fungi Beasts","floor":5,"turns":3},{"damage":20,"enemies":"Lagavulin","floor":6,"turns":6},{"damage":0,"enemies":"Exordium Wildlife","floor":7,"turns":3},{"damage":0,"enemies":"Blue Slaver","floor":12,"turns":2},{"damage":12,"enemies":"The Mushroom Lair","floor":13,"turns":4},{"damage":1,"enemies":"Looter","floor":14,"turns":2},{"damage":18,"enemies":"The Guardian","floor":16,"turns":7},{"damage":32,"enemies":"3 Byrds","floor":18,"turns":4},{"damage":1,"enemies":"Chosen","floor":20,"turns":5},{"damage":24,"enemies":"3 Cultists","floor":21,"turns":6},{"damage":15,"enemies":"Centurion and Healer","floor":24,"turns":7},{"damage":4,"enemies":"Cultist and Chosen","floor":28,"turns":5},{"damage":10,"enemies":"Snake Plant","floor":29,"turns":3},{"damage":8,"enemies":"Centurion and Healer","floor":31,"turns":5},{"damage":35,"enemies":"Automaton","floor":33,"turns":6}],"seed_played":"567128822465606941","potions_obtained":[{"floor":4,"key":"Explosive Potion"},{"floor":7,"key":"SpeedPotion"},{"floor":13,"key":"FairyPotion"},{"floor":21,"key":"PowerPotion"},{"floor":29,"key":"Fire Potion"},{"floor":31,"key":"Strength Potion"}],"is_trial":false,"path_per_floor":["M","?","M","M","M","E","M","R","T","?","?","M","?","M","R","B",null,"M","$","M","M","?","R","M","R","T","?","M","M","?","M","R","B"],"character_chosen":"DEFECT","items_purchased":["Self Repair"],"campfire_rested":2,"item_purchase_floors":[19],"current_hp_per_floor":[64,64,64,64,64,44,44,44,44,44,18,18,6,5,26,8,55,23,23,29,12,12,12,14,35,35,35,31,21,21,20,20,0],"gold":463,"neow_bonus":"RANDOM_COMMON_RELIC","is_prod":false,"is_daily":false,"chose_seed":false,"campfire_upgraded":3,"win_rate":0,"timestamp":1548135834,"path_taken":["M","?","M","M","?","E","M","R","T","?","?","?","?","M","R","BOSS","M","$","M","M","?","R","M","R","T","?","M","?","?","?","R","BOSS"],"build_version":"2019-01-17v2","purchased_purges":1,"victory":false,"max_hp_per_floor":[71,71,71,71,71,71,71,71,71,71,71,71,71,71,71,71,71,71,71,71,71,71,71,71,71,71,71,71,71,71,71,71,71],"card_choices":[{"not_picked":["Recycle","Stack"],"picked":"Steam","floor":1},{"not_picked":["Leap","Redo"],"picked":"Capacitor","floor":3},{"not_picked":["Streamline","Seek"],"picked":"Defragment","floor":4},{"not_picked":["Beam Cell","Hologram"],"picked":"Ball Lightning","floor":5},{"not_picked":["Doom and Gloom","Beam Cell"],"picked":"Ball Lightning","floor":6},{"not_picked":["Chaos","Redo","Streamline"],"picked":"SKIP","floor":7},{"not_picked":["Machine Learning","Turbo"],"picked":"Steam","floor":12},{"not_picked":["Rebound","Stack"],"picked":"Hologram","floor":13},{"not_picked":["Cold Snap","Turbo"],"picked":"White Noise","floor":14},{"not_picked":["Reboot","Core Surge"],"picked":"Seek","floor":16},{"not_picked":["Gash","Heatsinks"],"picked":"Steam+1","floor":18},{"not_picked":["Aggregate","Stack","Redo"],"picked":"SKIP","floor":20},{"not_picked":["Hologram","Fusion","Conserve Battery"],"picked":"SKIP","floor":21},{"not_picked":["Leap","Heatsinks"],"picked":"Coolheaded","floor":24},{"not_picked":["Streamline","Aggregate"],"picked":"Ball Lightning+1","floor":28},{"not_picked":["Genetic Algorithm","Consume"],"picked":"FTL+1","floor":29},{"not_picked":["Hologram","Blizzard"],"picked":"Go for the Eyes","floor":31}],"player_experience":1153213,"relics_obtained":[{"floor":6,"key":"Turnip"},{"floor":13,"key":"Odd Mushroom"},{"floor":26,"key":"Gremlin Horn"}],"event_choices":[{"cards_removed":["Steam"],"damage_healed":0,"gold_gain":0,"player_choice":"Gave Card","damage_taken":0,"relics_obtained":["Cables"],"max_hp_gain":0,"max_hp_loss":0,"event_name":"WeMeetAgain","floor":2,"gold_loss":0},{"damage_healed":0,"gold_gain":0,"player_choice":"Take Wound","damage_taken":0,"relics_obtained":["Golden Idol"],"max_hp_gain":0,"max_hp_loss":0,"event_name":"Golden Idol","floor":10,"gold_loss":0,"cards_obtained":["Injury"]},{"damage_healed":0,"gold_gain":0,"player_choice":"Success","damage_taken":26,"relics_obtained":["Omamori"],"max_hp_gain":0,"max_hp_loss":0,"event_name":"Scrap Ooze","floor":11,"gold_loss":0},{"damage_healed":0,"gold_gain":0,"player_choice":"Fought Mushrooms","damage_taken":0,"max_hp_gain":0,"max_hp_loss":0,"event_name":"Mushrooms","floor":13,"gold_loss":0},{"cards_removed":["Meteor Strike"],"damage_healed":0,"gold_gain":0,"player_choice":"Elegance","damage_taken":0,"max_hp_gain":0,"max_hp_loss":0,"event_name":"Back to Basics","floor":22,"gold_loss":0},{"cards_removed":["Lockon"],"damage_healed":0,"gold_gain":0,"player_choice":"Purged","damage_taken":0,"max_hp_gain":0,"max_hp_loss":0,"event_name":"Purifier","floor":27,"gold_loss":0},{"damage_healed":0,"gold_gain":0,"player_choice":"Copied","damage_taken":0,"max_hp_gain":0,"max_hp_loss":0,"event_name":"Duplicator","floor":30,"gold_loss":0,"cards_obtained":["Defragment"]}],"is_beta":false,"boss_relics":[{"not_picked":["Lizard Tail","Astrolabe"],"picked":"Pandora\u0027s Box"}],"items_purged_floors":[19],"is_endless":false,"potions_floor_spawned":[4,7,12,13,21,29,31],"killed_by":"Automaton","ascension_level":16}