{"gold_per_floor":[109,109,126,139,214,1,1,18,45,57,69,98,110,141,153,266,278,310,322,318,330,355,367,379,408,420,432,0,25,56,79,91,103],"floor_reached":33,"playtime":2142,"items_purged":[],"score":266,"play_id":"cb05dd3b-2e47-4882-8844-96e3817c2534","local_time":"20190209003702","is_ascension_mode":false,"campfire_choices":[{"data":"Cleave","floor":11,"key":"SMITH"},{"data":"Whirlwind","floor":13,"key":"SMITH"},{"data":"Metallicize","floor":15,"key":"SMITH"},{"data":"Rage","floor":23,"key":"SMITH"},{"data":"Rage","floor":27,"key":"SMITH"},{"data":"Armaments","floor":32,"key":"SMITH"}],"neow_cost":"NONE","seed_source_timestamp":1928562382700,"circlet_count":0,"master_deck":["Defend_R","Defend_R","Defend_R+1","Defend_R+1","Bash+1","Feel No Pain","Perfected Strike","Sword Boomerang+1","Whirlwind+1","Rage+1","Bludgeon","Cleave+1","Anger","Metallicize+1","Juggernaut","Clothesline","Rage+1","Shame","Flex+1","Bite","Bite","Bite","Bite","Bite","Warcry+1","Second Wind","Armaments+1","Flame Barrier"],"relics":["Coffee Dripper","MawBank","Lizard Tail","War Paint","Pantograph","Lantern"],"potions_floor_usage":[30,33,33,33],"damage_taken":[{"damage":0,"enemies":"2 Louse","floor":1,"turns":2},{"damage":0,"enemies":"Cultist","floor":3,"turns":3},{"damage":1,"enemies":"Jaw Worm","floor":4,"turns":2},{"damage":7,"enemies":"Large Slime","floor":8,"turns":5},{"damage":7,"enemies":"Blue Slaver","floor":12,"turns":2},{"damage":2,"enemies":"2 Fungi Beasts","floor":14,"turns":3},{"damage":27,"enemies":"Hexaghost","floor":16,"turns":8},{"damage":10,"enemies":"Chosen","floor":18,"turns":3},{"damage":15,"enemies":"2 Thieves","floor":20,"turns":4},{"damage":18,"enemies":"Snecko","floor":22,"turns":5},{"damage":33,"enemies":"Shelled Parasite and Fungi","floor":25,"turns":4},{"damage":30,"enemies":"Centurion and Healer","floor":29,"turns":6},{"damage":12,"enemies":"Snecko","floor":30,"turns":5},{"damage":30,"enemies":"3 Cultists","floor":31,"turns":6},{"damage":61,"enemies":"Champ","floor":33,"turns":10}],"seed_played":"-4283890882522935596","potions_obtained":[{"floor":16,"key":"Strength Potion"},{"floor":18,"key":"Swift Potion"},{"floor":22,"key":"Strength Potion"},{"floor":29,"key":"FearPotion"},{"floor":30,"key":"FearPotion"}],"is_trial":false,"path_per_floor":["M","?","M","M","?","$","?","M","T","$","R","M","R","M","R","B",null,"M","?","M","?","M","R","?","M","T","R","?","M","M","M","R","B"],"character_chosen":"IRONCLAD","items_purchased":["Whirlwind","Rage","Bludgeon"],"campfire_rested":0,"item_purchase_floors":[6,6,6],"current_hp_per_floor":[80,80,80,79,68,68,52,45,45,45,45,38,38,36,36,9,80,70,70,55,55,37,37,37,12,12,12,12,28,26,4,4,0],"gold":103,"neow_bonus":"BOSS_RELIC","is_prod":false,"is_daily":false,"chose_seed":false,"campfire_upgraded":6,"win_rate":0.0,"timestamp":1549643822,"path_taken":["M","?","?","?","?","$","?","M","T","$","R","M","R","M","R","BOSS","M","?","M","?","M","R","?","M","T","R","?","M","M","M","R","BOSS"],"build_version":"2019-01-23","purchased_purges":0,"victory":false,"max_hp_per_floor":[80,80,80,80,80,80,80,80,80,80,80,80,80,80,80,80,80,80,80,80,80,80,80,56,56,56,56,56,56,56,56,56,56],"card_choices":[{"not_picked":["Perfected Strike","Flex"],"picked":"Feel No Pain","floor":1},{"not_picked":["Pommel Strike","Disarm"],"picked":"Perfected Strike","floor":3},{"not_picked":["Clash","Feel No Pain"],"picked":"Sword Boomerang","floor":4},{"not_picked":["Pommel Strike","Second Wind"],"picked":"Cleave","floor":8},{"not_picked":["Body Slam","Perfected Strike"],"picked":"Anger","floor":12},{"not_picked":["Cleave","Dark Embrace"],"picked":"Metallicize","floor":14},{"not_picked":["Brutality","Feed"],"picked":"Juggernaut","floor":16},{"not_picked":["Searing Blow","Body Slam"],"picked":"Clothesline","floor":18},{"not_picked":["Inflame","Headbutt"],"picked":"Rage","floor":20},{"not_picked":["Feel No Pain","Second Wind"],"picked":"Flex+1","floor":22},{"not_picked":["Entrench","Corruption+1"],"picked":"Warcry+1","floor":25},{"not_picked":["Combust+1","Flex"],"picked":"Second Wind","floor":29},{"not_picked":["True Grit","Uppercut"],"picked":"Armaments","floor":30},{"not_picked":["Armaments","Cleave"],"picked":"Flame Barrier","floor":31}],"player_experience":1673,"relics_obtained":[{"floor":9,"key":"MawBank"},{"floor":26,"key":"Lantern"}],"event_choices":[{"damage_healed":0,"gold_gain":0,"player_choice":"Upgraded","damage_taken":0,"max_hp_gain":0,"max_hp_loss":0,"event_name":"Upgrade Shrine","floor":2,"gold_loss":0,"cards_upgraded":["Bash"]},{"damage_healed":0,"gold_gain":75,"player_choice":"Gather Gold","damage_taken":11,"max_hp_gain":0,"max_hp_loss":0,"event_name":"World of Goop","floor":5,"gold_loss":0},{"damage_healed":0,"gold_gain":0,"player_choice":"Entered Light","damage_taken":16,"max_hp_gain":0,"max_hp_loss":0,"event_name":"Shining Light","floor":7,"gold_loss":0,"cards_upgraded":["Strike_R","Sword Boomerang"]},{"damage_healed":0,"gold_gain":0,"player_choice":"Opened","damage_taken":0,"relics_obtained":["War Paint"],"max_hp_gain":0,"max_hp_loss":0,"event_name":"The Mausoleum","floor":19,"gold_loss":0},{"damage_healed":0,"gold_gain":0,"player_choice":"Stole Relic","damage_taken":0,"relics_obtained":["Pantograph"],"max_hp_gain":0,"max_hp_loss":0,"event_name":"Addict","floor":21,"gold_loss":0,"cards_obtained":["Shame"]},{"damage_healed":0,"gold_gain":0,"player_choice":"Became a vampire","damage_taken":0,"max_hp_gain":0,"max_hp_loss":24,"event_name":"Vampires","floor":24,"gold_loss":0,"cards_obtained":["Bite","Bite","Bite","Bite","Bite"]},{"damage_healed":0,"gold_gain":0,"player_choice":"Paid Fearfully","damage_taken":0,"max_hp_gain":0,"max_hp_loss":0,"event_name":"Masked Bandits","floor":28,"gold_loss":444}],"is_beta":false,"boss_relics":[{"not_picked":["Runic Pyramid","Mark of Pain"],"picked":"Lizard Tail"}],"items_purged_floors":[],"is_endless":false,"potions_floor_spawned":[16,18,22,29,30],"killed_by":"Champ","ascension_level":0}