{"gold_per_floor":[110,125,200,3,103,113,113,143,143,143,153,164,175,189,189,294,294,308,308,133,148,164,164,180,198,198,198,218,44,54,54,54,54],"floor_reached":33,"playtime":1581,"items_purged":["Hello World"],"score":303,"play_id":"5e252d77-ecc6-424f-9621-81d8a8fc5699","local_time":"20190122021613","is_ascension_mode":false,"campfire_choices":[{"data":"Zap","floor":7,"key":"SMITH"},{"floor":10,"key":"REST"},{"data":"Sunder","floor":15,"key":"SMITH"},{"data":"Loop","floor":23,"key":"SMITH"},{"data":"Sunder","floor":27,"key":"SMITH"},{"floor":32,"key":"REST"}],"neow_cost":"NONE","seed_source_timestamp":105232583662359,"circlet_count":0,"master_deck":["Zap+1","Dualcast","Sunder+1","Ball Lightning","Melter","Hello World","Melter","Leap","Sunder+1","Streamline","All For One","Streamline","Ball Lightning","Hologram","Stack","Multi-Cast","Beam Cell","Melter","Fusion","Gash","Loop+1","Steam+1","Ball Lightning","Gash","Beam Cell","Streamline","Shame"],"relics":["Cracked Core","DataDisk","Gremlin Horn","Blue Candle","Pandora\u0027s Box","CultistMask","Mummified Hand","Oddly Smooth Stone","Centennial Puzzle"],"potions_floor_usage":[33],"damage_taken":[{"damage":6,"enemies":"Cultist","floor":1,"turns":3},{"damage":3,"enemies":"Jaw Worm","floor":2,"turns":4},{"damage":0,"enemies":"Small Slimes","floor":6,"turns":2},{"damage":36,"enemies":"Lagavulin","floor":8,"turns":4},{"damage":9,"enemies":"2 Fungi Beasts","floor":11,"turns":2},{"damage":5,"enemies":"Looter","floor":12,"turns":2},{"damage":0,"enemies":"3 Louse","floor":13,"turns":2},{"damage":0,"enemies":"Large Slime","floor":14,"turns":3},{"damage":0,"enemies":"Slime Boss","floor":16,"turns":6},{"damage":10,"enemies":"Chosen","floor":18,"turns":3},{"damage":21,"enemies":"2 Thieves","floor":21,"turns":4},{"damage":9,"enemies":"Sentry and Sphere","floor":22,"turns":3},{"damage":7,"enemies":"Chosen and Byrds","floor":24,"turns":4},{"damage":3,"enemies":"3 Cultists","floor":25,"turns":4},{"damage":19,"enemies":"Centurion and Healer","floor":28,"turns":4},{"damage":6,"enemies":"Cultist and Chosen","floor":30,"turns":4},{"damage":93,"enemies":"Automaton","floor":33,"turns":6}],"seed_played":"2172018883375102441","potions_obtained":[{"floor":1,"key":"Weak Potion"},{"floor":2,"key":"FairyPotion"},{"floor":6,"key":"SmokeBomb"},{"floor":13,"key":"FairyPotion"},{"floor":24,"key":"SkillPotion"}],"is_trial":false,"path_per_floor":["M","M","?","$","?","M","R","E","T","R","M","M","M","M","R","B",null,"M","?","$","M","M","R","M","M","T","R","M","$","M","?","R","B"],"character_chosen":"DEFECT","items_purchased":["DataDisk","Ball Lightning","Gash","Loop","Oddly Smooth Stone","Beam Cell"],"campfire_rested":2,"item_purchase_floors":[4,4,20,20,29,29],"current_hp_per_floor":[76,73,62,62,62,62,62,26,26,50,41,36,36,36,36,36,82,72,72,72,51,42,42,35,32,32,32,13,13,7,7,31,0],"gold":54,"neow_bonus":"TEN_PERCENT_HP_BONUS","is_prod":false,"is_daily":false,"chose_seed":false,"campfire_upgraded":4,"win_rate":0,"timestamp":1548094573,"path_taken":["M","?","?","$","?","M","R","E","T","R","M","?","M","M","R","BOSS","M","?","$","M","?","R","M","M","T","R","M","$","M","?","R","BOSS"],"build_version":"2019-01-17v2","purchased_purges":1,"victory":false,"max_hp_per_floor":[82,82,82,82,82,82,82,82,82,82,82,82,82,82,82,82,82,82,82,82,82,82,82,82,82,82,82,82,82,82,82,82,82],"card_choices":[{"not_picked":["Static Discharge","Compile Driver"],"picked":"Sunder","floor":1},{"not_picked":["Blizzard","Stack"],"picked":"Hello World","floor":2},{"not_picked":["Fusion","Beam Cell"],"picked":"Melter","floor":6},{"not_picked":["Sweeping Beam","Chaos"],"picked":"Hello World","floor":8},{"not_picked":["Steam","Stack"],"picked":"Melter","floor":11},{"not_picked":["Steam","Recycle"],"picked":"Leap","floor":12},{"not_picked":["Reprogram","Cold Snap"],"picked":"Sunder","floor":13},{"not_picked":["Stack","Reinforced Body"],"picked":"Streamline","floor":14},{"not_picked":["Fission","Core Surge"],"picked":"All For One","floor":16},{"not_picked":["Redo","Tempest","Sweeping Beam"],"picked":"SKIP","floor":18},{"not_picked":["Darkness+1","Cold Snap"],"picked":"Steam+1","floor":21},{"not_picked":["Aggregate","Conserve Battery","Compile Driver+1"],"picked":"SKIP","floor":22},{"not_picked":["Hello World+1","Auto Shields"],"picked":"Ball Lightning","floor":24},{"not_picked":["Stack","Chill","Sweeping Beam"],"picked":"SKIP","floor":25},{"not_picked":["Turbo+1","Rebound"],"picked":"Gash","floor":28},{"not_picked":["Coolheaded","Hologram"],"picked":"Streamline","floor":30}],"player_experience":111953,"relics_obtained":[{"floor":8,"key":"Gremlin Horn"},{"floor":9,"key":"Blue Candle"},{"floor":26,"key":"Mummified Hand"}],"event_choices":[{"damage_healed":0,"gold_gain":75,"player_choice":"Gather Gold","damage_taken":11,"max_hp_gain":0,"max_hp_loss":0,"event_name":"World of Goop","floor":3,"gold_loss":0},{"damage_healed":0,"gold_gain":100,"player_choice":"Pray","damage_taken":0,"max_hp_gain":0,"max_hp_loss":0,"event_name":"Golden Shrine","floor":5,"gold_loss":0},{"damage_healed":0,"gold_gain":0,"player_choice":"Trade","damage_taken":0,"relics_obtained":["CultistMask"],"max_hp_gain":0,"max_hp_loss":0,"event_name":"FaceTrader","floor":19,"gold_loss":0},{"damage_healed":0,"gold_gain":0,"player_choice":"Stole Relic","damage_taken":0,"relics_obtained":["Centennial Puzzle"],"max_hp_gain":0,"max_hp_loss":0,"event_name":"Addict","floor":31,"gold_loss":0,"cards_obtained":["Shame"]}],"is_beta":false,"boss_relics":[{"not_picked":["Coffee Dripper","Snecko Eye"],"picked":"Pandora\u0027s Box"}],"items_purged_floors":[20],"is_endless":false,"potions_floor_spawned":[1,2,6,13,14,16,21,24,25,28],"killed_by":"Automaton","ascension_level":0}