{"gold_per_floor":[110,110,110,128,76,102,177,177,177,177,192,192,224,254,254,353,353,365,45,63,63,76,76,76,76,76,92,117,67,166,166],"floor_reached":31,"playtime":925,"items_purged":["Strike_B"],"score":259,"play_id":"e5ec881c-3606-4cf9-8fb0-98b49bc5945e","local_time":"20190123184702","is_ascension_mode":false,"campfire_choices":[{"data":"Dualcast","floor":8.0,"key":"SMITH"},{"data":"Zap","floor":10.0,"key":"SMITH"},{"data":"Beam Cell","floor":12.0,"key":"SMITH"},{"data":"Cold Snap","floor":15.0,"key":"SMITH"},{"data":"Apotheosis","floor":23.0,"key":"SMITH"},{"data":"Blizzard","floor":25.0,"key":"SMITH"}],"neow_cost":"NONE","seed_source_timestamp":2588474989943429,"circlet_count":0,"master_deck":["Strike_B+1","Strike_B","Defend_B","Defend_B+1","Defend_B","Zap+1","Dualcast+1","Cold Snap+1","Beam Cell+1","Coolheaded","Blizzard+1","Apotheosis+1","Capacitor","Conserve Battery","Conserve Battery+1"],"special_seed":0,"relics":["Cracked Core","Smiling Mask","Cables","Ginger","Odd Mushroom","Nuclear Battery","Calipers","The Courier"],"potions_floor_usage":[],"damage_taken":[{"damage":0.0,"enemies":"Small Slimes","floor":1.0,"turns":3.0},{"damage":0.0,"enemies":"2 Louse","floor":4.0,"turns":2.0},{"damage":20.0,"enemies":"Gremlin Nob","floor":6.0,"turns":4.0},{"damage":0.0,"enemies":"Jaw Worm","floor":11.0,"turns":1.0},{"damage":7.0,"enemies":"Lagavulin","floor":13.0,"turns":4.0},{"damage":7.0,"enemies":"The Mushroom Lair","floor":14.0,"turns":3.0},{"damage":5.0,"enemies":"Slime Boss","floor":16.0,"turns":10.0},{"damage":5.0,"enemies":"3 Byrds","floor":18.0,"turns":5.0},{"damage":0.0,"enemies":"Chosen","floor":20.0,"turns":5.0},{"damage":13.0,"enemies":"3 Cultists","floor":22.0,"turns":6.0},{"damage":0.0,"enemies":"Snake Plant","floor":27.0,"turns":5.0},{"damage":45.0,"enemies":"Gremlin Leader","floor":28.0,"turns":10.0},{"damage":10,"enemies":"Book of Stabbing","floor":31,"turns":4}],"seed_played":"-588173276315352745","potions_obtained":[{"floor":4.0,"key":"SkillPotion"},{"floor":13.0,"key":"Strength Potion"},{"floor":16.0,"key":"SteroidPotion"},{"floor":22.0,"key":"Ancient Potion"}],"is_trial":false,"path_per_floor":["?","?","?","?","?","M","?","?"],"character_chosen":"DEFECT","items_purchased":["Beam Cell","Apotheosis","Capacitor","Conserve Battery"],"campfire_rested":0,"item_purchase_floors":[5,19,19,19],"current_hp_per_floor":[75,60,65,65,65,45,34,34,34,34,34,34,27,20,20,15,80,75,75,75,67,54,54,54,54,54,54,9,9,9,0],"gold":166,"neow_bonus":"REMOVE_CARD","is_prod":false,"is_daily":false,"chose_seed":false,"campfire_upgraded":6,"win_rate":0,"timestamp":1548269222,"path_taken":["M","?","?","M","$","E","?","R","T","R","M","R","E","?","R","BOSS","M","$","M","?","?","R","?","R","T","M","E","$","?","E"],"build_version":"2019-01-23","purchased_purges":1,"victory":false,"max_hp_per_floor":[75,75,80,80,80,80,80,80,80,80,80,80,80,80,80,80,80,80,80,80,80,80,80,80,80,80,80,80,80,80,80],"card_choices":[{"not_picked":["Streamline","Gash"],"picked":"Cold Snap","floor":1.0},{"not_picked":["Streamline","Gash","Rebound"],"picked":"SKIP","floor":4.0},{"not_picked":["Darkness","Stack","Go for the Eyes"],"picked":"SKIP","floor":6.0},{"not_picked":["Streamline","Barrage","Gash"],"picked":"SKIP","floor":11.0},{"not_picked":["Barrage","Beam Cell","Self Repair"],"picked":"SKIP","floor":13.0},{"not_picked":["Double Energy","Consume"],"picked":"Coolheaded","floor":14.0},{"not_picked":["Melter+1","Stack+1"],"picked":"Blizzard","floor":18.0},{"not_picked":["Beam Cell","Coolheaded","Melter+1"],"picked":"SKIP","floor":20.0},{"not_picked":["Barrage","Storm"],"picked":"Conserve Battery+1","floor":22.0},{"not_picked":["Rebound","Steam","Recycle"],"picked":"SKIP","floor":27.0},{"not_picked":["Sweeping Beam","Meteor Strike","Streamline+1"],"picked":"SKIP","floor":28}],"player_experience":987616,"relics_obtained":[{"floor":6.0,"key":"Smiling Mask"},{"floor":9.0,"key":"Cables"},{"floor":13.0,"key":"Ginger"},{"floor":14.0,"key":"Odd Mushroom"},{"floor":26.0,"key":"Calipers"},{"floor":28,"key":"The Courier"}],"event_choices":[{"damage_healed":0.0,"max_hp_gain":0.0,"max_hp_loss":0.0,"gold_gain":0.0,"event_name":"Shining Light","player_choice":"Entered Light","floor":2.0,"gold_loss":0.0,"damage_taken":15.0,"cards_upgraded":["Strike_B","Defend_B"]},{"damage_healed":0.0,"max_hp_gain":5.0,"max_hp_loss":0.0,"gold_gain":0.0,"event_name":"Big Fish","player_choice":"Donut","floor":3.0,"gold_loss":0.0,"damage_taken":0.0},{"damage_healed":0.0,"max_hp_gain":0.0,"max_hp_loss":0.0,"gold_gain":75.0,"event_name":"World of Goop","player_choice":"Gather Gold","floor":7.0,"gold_loss":0.0,"damage_taken":11.0},{"damage_healed":0.0,"max_hp_gain":0.0,"max_hp_loss":0.0,"gold_gain":0.0,"event_name":"Mushrooms","player_choice":"Fought Mushrooms","floor":14.0,"gold_loss":0.0,"damage_taken":0.0},{"damage_healed":0.0,"max_hp_gain":0.0,"max_hp_loss":0.0,"gold_gain":0.0,"event_name":"Knowing Skull","player_choice":"","floor":21.0,"potions_obtained":[],"gold_loss":0.0,"damage_taken":8.0,"cards_obtained":[]},{"cards_removed":["Strike_B"],"damage_healed":0.0,"max_hp_gain":0.0,"max_hp_loss":0.0,"gold_gain":0.0,"event_name":"Bonfire Elementals","player_choice":"Offered Basic","floor":24.0,"gold_loss":0.0,"damage_taken":0.0},{"damage_healed":0,"gold_gain":99,"player_choice":"Stole From Cult","damage_taken":0,"max_hp_gain":0,"max_hp_loss":0,"event_name":"Nest","floor":30,"gold_loss":0}],"is_beta":false,"boss_relics":[{"not_picked":["Velvet Choker","Eternal Feather"],"picked":"Nuclear Battery"}],"items_purged_floors":[29],"is_endless":false,"potions_floor_spawned":[4,13,16,22,28],"killed_by":"Book of Stabbing","ascension_level":0}