{"gold_per_floor":[112,131,147,160,81,113,113,139,139,139,139,149,167,167,167,267,267,281,281,281,314,136,136,166,185,185,218,237,271,283,301,301,401,401,417,517,18,29,29,89,89,107,107,141,141,168,180,33,33,33],"floor_reached":51,"playtime":4886,"items_purged":["Writhe","Strike_R"],"score":1192,"play_id":"d3424d92-ffcd-4108-abbe-dd5fc07b2068","local_time":"20190112000854","is_ascension_mode":true,"campfire_choices":[{"data":"Armaments","floor":7.0,"key":"SMITH"},{"data":"Inflame","floor":10.0,"key":"SMITH"},{"data":"Uppercut","floor":15.0,"key":"SMITH"},{"data":"Metallicize","floor":23.0,"key":"SMITH"},{"data":"Sword Boomerang","floor":32.0,"key":"SMITH"},{"data":"Inflame","floor":41,"key":"SMITH"},{"data":"Limit Break","floor":49,"key":"SMITH"}],"neow_cost":"NONE","seed_source_timestamp":0,"circlet_count":0,"master_deck":["Strike_R","Defend_R","Defend_R","Defend_R","Defend_R","Bash+1","Cleave+1","Armaments+1","Clothesline","Inflame+1","Shrug It Off","Uppercut+1","Reaper+1","Sword Boomerang+1","Impervious","Metallicize+1","Shrug It Off","Feel No Pain","True Grit","Headbutt","Headbutt","Inflame+1","Metallicize","Impervious","Havoc+1","Whirlwind+1","Ghostly Armor","Offering","Inflame","Master of Strategy","Thinking Ahead","Blind","Battle Trance+1","Havoc+1","Havoc+1","Body Slam+1","Limit Break+1"],"special_seed":0,"relics":["Burning Blood","Lantern","Pear","Prayer Wheel","Coffee Dripper","Champion Belt","Potion Belt","Red Mask","Smiling Mask","Kunai","Bottled Flame","Pen Nib","Empty Cage","Du-Vu Doll","Red Skull","Whetstone","Tiny Chest","Self Forming Clay","Mercury Hourglass","FossilizedHelix","Bronze Scales"],"potions_floor_usage":[33,33,50,50,50],"damage_taken":[{"damage":0.0,"enemies":"2 Louse","floor":1.0,"turns":3.0},{"damage":0.0,"enemies":"Small Slimes","floor":2.0,"turns":3.0},{"damage":2.0,"enemies":"Jaw Worm","floor":3.0,"turns":4.0},{"damage":2.0,"enemies":"3 Louse","floor":4.0,"turns":4.0},{"damage":32.0,"enemies":"3 Sentries","floor":6.0,"turns":7.0},{"damage":22.0,"enemies":"Lagavulin","floor":8.0,"turns":5.0},{"damage":4.0,"enemies":"Exordium Wildlife","floor":12.0,"turns":6.0},{"damage":0.0,"enemies":"Large Slime","floor":13.0,"turns":6.0},{"damage":39.0,"enemies":"Slime Boss","floor":16.0,"turns":9.0},{"damage":14.0,"enemies":"3 Byrds","floor":18.0,"turns":6.0},{"damage":53.0,"enemies":"Masked Bandits","floor":21.0,"turns":5.0},{"damage":27.0,"enemies":"Slavers","floor":24.0,"turns":4.0},{"damage":5.0,"enemies":"Chosen","floor":25.0,"turns":7.0},{"damage":0.0,"enemies":"Gremlin Leader","floor":27.0,"turns":7.0},{"damage":4.0,"enemies":"Centurion and Healer","floor":28.0,"turns":9.0},{"damage":24.0,"enemies":"Book of Stabbing","floor":29.0,"turns":5.0},{"damage":28.0,"enemies":"Snake Plant","floor":30.0,"turns":4.0},{"damage":3.0,"enemies":"Chosen and Byrds","floor":31.0,"turns":4.0},{"damage":27,"enemies":"Automaton","floor":33,"turns":11},{"damage":40,"enemies":"3 Darklings","floor":35,"turns":7},{"damage":0,"enemies":"Mind Bloom Boss Battle","floor":36,"turns":2},{"damage":5,"enemies":"3 Shapes","floor":38,"turns":7},{"damage":29,"enemies":"Giant Head","floor":40,"turns":8},{"damage":15,"enemies":"Spire Growth","floor":42,"turns":5},{"damage":14,"enemies":"Nemesis","floor":44,"turns":5},{"damage":0,"enemies":"Giant Head","floor":46,"turns":8},{"damage":15,"enemies":"3 Darklings","floor":47,"turns":4},{"damage":10,"enemies":"Donu and Deca","floor":50,"turns":6}],"seed_played":"2615439989060018129","potions_obtained":[{"floor":1.0,"key":"PowerPotion"},{"floor":4.0,"key":"Fire Potion"},{"floor":12.0,"key":"Poison Potion"},{"floor":27.0,"key":"PowerPotion"},{"floor":28.0,"key":"GamblersBrew"},{"floor":29.0,"key":"SkillPotion"},{"floor":30.0,"key":"SneckoOil"},{"floor":31.0,"key":"Dexterity Potion"},{"floor":36,"key":"SkillPotion"},{"floor":40,"key":"AttackPotion"},{"floor":42,"key":"Swift Potion"}],"is_trial":false,"path_per_floor":["M","M","M","M","$","E","R","E","T","R","?","M","M","?","R","B",null,"M","?","T","?","$","R","E","M","T","E","M","E","M","M","R","B",null,"M","?","$","M","?","E","R","M","T","E","T","E","M","$","R","B",null],"character_chosen":"IRONCLAD","items_purchased":["Inflame","Strength Potion","PowerPotion","Red Skull","Offering","Inflame","Whetstone","Limit Break"],"campfire_rested":0,"item_purchase_floors":[5,22,22,37,37,37,37,48],"current_hp_per_floor":[78,80,80,80,80,54,54,48,48,48,48,50,66,59,59,44,79,77,77,77,44,44,44,40,46,46,70,84,66,44,47,47,26,74,54,60,60,71,61,38,38,42,42,34,34,66,81,81,81,86],"gold":33,"neow_bonus":"UPGRADE_CARD","is_prod":false,"is_daily":false,"chose_seed":false,"campfire_upgraded":7,"win_rate":0,"timestamp":1547280534,"path_taken":["M","M","M","M","$","E","R","E","T","R","?","M","M","?","R","BOSS","M","?","?","?","$","R","E","M","T","E","?","E","M","M","R","BOSS","M","?","$","M","?","E","R","M","T","E","?","E","?","$","R","BOSS"],"build_version":"2019-01-10","purchased_purges":2,"victory":true,"max_hp_per_floor":[80,80,80,80,80,80,80,90,90,90,90,90,90,90,90,90,90,90,90,90,90,90,90,90,90,90,90,90,90,90,90,90,90,90,90,90,90,90,90,90,90,90,90,90,90,90,90,90,90,90],"card_choices":[{"not_picked":["Warcry","Havoc","Iron Wave"],"picked":"SKIP","floor":1.0},{"not_picked":["Havoc","Limit Break"],"picked":"Cleave","floor":2.0},{"not_picked":["Shrug It Off","Body Slam"],"picked":"Armaments","floor":3.0},{"not_picked":["Perfected Strike","Sever Soul"],"picked":"Clothesline","floor":4.0},{"not_picked":["Rage","Cleave"],"picked":"Shrug It Off","floor":6.0},{"not_picked":["Armaments","Pommel Strike","Flex"],"picked":"SKIP","floor":8.0},{"not_picked":["Wild Strike","Body Slam"],"picked":"Uppercut","floor":12.0},{"not_picked":["Clash","Armaments"],"picked":"Reaper","floor":12.0},{"not_picked":["Entrench","Wild Strike"],"picked":"Sword Boomerang","floor":13.0},{"not_picked":["Blood for Blood","Intimidate","Dual Wield"],"picked":"SKIP","floor":13.0},{"not_picked":["Fiend Fire","Immolate"],"picked":"Impervious","floor":16.0},{"not_picked":["Warcry+1","Armaments"],"picked":"Metallicize","floor":18.0},{"not_picked":["Thunderclap","Dark Embrace","Sentinel+1"],"picked":"SKIP","floor":18.0},{"not_picked":["Intimidate","Entrench"],"picked":"Shrug It Off","floor":21.0},{"not_picked":["Armaments+1","Sword Boomerang+1"],"picked":"Feel No Pain","floor":24.0},{"not_picked":["Armaments","Rupture"],"picked":"True Grit","floor":25.0},{"not_picked":["Intimidate","Body Slam","Thunderclap"],"picked":"SKIP","floor":25.0},{"not_picked":["Flex","Wild Strike","Dark Embrace"],"picked":"SKIP","floor":27.0},{"not_picked":["Pommel Strike","Clash"],"picked":"Headbutt","floor":28.0},{"not_picked":["Heavy Blade","Power Through"],"picked":"Headbutt","floor":28.0},{"not_picked":["True Grit","Thunderclap"],"picked":"Inflame","floor":29.0},{"not_picked":["Iron Wave","Whirlwind","Feel No Pain+1"],"picked":"SKIP","floor":30.0},{"not_picked":["Body Slam","Warcry","Power Through"],"picked":"SKIP","floor":30.0},{"not_picked":["Iron Wave","Whirlwind","Feel No Pain+1"],"picked":"SKIP","floor":30.0},{"not_picked":["Body Slam","Warcry","Power Through"],"picked":"SKIP","floor":30.0},{"not_picked":["Rage","Warcry+1"],"picked":"Metallicize","floor":31.0},{"not_picked":["Wild Strike+1","Perfected Strike","Juggernaut"],"picked":"SKIP","floor":31.0},{"not_picked":["Bludgeon","Exhume"],"picked":"Impervious","floor":33},{"not_picked":["Warcry","Armaments"],"picked":"Havoc+1","floor":35},{"not_picked":["Warcry+1","Armaments+1"],"picked":"Whirlwind+1","floor":35},{"not_picked":["Clothesline","Thunderclap+1"],"picked":"Ghostly Armor","floor":36},{"not_picked":["True Grit","Pummel","Wild Strike+1"],"picked":"SKIP","floor":38},{"not_picked":["Fire Breathing+1","Evolve+1","Cleave"],"picked":"SKIP","floor":38},{"not_picked":["Metamorphosis","Secret Technique"],"picked":"Master of Strategy","floor":39},{"not_picked":["Enlightenment","Swift Strike"],"picked":"Thinking Ahead","floor":39},{"not_picked":["PanicButton","Dramatic Entrance"],"picked":"Blind","floor":39},{"not_picked":["Anger+1","Warcry"],"picked":"Battle Trance+1","floor":40},{"not_picked":["True Grit+1","Twin Strike+1"],"picked":"Havoc+1","floor":42},{"not_picked":["Carnage","Pommel Strike","Power Through+1"],"picked":"SKIP","floor":42},{"not_picked":["Thunderclap","Rampage"],"picked":"Havoc+1","floor":44},{"not_picked":["Double Tap","Whirlwind","Dual Wield"],"picked":"SKIP","floor":46},{"not_picked":["Perfected Strike+1","Havoc+1"],"picked":"Body Slam+1","floor":47},{"not_picked":["Warcry","Perfected Strike+1","Entrench"],"picked":"SKIP","floor":47}],"player_experience":382888,"relics_obtained":[{"floor":6.0,"key":"Lantern"},{"floor":8.0,"key":"Pear"},{"floor":9.0,"key":"Prayer Wheel"},{"floor":20.0,"key":"Potion Belt"},{"floor":21.0,"key":"Red Mask"},{"floor":24.0,"key":"Smiling Mask"},{"floor":26.0,"key":"Kunai"},{"floor":27.0,"key":"Bottled Flame"},{"floor":29.0,"key":"Pen Nib"},{"floor":36,"key":"Du-Vu Doll"},{"floor":40,"key":"Tiny Chest"},{"floor":43,"key":"Self Forming Clay"},{"floor":44,"key":"Mercury Hourglass"},{"floor":45,"key":"FossilizedHelix"},{"floor":46,"key":"Bronze Scales"}],"event_choices":[{"damage_healed":0.0,"max_hp_gain":0.0,"max_hp_loss":0.0,"gold_gain":0.0,"event_name":"Liars Game","player_choice":"Ignored","floor":11.0,"gold_loss":0.0,"damage_taken":0.0},{"cards_removed":["Strike_R"],"damage_healed":0.0,"max_hp_gain":0.0,"max_hp_loss":0.0,"gold_gain":0.0,"event_name":"Golden Wing","player_choice":"Card Removal","floor":14.0,"gold_loss":0.0,"damage_taken":7.0},{"damage_healed":0.0,"max_hp_gain":0.0,"max_hp_loss":0.0,"gold_gain":0.0,"event_name":"The Mausoleum","player_choice":"Opened","floor":19.0,"gold_loss":0.0,"damage_taken":0.0,"relics_obtained":["Champion Belt"],"cards_obtained":["Writhe"]},{"damage_healed":0.0,"max_hp_gain":0.0,"max_hp_loss":0.0,"gold_gain":0.0,"event_name":"Masked Bandits","player_choice":"Fought Bandits","floor":21.0,"gold_loss":0.0,"damage_taken":0.0},{"damage_healed":0,"gold_gain":0,"player_choice":"Fight","damage_taken":0,"max_hp_gain":0,"max_hp_loss":0,"event_name":"MindBloom","floor":36,"gold_loss":0},{"damage_healed":0,"gold_gain":0,"player_choice":"Memory 3","damage_taken":10,"max_hp_gain":0,"max_hp_loss":0,"event_name":"SensoryStone","floor":39,"gold_loss":0}],"is_beta":false,"boss_relics":[{"not_picked":["Runic Dome","Snecko Eye"],"picked":"Coffee Dripper"},{"not_picked":["Tiny House","Mark of Pain"],"picked":"Empty Cage"}],"items_purged_floors":[22,37],"is_endless":false,"potions_floor_spawned":[1,4,12,27,28,29,30,31,36,40,42],"ascension_level":9}