{"gold_per_floor":[111,130,143,2,13,342,83,99,147,158,158,158,177,193,193,294,294,306,320,243,253,268,268,297,297,297,311,311,329,119,135,135,230,230,241,241,258,14,14],"floor_reached":39,"playtime":3405,"items_purged":[],"score":520,"play_id":"1911d3f0-1f0f-4ab4-ae10-c0b5174ed9cf","local_time":"20180705120716","is_ascension_mode":true,"campfire_choices":[{"floor":12,"key":"REST"},{"floor":15,"key":"REST"},{"floor":23,"key":"REST"},{"floor":25,"key":"REST"},{"data":"Apotheosis","floor":28,"key":"SMITH"},{"floor":32,"key":"REST"}],"neow_cost":"NONE","seed_source_timestamp":718862520904,"circlet_count":0,"master_deck":["Strike_B","Strike_B","Defend_B","Defend_B","Defend_B","Defend_B","Zap","Dualcast","Streamline","Scrape","Go for the Eyes","Gash","Swift Strike","Streamline","BootSequence","Apotheosis+1","All For One","Streamline","Go for the Eyes","Self Repair","Gash","Rainbow","Doom and Gloom+1","Streamline","J.A.X.","White Noise","Hello World+1","Beam Cell","Go for the Eyes","Reinforced Body","Steam","Tempest+1","Stack+1","Rainbow+1","Echo Form+1","White Noise","Self Repair+1"],"special_seed":17717,"relics":["Cracked Core","Old Coin","Regal Pillow","Busted Crown","Pantograph","Question Card","Astrolabe","Symbiotic Virus"],"potions_floor_usage":[5,6,10,16,24,24,33,33],"damage_taken":[{"damage":1,"enemies":"Cultist","floor":1,"turns":4},{"damage":9,"enemies":"2 Louse","floor":2,"turns":3},{"damage":0,"enemies":"Small Slimes","floor":3,"turns":3},{"damage":0,"enemies":"Exordium Wildlife","floor":5,"turns":2},{"damage":41,"enemies":"Gremlin Nob","floor":6,"turns":4},{"damage":1,"enemies":"3 Louse","floor":8,"turns":3},{"damage":10,"enemies":"Exordium Thugs","floor":10,"turns":4},{"damage":20,"enemies":"Exordium Wildlife","floor":13,"turns":4},{"damage":8,"enemies":"Gremlin Gang","floor":14,"turns":3},{"damage":21,"enemies":"The Guardian","floor":16,"turns":8},{"damage":0,"enemies":"Chosen","floor":18,"turns":3},{"damage":18,"enemies":"3 Byrds","floor":19,"turns":5},{"damage":7,"enemies":"Snake Plant","floor":21,"turns":4},{"damage":27,"enemies":"Snecko","floor":22,"turns":5},{"damage":31,"enemies":"Gremlin Leader","floor":24,"turns":5},{"damage":14,"enemies":"Cultist and Chosen","floor":27,"turns":7},{"damage":23,"enemies":"Centurion and Healer","floor":29,"turns":5},{"damage":14,"enemies":"Snake Plant","floor":31,"turns":4},{"damage":60,"enemies":"Collector","floor":33,"turns":8},{"damage":64,"enemies":"3 Darklings","floor":35,"turns":7},{"damage":16,"enemies":"Orb Walker","floor":37,"turns":5},{"damage":13,"enemies":"Sphere and 2 Shapes","floor":39,"turns":4}],"seed_played":"-8696275564239122576","potions_obtained":[{"floor":1,"key":"Fire Potion"},{"floor":3,"key":"LiquidBronze"},{"floor":8,"key":"SkillPotion"},{"floor":10,"key":"Swift Potion"},{"floor":14,"key":"Swift Potion"},{"floor":22,"key":"GamblersBrew"},{"floor":24,"key":"Ancient Potion"},{"floor":27,"key":"SpeedPotion"},{"floor":35,"key":"FearPotion"}],"is_trial":false,"path_per_floor":["M","M","M","$","M","E","$","M","T","M","?","R","M","M","R","B",null,"M","M","?","M","M","R","E","R","T","M","R","M","$","M","R","B",null,"M","?","M","$"],"character_chosen":"DEFECT","items_purchased":["Swift Strike","Streamline","Apotheosis","All For One","Beam Cell","Go for the Eyes","Reinforced Body","Steam","Symbiotic Virus"],"campfire_rested":5,"item_purchase_floors":[4,4,7,7,30,30,30,30,38],"current_hp_per_floor":[74,65,65,65,65,24,24,23,23,13,13,50,30,22,59,45,75,75,57,57,60,33,70,49,75,75,68,68,52,52,38,75,22,75,18,18,9,9,0],"gold":14,"neow_bonus":"TRANSFORM_CARD","is_prod":false,"is_daily":false,"chose_seed":false,"campfire_upgraded":1,"win_rate":0,"timestamp":1530806836,"path_taken":["M","M","?","$","M","E","$","M","T","M","?","R","M","M","R","BOSS","M","M","?","M","M","R","E","R","T","M","R","M","$","M","R","BOSS","M","?","?","$","M"],"build_version":"2018-06-28","purchased_purges":0,"victory":false,"max_hp_per_floor":[75,75,75,75,75,75,75,75,75,75,75,75,75,75,75,75,75,75,75,75,75,75,75,75,75,75,75,75,75,75,75,75,75,75,75,75,75,75,75],"card_choices":[{"not_picked":["Self Repair","Turbo"],"picked":"Scrape","floor":1},{"not_picked":["Cold Snap","Redo"],"picked":"Go for the Eyes","floor":2},{"not_picked":["Conserve Battery","Rebound"],"picked":"Gash","floor":3},{"not_picked":["Static Discharge","Skim"],"picked":"Blizzard","floor":5},{"not_picked":["Chaos","Cold Snap"],"picked":"BootSequence","floor":6},{"not_picked":["Sweeping Beam","Ball Lightning"],"picked":"Streamline","floor":8},{"not_picked":["Streamline","Ball Lightning"],"picked":"Go for the Eyes","floor":10},{"not_picked":["Blizzard","Reprogram"],"picked":"Self Repair","floor":13},{"not_picked":["Hologram","Loop"],"picked":"Gash","floor":14},{"not_picked":["Multi-Cast","Electrodynamics"],"picked":"Rainbow","floor":16},{"not_picked":[],"picked":"Doom and Gloom+1","floor":18},{"not_picked":[],"picked":"Streamline","floor":19},{"not_picked":[],"picked":"Lockon","floor":21},{"not_picked":[],"picked":"Capacitor","floor":22},{"not_picked":[],"picked":"White Noise","floor":24},{"not_picked":["Capacitor","Aggregate"],"picked":"SKIP","floor":27},{"not_picked":["Steam"],"picked":"Hello World+1","floor":29},{"not_picked":["Scrape"],"picked":"Tempest+1","floor":31},{"not_picked":["Sweeping Beam+1"],"picked":"White Noise","floor":35},{"not_picked":["Compile Driver"],"picked":"Self Repair+1","floor":37}],"player_experience":220807,"relics_obtained":[{"floor":6,"key":"Old Coin"},{"floor":9,"key":"Regal Pillow"},{"floor":24,"key":"Pantograph"},{"floor":26,"key":"Question Card"}],"event_choices":[{"event_name":"The Cleric","player_choice":"Leave","floor":11,"damage_taken":0},{"event_name":"Drug Dealer","player_choice":"Got JAXXED","floor":20,"damage_taken":0},{"event_name":"Falling","player_choice":"Removed Attack","floor":36,"damage_taken":0}],"boss_relics":[{"not_picked":["Runic Pyramid","Coffee Dripper"],"picked":"Busted Crown"},{"not_picked":["Sozu","Cursed Key"],"picked":"Astrolabe"}],"items_purged_floors":[],"is_endless":false,"potions_floor_spawned":[1,3,8,10,14,22,24,27,35],"killed_by":"Sphere and 2 Shapes","ascension_level":3}