{"gold_per_floor":[110,86,86,86,86,86,118,293,345,355,373,373,373,84,84,187,187,199,213,230,230,245,245,106,121,121,121,156,156,156,209,209,209],"floor_reached":33,"playtime":910,"items_purged":["Doubt","Defend_B"],"score":261,"play_id":"09dfe061-2896-4047-8b92-0a31c3e52b7a","local_time":"20190126185631","is_ascension_mode":false,"campfire_choices":[{"data":"Ball Lightning","floor":6.0,"key":"SMITH"},{"data":"Buffer","floor":12.0,"key":"SMITH"},{"data":"Dualcast","floor":15.0,"key":"SMITH"},{"data":"Zap","floor":23.0,"key":"SMITH"},{"data":"Auto Shields","floor":27,"key":"SMITH"},{"floor":30,"key":"REST"},{"data":"Conserve Battery","floor":32,"key":"SMITH"}],"neow_cost":"NONE","seed_source_timestamp":2848173813043138,"circlet_count":0,"master_deck":["Strike_B","Defend_B","Defend_B","Zap+1","Dualcast+1","Conserve Battery+1","Ball Lightning+1","Buffer+1","Auto Shields+1","Steam Power+1","Rainbow+1","Genetic Algorithm+1","Glacier+1","Fusion+1","Discovery+1","Conserve Battery+1"],"special_seed":0,"relics":["Cracked Core","Pen Nib","Smiling Mask","Bag of Marbles","Ornamental Fan","Toxic Egg 2","Astrolabe","Blue Candle","Anchor","PreservedInsect"],"potions_floor_usage":[],"damage_taken":[{"damage":1.0,"enemies":"Jaw Worm","floor":1.0,"turns":4.0},{"damage":23.0,"enemies":"3 Sentries","floor":7.0,"turns":6.0},{"damage":0.0,"enemies":"2 Louse","floor":10.0,"turns":1.0},{"damage":0.0,"enemies":"Small Slimes","floor":11.0,"turns":4.0},{"damage":27.0,"enemies":"Hexaghost","floor":16.0,"turns":11.0},{"damage":0.0,"enemies":"Chosen","floor":18.0,"turns":3.0},{"damage":0.0,"enemies":"Spheric Guardian","floor":19.0,"turns":6.0},{"damage":6.0,"enemies":"Chosen and Byrds","floor":20.0,"turns":7.0},{"damage":7.0,"enemies":"Shelled Parasite and Fungi","floor":22.0,"turns":11.0},{"damage":0,"enemies":"Snecko","floor":25,"turns":6},{"damage":19,"enemies":"Book of Stabbing","floor":28,"turns":8},{"damage":0,"enemies":"Collector","floor":33,"turns":3}],"seed_played":"7093685448401503970","potions_obtained":[{"floor":1.0,"key":"Dexterity Potion"},{"floor":10.0,"key":"SkillPotion"},{"floor":19.0,"key":"Swift Potion"},{"floor":25,"key":"Explosive Potion"},{"floor":28,"key":"Dexterity Potion"}],"is_trial":false,"path_per_floor":["M","$","?","?","$","R","E","?","T","M","M","R","?","$","R","B",null,"M","M","M","?","M","R","$","M","T","R","E","?","R","T","R","B"],"character_chosen":"DEFECT","items_purchased":["Ball Lightning","Toxic Egg 2","Discovery+1"],"campfire_rested":1,"item_purchase_floors":[2,14,24],"current_hp_per_floor":[74,74,79,72,72,72,49,49,49,49,49,49,49,49,49,22,80,80,80,74,74,67,67,67,67,67,67,48,33,58,58,58,58],"gold":209,"neow_bonus":"RANDOM_COMMON_RELIC","is_prod":false,"is_daily":false,"chose_seed":false,"campfire_upgraded":6,"win_rate":0,"timestamp":1548528991,"path_taken":["M","$","?","?","$","R","E","?","T","M","?","R","?","$","R","BOSS","M","?","M","?","M","R","$","M","T","R","E","?","R","?","R","BOSS"],"build_version":"2019-01-23","purchased_purges":2,"victory":false,"max_hp_per_floor":[75,75,80,80,80,80,80,80,80,80,80,80,80,80,80,80,80,80,80,80,80,80,80,80,80,80,80,80,85,85,85,85,85],"card_choices":[{"not_picked":["Heatsinks","Chaos"],"picked":"Conserve Battery","floor":1.0},{"not_picked":["Chaos","Ball Lightning"],"picked":"Buffer","floor":7.0},{"not_picked":["Barrage","Go for the Eyes"],"picked":"Auto Shields","floor":10.0},{"not_picked":["Steam","Skim","Static Discharge"],"picked":"SKIP","floor":11.0},{"not_picked":["Chill+1","Beam Cell"],"picked":"Glacier+1","floor":18.0},{"not_picked":["Beam Cell","Steam+1"],"picked":"Fusion+1","floor":19.0},{"not_picked":["Hologram+1","Go for the Eyes","Compile Driver+1"],"picked":"SKIP","floor":20.0},{"not_picked":["Stack+1","Aggregate+1","Reinforced Body+1"],"picked":"SKIP","floor":22.0},{"not_picked":["Self Repair","Sweeping Beam","Double Energy+1"],"picked":"SKIP","floor":25},{"not_picked":["White Noise+1","Compile Driver"],"picked":"Conserve Battery+1","floor":28}],"player_experience":1000206,"relics_obtained":[{"floor":7.0,"key":"Smiling Mask"},{"floor":9.0,"key":"Bag of Marbles"},{"floor":26,"key":"Blue Candle"},{"floor":28,"key":"Anchor"},{"floor":31,"key":"PreservedInsect"}],"event_choices":[{"damage_healed":0.0,"max_hp_gain":5.0,"max_hp_loss":0.0,"gold_gain":0.0,"event_name":"Big Fish","player_choice":"Donut","floor":3.0,"gold_loss":0.0,"damage_taken":0.0},{"cards_removed":["Defend_B"],"damage_healed":0.0,"max_hp_gain":0.0,"max_hp_loss":0.0,"gold_gain":0.0,"event_name":"Golden Wing","player_choice":"Card Removal","floor":4.0,"gold_loss":0.0,"damage_taken":7.0},{"damage_healed":0.0,"max_hp_gain":0.0,"max_hp_loss":0.0,"gold_gain":175.0,"event_name":"Liars Game","player_choice":"AGREE","floor":8.0,"gold_loss":0.0,"damage_taken":0.0,"cards_obtained":["Doubt"]},{"damage_healed":0.0,"max_hp_gain":0.0,"max_hp_loss":0.0,"gold_gain":0.0,"event_name":"WeMeetAgain","player_choice":"Gave Potion","floor":13.0,"gold_loss":0.0,"damage_taken":0.0,"relics_obtained":["Ornamental Fan"]},{"damage_healed":0.0,"max_hp_gain":0.0,"max_hp_loss":0.0,"gold_gain":0.0,"event_name":"Cursed Tome","player_choice":"Ignored","floor":21.0,"gold_loss":0.0,"damage_taken":0.0},{"damage_healed":0,"gold_gain":0,"player_choice":"Shed Blood","damage_taken":20,"max_hp_gain":5,"max_hp_loss":0,"event_name":"Forgotten Altar","floor":29,"gold_loss":0}],"is_beta":false,"boss_relics":[{"not_picked":["Nuclear Battery","Busted Crown"],"picked":"Astrolabe"}],"items_purged_floors":[14,24],"is_endless":false,"potions_floor_spawned":[1,10,19,25,28],"killed_by":"Collector","ascension_level":0}