{"gold_per_floor":[216,291,310,322,272,306,20,49,49,49,59,121,141,141,141,241,241,255,23,23],"floor_reached":20,"playtime":1165,"items_purged":["Strike_B","Strike_B"],"score":232,"play_id":"cc38f35a-8904-4e0a-882d-0c2797360399","local_time":"20190209225037","is_ascension_mode":false,"campfire_choices":[{"floor":10,"key":"REST"},{"floor":15,"key":"REST"}],"neow_cost":"NONE","seed_source_timestamp":534594555691212,"circlet_count":0,"master_deck":["Strike_B","Defend_B","Defend_B","Defend_B","Defend_B","Zap","Dualcast","Coolheaded","Leap","Sunder","Echo Form","Ball Lightning","Cold Snap","Steam","Chill","Sweeping Beam","Seek","FTL","Capacitor"],"relics":["Cracked Core","Omamori","Potion Belt","Letter Opener","Shuriken","The Courier","Inserter","Anchor"],"potions_floor_usage":[8,13,16],"damage_taken":[{"damage":2,"enemies":"Small Slimes","floor":1,"turns":3},{"damage":5,"enemies":"2 Louse","floor":3,"turns":2},{"damage":0,"enemies":"Jaw Worm","floor":4,"turns":3},{"damage":33,"enemies":"Lagavulin","floor":6,"turns":9},{"damage":17,"enemies":"3 Sentries","floor":8,"turns":8},{"damage":6,"enemies":"3 Louse","floor":11,"turns":3},{"damage":18,"enemies":"Gremlin Nob","floor":12,"turns":4},{"damage":2,"enemies":"Exordium Thugs","floor":13,"turns":4},{"damage":0,"enemies":"Slime Boss","floor":16,"turns":6},{"damage":7,"enemies":"Chosen","floor":18,"turns":5},{"damage":19,"enemies":"Colosseum Slavers","floor":20,"turns":4},{"damage":38,"enemies":"Colosseum Nobs","floor":20,"turns":4}],"seed_played":"5407997480420865522","potions_obtained":[{"floor":6,"key":"SpeedPotion"},{"floor":12,"key":"Swift Potion"},{"floor":13,"key":"Explosive Potion"}],"is_trial":false,"path_per_floor":["M","?","M","M","?","E","$","E","T","R","M","?","M","?","R","B",null,"M","$","?"],"character_chosen":"DEFECT","items_purchased":["Ball Lightning","Potion Belt","Capacitor","Anchor"],"campfire_rested":2,"item_purchase_floors":[7,7,19,19],"current_hp_per_floor":[73,62,57,57,57,24,24,7,7,29,23,5,3,21,43,43,75,68,68,11],"gold":23,"neow_bonus":"HUNDRED_GOLD","is_prod":false,"is_daily":false,"chose_seed":false,"campfire_upgraded":0,"win_rate":0,"timestamp":1549749037,"path_taken":["M","?","M","M","?","E","$","E","T","R","M","?","M","?","R","BOSS","M","$","?"],"build_version":"2019-01-23","purchased_purges":2,"victory":false,"max_hp_per_floor":[75,75,75,75,75,75,75,75,75,75,75,75,75,75,75,75,75,75,75,75],"card_choices":[{"not_picked":["Go for the Eyes","Reinforced Body"],"picked":"Coolheaded","floor":1},{"not_picked":["Fusion","Redo"],"picked":"Leap","floor":3},{"not_picked":["Stack","Cold Snap"],"picked":"Sunder","floor":4},{"not_picked":["Cold Snap","Hologram"],"picked":"Echo Form","floor":6},{"not_picked":["Hello World","Turbo"],"picked":"Cold Snap","floor":8},{"not_picked":["Heatsinks","FTL"],"picked":"Steam","floor":11},{"not_picked":["Stack","Reinforced Body"],"picked":"Chill","floor":12},{"not_picked":["Compile Driver","Machine Learning"],"picked":"Sweeping Beam","floor":13},{"not_picked":["Machine Learning","Reboot"],"picked":"Seek","floor":16},{"not_picked":["Go for the Eyes+1","Storm"],"picked":"FTL","floor":18}],"player_experience":89201,"relics_obtained":[{"floor":6,"key":"Omamori"},{"floor":8,"key":"Letter Opener"},{"floor":9,"key":"Shuriken"},{"floor":12,"key":"The Courier"}],"event_choices":[{"damage_healed":0,"gold_gain":75,"player_choice":"Gather Gold","damage_taken":11,"max_hp_gain":0,"max_hp_loss":0,"event_name":"World of Goop","floor":2,"gold_loss":0},{"cards_removed":["Strike_B"],"damage_healed":0,"gold_gain":0,"player_choice":"Card Removal","damage_taken":0,"max_hp_gain":0,"max_hp_loss":0,"event_name":"The Cleric","floor":5,"gold_loss":50},{"damage_healed":0,"gold_gain":0,"player_choice":"Searched \u00271\u0027 times","damage_taken":0,"max_hp_gain":0,"max_hp_loss":0,"event_name":"Dead Adventurer","floor":12,"gold_loss":0},{"damage_healed":18,"gold_gain":0,"player_choice":"Healed and dodged fight","damage_taken":0,"max_hp_gain":0,"max_hp_loss":0,"event_name":"Mushrooms","floor":14,"gold_loss":0,"cards_obtained":["Parasite"]},{"damage_healed":0,"gold_gain":0,"player_choice":"Fight","damage_taken":0,"max_hp_gain":0,"max_hp_loss":0,"event_name":"Colosseum","floor":20,"gold_loss":0},{"damage_healed":0,"gold_gain":0,"player_choice":"Fought Nobs","damage_taken":0,"max_hp_gain":0,"max_hp_loss":0,"event_name":"Colosseum","floor":20,"gold_loss":0}],"is_beta":false,"boss_relics":[{"not_picked":["Black Star","Ectoplasm"],"picked":"Inserter"}],"items_purged_floors":[7,19],"is_endless":false,"potions_floor_spawned":[6,12,13],"killed_by":"Colosseum Nobs","ascension_level":0}