{"gold_per_floor":[117,37,53,53,71,71,86,115,166,166,183,217,217,237,237,308,308,321,321,321,246,260,260,270,270],"floor_reached":25,"playtime":1915,"items_purged":["Strike_G"],"score":415,"play_id":"d33312c1-6d98-4e8d-a3cc-6e2dad8e6bcb","local_time":"20190205113209","is_ascension_mode":true,"campfire_choices":[{"data":"Deadly Poison","floor":6,"key":"SMITH"},{"floor":10,"key":"REST"},{"floor":13,"key":"REST"},{"data":"Noxious Fumes","floor":15,"key":"SMITH"},{"floor":23,"key":"REST"}],"neow_cost":"NONE","seed_source_timestamp":3549083058200,"circlet_count":0,"master_deck":["AscendersBane","Defend_G","Defend_G","Defend_G","Defend_G","Defend_G","Strike_G+1","Survivor","Neutralize","Underhanded Strike","Deadly Poison+1","Dash+1","Slice","Terror","Sucker Punch","Noxious Fumes+1","After Image","Crippling Poison+1","Adrenaline","Riddle With Holes","Cloak And Dagger","Backflip"],"relics":["Ring of the Snake","Question Card","Regal Pillow","Anchor","Snecko Eye"],"potions_floor_usage":[7,8,16,18,24,25],"damage_taken":[{"damage":9,"enemies":"Jaw Worm","floor":1,"turns":7},{"damage":1,"enemies":"Small Slimes","floor":3,"turns":4},{"damage":0,"enemies":"Cultist","floor":5,"turns":3},{"damage":0,"enemies":"2 Fungi Beasts","floor":7,"turns":4},{"damage":12,"enemies":"Lagavulin","floor":8,"turns":7},{"damage":4,"enemies":"Exordium Thugs","floor":11,"turns":4},{"damage":32,"enemies":"3 Sentries","floor":12,"turns":10},{"damage":4,"enemies":"Looter","floor":14,"turns":3},{"damage":27,"enemies":"Hexaghost","floor":16,"turns":9},{"damage":33,"enemies":"Chosen","floor":18,"turns":5},{"damage":0,"enemies":"3 Byrds","floor":22,"turns":3},{"damage":20,"enemies":"3 Cultists","floor":24,"turns":5},{"damage":42,"enemies":"Gremlin Leader","floor":25,"turns":4}],"seed_played":"-7666951063005309777","potions_obtained":[{"floor":3,"key":"Swift Potion"},{"floor":5,"key":"Regen Potion"},{"floor":8,"key":"Weak Potion"},{"floor":14,"key":"Dexterity Potion"},{"floor":18,"key":"Block Potion"},{"floor":24,"key":"Dexterity Potion"}],"is_trial":false,"path_per_floor":["M","$","M","?","M","R","M","E","T","R","M","E","R","M","R","B",null,"M","?","?","$","M","R","M","E"],"character_chosen":"THE_SILENT","items_purchased":["Dash"],"campfire_rested":3,"item_purchase_floors":[2],"current_hp_per_floor":[50,50,49,29,29,29,43,31,31,65,61,29,63,59,59,32,58,25,25,25,25,25,59,39,0],"gold":270,"neow_bonus":"TRANSFORM_CARD","is_prod":false,"is_daily":false,"chose_seed":false,"campfire_upgraded":2,"win_rate":0,"timestamp":1549362729,"path_taken":["M","$","M","?","M","R","M","E","T","R","M","E","R","M","R","BOSS","M","?","?","$","M","R","M","E"],"build_version":"2019-01-23","purchased_purges":1,"victory":false,"max_hp_per_floor":[66,66,66,66,66,66,66,66,66,66,66,66,66,66,66,66,66,66,66,66,66,66,66,66,66],"card_choices":[{"not_picked":["Underhanded Strike","PiercingWail"],"picked":"Deadly Poison","floor":1},{"not_picked":["Prepared","Dodge and Roll"],"picked":"Slice","floor":3},{"not_picked":["Quick Slash","Bane","Underhanded Strike"],"picked":"SKIP","floor":5},{"not_picked":["Acrobatics","Quick Slash"],"picked":"Terror","floor":7},{"not_picked":["Quick Slash","Expertise"],"picked":"Sucker Punch","floor":8},{"not_picked":["Expertise","Deadly Poison","Reflex","Eviscerate"],"picked":"SKIP","floor":11},{"not_picked":["Dagger Spray","Envenom","PiercingWail"],"picked":"Noxious Fumes","floor":12},{"not_picked":["Bouncing Flask","Outmaneuver","Slice","Endless Agony"],"picked":"SKIP","floor":14},{"not_picked":["Burst","Phantasmal Killer","Tools of the Trade"],"picked":"After Image","floor":16},{"not_picked":["Underhanded Strike","Quick Slash","Poisoned Stab+1"],"picked":"Crippling Poison+1","floor":18},{"not_picked":["Blade Dance","Quick Slash","Accuracy"],"picked":"Cloak And Dagger","floor":22},{"not_picked":["Flying Knee","Deflect","Choke"],"picked":"Backflip","floor":24}],"player_experience":410311,"relics_obtained":[{"floor":8,"key":"Question Card"},{"floor":9,"key":"Regal Pillow"},{"floor":12,"key":"Anchor"}],"event_choices":[{"damage_healed":0,"gold_gain":0,"player_choice":"Entered Light","damage_taken":20,"max_hp_gain":0,"max_hp_loss":0,"event_name":"Shining Light","floor":4,"gold_loss":0,"cards_upgraded":["Strike_G","Dash"]},{"damage_healed":0,"gold_gain":0,"cards_transformed":["Strike_G","Strike_G"],"player_choice":"Became Test Subject","damage_taken":0,"max_hp_gain":0,"max_hp_loss":0,"event_name":"Drug Dealer","floor":19,"gold_loss":0,"cards_obtained":["Adrenaline","Riddle With Holes"]},{"damage_healed":0,"gold_gain":0,"player_choice":"Ignored","damage_taken":0,"max_hp_gain":0,"max_hp_loss":0,"event_name":"Cursed Tome","floor":20,"gold_loss":0}],"is_beta":false,"boss_relics":[{"not_picked":["Ring of the Serpent","Busted Crown"],"picked":"Snecko Eye"}],"items_purged_floors":[21],"is_endless":false,"potions_floor_spawned":[3,5,8,14,18,24],"killed_by":"Gremlin Leader","ascension_level":19}