{"gold_per_floor":[118,132,143,33,33,65,65,100,100,0,14,14,32,49,49,144,144,160,193,66,66,79,79,79,104,183,199,217,232,232,250,250,347,377,387,37,37,48,66,66,83,83,138,138,108,108,108,128,128,128],"floor_reached":50,"playtime":3153,"items_purged":["Strike_B","Defend_B"],"score":570,"play_id":"103e5f40-95ec-4d8c-828a-27cff98372df","local_time":"20180708131102","is_ascension_mode":true,"campfire_choices":[{"floor":7,"key":"REST"},{"data":"Self Repair","floor":12,"key":"SMITH"},{"data":"Turbo","floor":15,"key":"SMITH"},{"data":"Meteor Strike","floor":23,"key":"SMITH"},{"floor":30,"key":"REST"},{"data":"Meteor Strike","floor":32,"key":"SMITH"},{"data":"1","floor":40,"key":"LIFT"},{"data":"2","floor":44,"key":"LIFT"},{"data":"3","floor":47,"key":"LIFT"},{"data":"Meteor Strike","floor":49,"key":"SMITH"}],"neow_cost":"NONE","seed_source_timestamp":9267800347328,"circlet_count":0,"master_deck":["Defend_B+1","Zap","Dualcast","Ball Lightning","Go for the Eyes","Turbo+1","Self Repair+1","Self Repair+1","Sweeping Beam","Ball Lightning","Sunder","Double Energy","Meteor Strike+1","Chill+1","Barrage+1","Doom and Gloom+1","Redo+1","Ball Lightning","Static Discharge","Turbo","Necronomicurse","Turbo","Stack","Auto Shields+1","Meteor Strike+1","Turbo","Meteor Strike+1","Double Energy+1","Static Discharge","Writhe","Turbo+1","Hologram","Creative AI"],"relics":["Cracked Core","Ice Cream","Pantograph","Mummified Hand","Astrolabe","Necronomicon","Nloth\u0027s Gift","Du-Vu Doll","Bottled Tornado","Tiny House","Girya","Pen Nib"],"potions_floor_usage":[6,14,16,18,22,31,33,39,50,50,50],"damage_taken":[{"damage":1,"enemies":"Cultist","floor":1,"turns":3},{"damage":7,"enemies":"Jaw Worm","floor":2,"turns":2},{"damage":3,"enemies":"2 Louse","floor":3,"turns":2},{"damage":28,"enemies":"Gremlin Nob","floor":6,"turns":4},{"damage":30,"enemies":"3 Sentries","floor":8,"turns":7},{"damage":14,"enemies":"Looter","floor":11,"turns":3},{"damage":18,"enemies":"Exordium Wildlife","floor":13,"turns":3},{"damage":1,"enemies":"3 Louse","floor":14,"turns":2},{"damage":45,"enemies":"The Guardian","floor":16,"turns":7},{"damage":21,"enemies":"2 Thieves","floor":18,"turns":3},{"damage":20,"floor":19,"turns":4},{"damage":20,"enemies":"Shell Parasite","floor":22,"turns":4},{"damage":31,"enemies":"Gremlin Leader","floor":25,"turns":4},{"damage":7,"enemies":"Centurion and Healer","floor":27,"turns":3},{"damage":22,"enemies":"Snake Plant","floor":28,"turns":2},{"damage":0,"enemies":"Snecko","floor":29,"turns":2},{"damage":0,"enemies":"Centurion and Healer","floor":31,"turns":2},{"damage":29,"enemies":"Automaton","floor":33,"turns":6},{"damage":20,"enemies":"3 Shapes","floor":35,"turns":3},{"damage":9,"enemies":"3 Darklings","floor":38,"turns":4},{"damage":20,"enemies":"Maw","floor":39,"turns":6},{"damage":11,"enemies":"Sphere and 2 Shapes","floor":41,"turns":3},{"damage":11,"enemies":"4 Shapes","floor":48,"turns":4},{"damage":90,"enemies":"Awakened One","floor":50,"turns":8}],"seed_played":"6224508343532227112","potions_obtained":[{"floor":2,"key":"FearPotion"},{"floor":8,"key":"FocusPotion"},{"floor":13,"key":"AttackPotion"},{"floor":16,"key":"Explosive Potion"},{"floor":19,"key":"PowerPotion"},{"floor":27,"key":"Explosive Potion"},{"floor":28,"key":"Block Potion"},{"floor":33,"key":"Weak Potion"},{"floor":34,"key":"SteroidPotion"},{"floor":35,"key":"SpeedPotion"},{"floor":41,"key":"Weak Potion"},{"floor":45,"key":"Block Potion"},{"floor":45,"key":"FearPotion"},{"floor":48,"key":"EssenceOfSteel"}],"is_trial":false,"path_per_floor":["M","M","M","$","?","E","R","E","T","$","M","R","M","M","R","B",null,"M","?","$","?","M","R","?","E","T","M","M","M","R","M","R","B",null,"M","$","?","M","M","R","M","?","T","R","?","?","R","M","R"],"character_chosen":"DEFECT","items_purchased":["Self Repair","Static Discharge","Turbo","Girya","Static Discharge"],"campfire_rested":2,"item_purchase_floors":[4,20,20,36,36],"current_hp_per_floor":[74,67,64,64,64,46,68,55,55,55,58,58,60,69,69,50,75,74,74,74,58,58,58,58,37,37,30,8,8,30,40,40,56,80,70,70,80,80,80,80,79,79,79,79,79,79,79,68,68,0],"gold":128,"neow_bonus":"REMOVE_CARD","is_prod":false,"is_daily":false,"chose_seed":false,"campfire_upgraded":5,"win_rate":0,"timestamp":1531069862,"path_taken":["M","M","?","$","?","E","R","E","T","$","M","R","?","M","R","BOSS","M","?","$","?","M","R","?","E","T","M","M","M","R","M","R","BOSS","M","$","?","M","M","R","?","?","T","R","?","?","R","M","R","BOSS"],"build_version":"2018-07-05","purchased_purges":2,"victory":false,"max_hp_per_floor":[75,75,75,75,75,75,75,75,75,75,75,75,75,75,75,75,75,75,75,75,75,75,75,75,75,75,75,75,75,75,75,75,75,80,80,80,80,80,80,80,80,80,80,80,80,80,80,80,80,80],"card_choices":[{"not_picked":["Go for the Eyes","Compile Driver"],"picked":"Ball Lightning","floor":1},{"not_picked":["Auto Shields","Stack"],"picked":"Go for the Eyes","floor":2},{"not_picked":["Undo","Rebound"],"picked":"Turbo","floor":3},{"not_picked":["Reinforced Body","Compile Driver"],"picked":"Self Repair","floor":6},{"not_picked":["Chaos","Reprogram"],"picked":"Sweeping Beam","floor":8},{"not_picked":["Gash","Machine Learning"],"picked":"Ball Lightning","floor":11},{"not_picked":["Streamline","Sweeping Beam"],"picked":"Sunder","floor":13},{"not_picked":["Compile Driver","Conserve Battery"],"picked":"Double Energy","floor":14},{"not_picked":["Biased Cognition","Electrodynamics"],"picked":"Meteor Strike","floor":16},{"not_picked":["Rebound","Compile Driver"],"picked":"Redo+1","floor":18},{"not_picked":["Sweeping Beam","Rip and Tear"],"picked":"Ball Lightning","floor":19},{"not_picked":["Stack","Chaos"],"picked":"Turbo","floor":22},{"not_picked":["Sweeping Beam+1","Compile Driver"],"picked":"Stack","floor":25},{"not_picked":["Beam Cell","Ball Lightning"],"picked":"Auto Shields+1","floor":27},{"not_picked":["Heatsinks","FTL+1"],"picked":"Meteor Strike","floor":28},{"not_picked":["Coolheaded","Leap"],"picked":"Turbo","floor":29},{"not_picked":["Sweeping Beam","Hyperbeam","Auto Shields"],"picked":"SKIP","floor":31},{"not_picked":["Buffer","Creative AI"],"picked":"Meteor Strike","floor":33},{"not_picked":["Redo","Turbo+1"],"picked":"Double Energy+1","floor":35},{"not_picked":["Stack+1","Gash+1"],"picked":"Turbo+1","floor":38},{"not_picked":["Ball Lightning","Rebound"],"picked":"Hologram","floor":39},{"not_picked":["Leap+1","Stack"],"picked":"Creative AI","floor":41},{"not_picked":["Go for the Eyes+1","Redo+1","Compile Driver"],"picked":"SKIP","floor":48}],"player_experience":299338,"relics_obtained":[{"floor":6,"key":"Ice Cream"},{"floor":8,"key":"Pantograph"},{"floor":9,"key":"Mummified Hand"},{"floor":19,"key":"Red Mask"},{"floor":21,"key":"Necronomicon"},{"floor":25,"key":"Du-Vu Doll"},{"floor":26,"key":"Bottled Tornado"},{"floor":43,"key":"Pen Nib"}],"event_choices":[{"event_name":"Upgrade Shrine","player_choice":"Upgraded","floor":5,"damage_taken":0},{"event_name":"Masked Bandits","player_choice":"Fought over 160 gold","floor":19,"damage_taken":0},{"event_name":"Cursed Tome","player_choice":"Obtained Book","floor":21,"damage_taken":0},{"event_name":"N\u0027loth","player_choice":"Traded a Red Mask","floor":24,"damage_taken":0},{"event_name":"Winding Halls","player_choice":"Writhe","floor":37,"damage_taken":0},{"event_name":"SecretPortal","player_choice":"Rejected Portal.","floor":42,"damage_taken":0},{"event_name":"The Woman in Blue","player_choice":"Bought 2 Potions","floor":45,"damage_taken":0},{"event_name":"Falling","player_choice":"Removed Attack","floor":46,"damage_taken":0}],"boss_relics":[{"not_picked":["Eternal Feather","Orrery"],"picked":"Astrolabe"},{"not_picked":["Coffee Dripper","Runic Dome"],"picked":"Tiny House"}],"items_purged_floors":[4,10],"is_endless":false,"potions_floor_spawned":[2,8,13,16,19,27,28,33,35,41,48],"killed_by":"Awakened One","ascension_level":3}