{"gold_per_floor":[109,127,127,138,27,27,27,42,68,68,68,82,137,156,156,256,256,268,286,386,386,54,54,64,64,142,174,191,220,220,319,319,319],"floor_reached":33,"playtime":1293,"items_purged":["Strike_B","Strike_B"],"score":300,"play_id":"dd643fce-971b-4602-9115-c4e6156a0621","local_time":"20181007235716","is_ascension_mode":false,"campfire_choices":[{"floor":6,"key":"REST"},{"data":"Zap","floor":11,"key":"SMITH"},{"floor":15,"key":"REST"},{"data":"Defragment","floor":23,"key":"SMITH"},{"data":"Doom and Gloom","floor":25,"key":"SMITH"},{"floor":32,"key":"REST"}],"neow_cost":"PERCENT_DAMAGE","seed_source_timestamp":1320759183565690,"circlet_count":0,"master_deck":["Defend_B","Defend_B","Defend_B","Defend_B","Zap+1","Dualcast","Sweeping Beam","Conserve Battery","Ball Lightning","Doom and Gloom+1","Beam Cell","Echo Form","Stack+1","Chaos+1","Cold Snap","Reboot","Defragment+1","Pain","Blizzard","Glacier+1","Decay"],"relics":["Cracked Core","Bronze Scales","Anchor","Cursed Key","Sling","Ornamental Fan","Pen Nib","Bottled Flame"],"potions_floor_usage":[27,27,29,29],"damage_taken":[{"damage":1,"enemies":"Cultist","floor":1,"turns":3},{"damage":8,"enemies":"Jaw Worm","floor":2,"turns":3},{"damage":7,"enemies":"Small Slimes","floor":4,"turns":2},{"damage":11,"enemies":"Red Slaver","floor":8,"turns":4},{"damage":10,"enemies":"Exordium Thugs","floor":12,"turns":3},{"damage":22,"enemies":"3 Sentries","floor":13,"turns":4},{"damage":4,"enemies":"3 Louse","floor":14,"turns":2},{"damage":30,"enemies":"Hexaghost","floor":16,"turns":8},{"damage":9,"enemies":"Spheric Guardian","floor":18,"turns":4},{"damage":21,"enemies":"Chosen","floor":19,"turns":5},{"damage":2,"enemies":"Centurion and Healer","floor":24,"turns":6},{"damage":19,"enemies":"Book of Stabbing","floor":27,"turns":4},{"damage":9,"enemies":"Sentry and Sphere","floor":28,"turns":3},{"damage":23,"enemies":"Gremlin Leader","floor":29,"turns":3},{"damage":45,"enemies":"Collector","floor":33,"turns":7}],"seed_played":"-3359983903965901420","potions_obtained":[{"floor":2,"key":"Block Potion"},{"floor":13,"key":"Block Potion"},{"floor":14,"key":"EssenceOfSteel"},{"floor":19,"key":"Fruit Juice"},{"floor":27,"key":"Strength Potion"}],"is_trial":false,"path_per_floor":["M","M","?","M","$","R","$","M","T","$","R","M","?","M","R","B",null,"M","M","?","?","$","R","M","R","T","E","M","E","?","?","R"],"character_chosen":"DEFECT","items_purchased":["Doom and Gloom","Defragment","Sling"],"campfire_rested":3,"item_purchase_floors":[5,22,22],"current_hp_per_floor":[64,56,56,49,49,75,75,64,64,64,64,54,32,28,54,24,89,80,59,59,59,59,59,57,57,57,43,34,11,11,11,39,0],"gold":319,"neow_bonus":"TWENTY_PERCENT_HP_BONUS","is_prod":false,"is_daily":false,"chose_seed":false,"campfire_upgraded":3,"win_rate":0.0,"timestamp":1538927836,"path_taken":["M","?","?","M","?","R","$","?","T","$","R","M","?","M","R","BOSS","M","M","?","?","$","R","M","R","T","E","?","E","?","?","R","BOSS"],"build_version":"2018-10-04v2","purchased_purges":2,"victory":false,"max_hp_per_floor":[89,89,89,89,89,89,89,89,89,89,89,89,89,89,89,89,89,89,89,89,89,89,89,89,89,89,94,94,94,94,94,94,94],"card_choices":[{"not_picked":["Lockon","Redo"],"picked":"Sweeping Beam","floor":1},{"not_picked":["Coolheaded","Steam Power"],"picked":"Conserve Battery","floor":2},{"not_picked":["Leap","Rebound"],"picked":"Ball Lightning","floor":4},{"not_picked":["Chaos","Sweeping Beam","BootSequence"],"picked":"SKIP","floor":8},{"not_picked":["Go for the Eyes","Amplify","Redo"],"picked":"SKIP","floor":12},{"not_picked":["Barrage","Cold Snap"],"picked":"Beam Cell","floor":13},{"not_picked":["Rebound","Go for the Eyes","Redo"],"picked":"SKIP","floor":14},{"not_picked":["Buffer","All For One"],"picked":"Echo Form","floor":16},{"not_picked":["Redo","Gash"],"picked":"Stack+1","floor":18},{"not_picked":["Coolheaded","Sweeping Beam"],"picked":"Chaos+1","floor":19},{"not_picked":["Aggregate+1","Go for the Eyes","Steam"],"picked":"SKIP","floor":24},{"not_picked":["Go for the Eyes","Cold Snap"],"picked":"Blizzard","floor":27},{"not_picked":["Tempest","Aggregate","Hologram"],"picked":"SKIP","floor":28},{"not_picked":["Sweeping Beam+1","Skim"],"picked":"Glacier+1","floor":29}],"player_experience":12294,"relics_obtained":[{"floor":9,"key":"Bronze Scales"},{"floor":13,"key":"Anchor"},{"floor":26,"key":"Ornamental Fan"},{"floor":27,"key":"Pen Nib"},{"floor":29,"key":"Bottled Flame"}],"event_choices":[{"event_name":"Shining Light","player_choice":"Ignored","floor":3,"damage_taken":0},{"event_name":"Dead Adventurer","player_choice":"Searched \u00271\u0027 times","floor":13,"damage_taken":0},{"event_name":"Golden Shrine","player_choice":"Pray","floor":20,"damage_taken":0},{"event_name":"Drug Dealer","player_choice":"Became Test Subject","floor":21,"damage_taken":0},{"event_name":"Forgotten Altar","player_choice":"Smashed Altar","floor":30,"damage_taken":0},{"event_name":"Nest","player_choice":"Stole From Cult","floor":31,"damage_taken":0}],"is_beta":false,"boss_relics":[{"not_picked":["Philosopher\u0027s Stone","Runic Pyramid"],"picked":"Cursed Key"}],"items_purged_floors":[5,22],"is_endless":false,"potions_floor_spawned":[2,13,14,16,19,24,27],"killed_by":"Collector","ascension_level":0}