{"gold_per_floor":[110,121,141,141,151,151,186,186,186,197,197],"floor_reached":11,"playtime":722,"items_purged":[],"score":146,"play_id":"5849a0a1-8fd4-4c8e-bbe2-60e74d3a89cc","local_time":"20190204114840","is_ascension_mode":true,"campfire_choices":[{"data":"Deadly Poison","floor":6.0,"key":"SMITH"},{"floor":8.0,"key":"REST"}],"neow_cost":"NONE","seed_source_timestamp":0,"circlet_count":0,"master_deck":["AscendersBane","Defend_G","Defend_G","Defend_G","Defend_G","Defend_G","Strike_G","Strike_G","Strike_G","Strike_G","Strike_G","Survivor","Neutralize","Crippling Poison","Slice","Deadly Poison+1","Dodge and Roll","Footwork","Flying Knee"],"special_seed":0,"relics":["Ring of the Snake","Smiling Mask","Juzu Bracelet","Dream Catcher"],"potions_floor_usage":[],"damage_taken":[{"damage":1.0,"enemies":"Cultist","floor":1.0,"turns":4.0},{"damage":7.0,"enemies":"2 Louse","floor":2.0,"turns":3.0},{"damage":8.0,"enemies":"Small Slimes","floor":3.0,"turns":4.0},{"damage":0.0,"enemies":"Gremlin Gang","floor":5.0,"turns":4.0},{"damage":37.0,"enemies":"Gremlin Nob","floor":7.0,"turns":5.0},{"damage":8.0,"enemies":"Red Slaver","floor":10.0,"turns":4.0},{"damage":21,"enemies":"3 Sentries","floor":11,"turns":5}],"seed_played":"8279588944237316395","potions_obtained":[{"floor":2.0,"key":"PowerPotion"},{"floor":3.0,"key":"FearPotion"},{"floor":4.0,"key":"Poison Potion"},{"floor":5.0,"key":"Swift Potion"}],"is_trial":false,"path_per_floor":["M","M","M","?","M","R","E","R","T","M","E"],"character_chosen":"THE_SILENT","items_purchased":[],"campfire_rested":1,"item_purchase_floors":[],"current_hp_per_floor":[58,51,43,43,43,43,6,25,25,17,0],"gold":197,"neow_bonus":"RANDOM_COMMON_RELIC","is_prod":false,"is_daily":false,"chose_seed":false,"campfire_upgraded":1,"win_rate":0,"timestamp":1549277320,"path_taken":["M","?","M","?","?","R","E","R","T","M","E"],"build_version":"2019-01-23","purchased_purges":0,"victory":false,"max_hp_per_floor":[66,66,66,66,66,66,66,66,66,66,66],"card_choices":[{"not_picked":["Backflip","Caltrops"],"picked":"Crippling Poison","floor":1.0},{"not_picked":["Crippling Poison","Deflect"],"picked":"Slice","floor":2.0},{"not_picked":["Flying Knee","Bouncing Flask"],"picked":"Deadly Poison","floor":3.0},{"not_picked":["Eviscerate","Underhanded Strike"],"picked":"Dodge and Roll","floor":5.0},{"not_picked":["Reflex","Endless Agony"],"picked":"Footwork","floor":7.0},{"not_picked":["Outmaneuver","Acrobatics"],"picked":"Flying Knee","floor":10}],"player_experience":377880,"relics_obtained":[{"floor":7.0,"key":"Juzu Bracelet"},{"floor":9.0,"key":"Dream Catcher"}],"event_choices":[{"damage_healed":0.0,"max_hp_gain":0.0,"max_hp_loss":0.0,"gold_gain":0.0,"event_name":"Lab","player_choice":"Got Potions","floor":4.0,"gold_loss":0.0,"damage_taken":0.0}],"is_beta":false,"boss_relics":[],"items_purged_floors":[],"is_endless":false,"potions_floor_spawned":[2,3,5],"killed_by":"3 Sentries","ascension_level":19}