{"gold_per_floor":[115,134,184,33,46,79,91,91,91,104,433,433,433,460,460,531,531,549,437,453,470,114,139,156,156,211,211,237,112,162,178,178,257,257,277,277,25,0,0,0,34,34,34,64,75,86,97,109,109,109],"floor_reached":50,"playtime":4691,"items_purged":["Strike_R","Strike_R","Strike_R"],"score":1049,"play_id":"6daa257b-8e8f-48b7-bac8-4601c533534c","local_time":"20190204081949","is_ascension_mode":true,"campfire_choices":[{"data":"Body Slam","floor":8,"key":"SMITH"},{"data":"True Grit","floor":13,"key":"SMITH"},{"data":"Fiend Fire","floor":15,"key":"SMITH"},{"data":"Juggernaut","floor":25,"key":"SMITH"},{"data":"Inflame","floor":27,"key":"SMITH"},{"floor":32,"key":"REST"},{"data":"Brutality","floor":40,"key":"SMITH"},{"data":"Juggernaut","floor":42,"key":"SMITH"},{"floor":49,"key":"REST"}],"neow_cost":"NONE","seed_source_timestamp":208575534880600,"circlet_count":0,"master_deck":["AscendersBane","Bash+1","Shrug It Off","Immolate","Body Slam+1","Bludgeon","Shrug It Off","True Grit+1","Fiend Fire+1","Entrench","Combust","Juggernaut+1","Corruption","Havoc","Inflame+1","Anger","Dark Embrace","Body Slam+1","Impervious","Fiend Fire","Rampage","Reaper","Brutality+1","Armaments+1","Secret Technique","Juggernaut+1","Parasite","Flame Barrier"],"relics":["Burning Blood","Vajra","Pear","Old Coin","Self Forming Clay","Sozu","Shuriken","Centennial Puzzle","Orichalcum","Pen Nib","Pandora\u0027s Box","Mercury Hourglass","Red Mask","Art of War","Blue Candle","Bottled Flame"],"potions_floor_usage":[11,16,20,28],"damage_taken":[{"damage":7,"enemies":"2 Louse","floor":1,"turns":3},{"damage":1,"enemies":"Cultist","floor":2,"turns":3},{"damage":7,"enemies":"Small Slimes","floor":5,"turns":4},{"damage":20,"enemies":"3 Sentries","floor":6,"turns":4},{"damage":0,"enemies":"Gremlin Gang","floor":7,"turns":1},{"damage":0,"enemies":"3 Louse","floor":10,"turns":1},{"damage":26,"enemies":"Gremlin Nob","floor":11,"turns":4},{"damage":5,"enemies":"3 Sentries","floor":14,"turns":5},{"damage":33,"enemies":"Slime Boss","floor":16,"turns":8},{"damage":2,"enemies":"Spheric Guardian","floor":18,"turns":3},{"damage":0,"enemies":"Shell Parasite","floor":20,"turns":1},{"damage":8,"enemies":"Centurion and Healer","floor":21,"turns":4},{"damage":28,"enemies":"Gremlin Leader","floor":23,"turns":6},{"damage":26,"enemies":"Cultist and Chosen","floor":24,"turns":6},{"damage":31,"enemies":"Slavers","floor":28,"turns":7},{"damage":18,"enemies":"Snake Plant","floor":31,"turns":3},{"damage":22,"enemies":"Collector","floor":33,"turns":3},{"damage":2,"enemies":"3 Shapes","floor":35,"turns":5},{"damage":33,"enemies":"Reptomancer","floor":41,"turns":4},{"damage":44,"enemies":"Giant Head","floor":44,"turns":6},{"damage":5,"enemies":"Orb Walker","floor":45,"turns":2},{"damage":9,"enemies":"Writhing Mass","floor":46,"turns":4},{"damage":7,"enemies":"Spire Growth","floor":47,"turns":4},{"damage":1,"enemies":"Sphere and 2 Shapes","floor":48,"turns":2},{"damage":47,"enemies":"Awakened One","floor":50,"turns":7}],"seed_played":"-6365043502488706842","potions_obtained":[{"floor":6,"key":"BloodPotion"},{"floor":10,"key":"Swift Potion"},{"floor":14,"key":"GamblersBrew"},{"floor":16,"key":"Swift Potion"}],"is_trial":false,"path_per_floor":["M","M","?","$","M","E","M","R","T","M","E","?","R","E","R","B",null,"M","$","M","M","$","E","M","R","T","R","E","$","?","M","R","B",null,"M","?","$","?","?","R","E","R","T","E","M","M","M","M","R","B"],"character_chosen":"IRONCLAD","items_purchased":["Immolate","Corruption","Shuriken","Mercury Hourglass"],"campfire_rested":2,"item_purchase_floors":[4,19,22,37],"current_hp_per_floor":[67,72,65,65,64,50,56,56,66,72,52,52,52,53,53,26,70,74,74,80,78,78,56,36,36,36,36,19,19,19,7,32,16,68,82,72,72,72,72,72,58,58,58,20,21,18,17,22,47,0],"gold":109,"neow_bonus":"UPGRADE_CARD","is_prod":false,"is_daily":false,"chose_seed":false,"campfire_upgraded":7,"win_rate":0,"timestamp":1549264789,"path_taken":["M","M","?","$","M","E","M","R","T","?","E","?","R","E","R","BOSS","M","$","M","M","$","E","?","R","T","R","E","$","?","M","R","BOSS","M","?","$","?","?","R","E","R","T","E","M","?","?","M","R","BOSS"],"build_version":"2019-01-23","purchased_purges":3,"victory":false,"max_hp_per_floor":[75,75,75,75,75,75,75,75,85,85,85,85,85,85,85,85,85,85,85,85,85,85,85,85,85,85,85,85,85,85,85,85,85,85,85,85,85,85,85,85,85,85,85,85,85,85,85,85,85,85],"card_choices":[{"not_picked":["Heavy Blade","Clothesline"],"picked":"Shrug It Off","floor":1},{"not_picked":["Searing Blow","Flex","Clothesline"],"picked":"SKIP","floor":2},{"not_picked":["Headbutt","Flex"],"picked":"Body Slam","floor":5},{"not_picked":["Cleave","Havoc"],"picked":"Bludgeon","floor":6},{"not_picked":["Havoc","Warcry"],"picked":"Shrug It Off","floor":7},{"not_picked":["Sentinel","Pommel Strike"],"picked":"True Grit","floor":10},{"not_picked":["Anger","Warcry"],"picked":"Fiend Fire","floor":11},{"not_picked":["Clothesline","Perfected Strike"],"picked":"Combust","floor":14},{"not_picked":["Reaper","Offering"],"picked":"Juggernaut","floor":16},{"not_picked":["Iron Wave","Headbutt","Perfected Strike"],"picked":"SKIP","floor":18},{"not_picked":["Power Through+1","Ghostly Armor"],"picked":"Havoc","floor":20},{"not_picked":["Armaments","Heavy Blade+1"],"picked":"Inflame","floor":21},{"not_picked":["Entrench","Pummel"],"picked":"Anger","floor":23},{"not_picked":["Corruption","Flex","Clothesline"],"picked":"SKIP","floor":24},{"not_picked":["Rage","Perfected Strike"],"picked":"Dark Embrace","floor":28},{"not_picked":["Rampage","Clothesline"],"picked":"Body Slam+1","floor":31},{"not_picked":["Demon Form","Dark Embrace"],"picked":"Impervious","floor":33},{"not_picked":["Seeing Red","Searing Blow"],"picked":"Armaments+1","floor":35},{"not_picked":["Dark Shackles","The Bomb"],"picked":"Secret Technique","floor":36},{"not_picked":["Twin Strike","Dropkick"],"picked":"Juggernaut","floor":41},{"not_picked":["Warcry","Wild Strike","Heavy Blade"],"picked":"SKIP","floor":44},{"not_picked":["True Grit","Clothesline+1","Reckless Charge"],"picked":"SKIP","floor":45},{"not_picked":["Rage","Thunderclap","Wild Strike"],"picked":"SKIP","floor":46},{"not_picked":["True Grit+1","Body Slam"],"picked":"Flame Barrier","floor":47},{"not_picked":["Flex","True Grit","Warcry"],"picked":"SKIP","floor":48}],"player_experience":366648,"relics_obtained":[{"floor":6,"key":"Vajra"},{"floor":9,"key":"Pear"},{"floor":11,"key":"Old Coin"},{"floor":14,"key":"Self Forming Clay"},{"floor":23,"key":"Centennial Puzzle"},{"floor":26,"key":"Orichalcum"},{"floor":28,"key":"Pen Nib"},{"floor":41,"key":"Art of War"},{"floor":43,"key":"Blue Candle"},{"floor":44,"key":"Bottled Flame"}],"event_choices":[{"damage_healed":0,"gold_gain":50,"player_choice":"Touch","damage_taken":7,"max_hp_gain":0,"max_hp_loss":0,"event_name":"FaceTrader","floor":3,"gold_loss":0},{"damage_healed":0,"gold_gain":0,"cards_transformed":["Strike_R"],"player_choice":"Transformed","damage_taken":0,"max_hp_gain":0,"max_hp_loss":0,"event_name":"Transmorgrifier","floor":12,"gold_loss":0,"cards_obtained":["Entrench"]},{"damage_healed":0,"gold_gain":50,"player_choice":"Stole From Cult","damage_taken":0,"max_hp_gain":0,"max_hp_loss":0,"event_name":"Nest","floor":30,"gold_loss":0},{"damage_healed":0,"gold_gain":0,"player_choice":"Memory 3","damage_taken":10,"max_hp_gain":0,"max_hp_loss":0,"event_name":"SensoryStone","floor":36,"gold_loss":0},{"damage_healed":0,"gold_gain":0,"player_choice":"Paid","damage_taken":0,"relics_obtained":["Red Mask"],"max_hp_gain":0,"max_hp_loss":0,"event_name":"Tomb of Lord Red Mask","floor":38,"gold_loss":25},{"cards_removed":["Sentinel"],"damage_healed":0,"gold_gain":0,"player_choice":"Purged","damage_taken":0,"max_hp_gain":0,"max_hp_loss":0,"event_name":"Purifier","floor":39,"gold_loss":0}],"is_beta":false,"boss_relics":[{"not_picked":["Lizard Tail","Runic Cube"],"picked":"Sozu"},{"not_picked":["Black Blood","Eternal Feather"],"picked":"Pandora\u0027s Box"}],"items_purged_floors":[19,22,29],"is_endless":false,"potions_floor_spawned":[6,10,14,16,20,24,31,44,46],"killed_by":"Awakened One","ascension_level":15}