{"gold_per_floor":[219,238,248,20,34,34,54,86,112,112,37,56,74,74,74,171,171,171,171,171,171,32,32,32,32,32,32,32,32,32,9,9,9,9,9,9,9,9,9,9,9,9,9,9,9,9,9,9,9,9],"floor_reached":51,"playtime":3508,"items_purged":["Strike_G","Writhe"],"score":722,"play_id":"815036bf-4340-416d-bc29-a015f085acda","local_time":"20190208130202","is_ascension_mode":false,"campfire_choices":[{"data":"Well Laid Plans","floor":6,"key":"SMITH"},{"data":"Neutralize","floor":10,"key":"SMITH"},{"data":"Deadly Poison","floor":15,"key":"SMITH"},{"data":"Noxious Fumes","floor":25,"key":"SMITH"},{"data":"Catalyst","floor":30,"key":"SMITH"},{"data":"PiercingWail","floor":32,"key":"SMITH"},{"floor":40,"key":"REST"},{"data":"Night Terror","floor":42,"key":"SMITH"},{"data":"Adrenaline","floor":44,"key":"SMITH"},{"data":"Terror","floor":49,"key":"SMITH"}],"neow_cost":"NONE","seed_source_timestamp":410521593775792,"circlet_count":0,"master_deck":["Defend_G","Defend_G+1","Defend_G+1","Defend_G","Defend_G","Strike_G","Strike_G","Strike_G","Strike_G","Survivor","Neutralize+1","Deadly Poison+1","Dash","Bane","Well Laid Plans+1","Dodge and Roll+1","Poisoned Stab","Dash","Adrenaline+1","Backflip+1","Noxious Fumes+1","Terror+1","Catalyst+1","PiercingWail+1","Night Terror+1","Deadly Poison+1"],"relics":["Ring of the Snake","Centennial Puzzle","Sundial","Happy Flower","Ectoplasm","Red Mask","Strawberry","War Paint","Omamori","Busted Crown","Torii","Molten Egg 2"],"potions_floor_usage":[5,8,8,16,20,20,20,33,33,41,50],"damage_taken":[{"damage":7,"enemies":"Cultist","floor":1,"turns":5},{"damage":0,"enemies":"Small Slimes","floor":2,"turns":4},{"damage":0,"enemies":"2 Louse","floor":3,"turns":3},{"damage":2,"enemies":"Large Slime","floor":5,"turns":8},{"damage":0,"enemies":"Looter","floor":7,"turns":3},{"damage":7,"enemies":"3 Sentries","floor":8,"turns":9},{"damage":4,"enemies":"3 Louse","floor":12,"turns":3},{"damage":0,"enemies":"Large Slime","floor":13,"turns":5},{"damage":5,"enemies":"The Guardian","floor":16,"turns":11},{"damage":0,"enemies":"Spheric Guardian","floor":18,"turns":5},{"damage":0,"enemies":"3 Byrds","floor":19,"turns":6},{"damage":2,"enemies":"Masked Bandits","floor":20,"turns":4},{"damage":1,"enemies":"Snake Plant","floor":23,"turns":4},{"damage":18,"enemies":"Slavers","floor":24,"turns":6},{"damage":0,"enemies":"Chosen and Byrds","floor":29,"turns":6},{"damage":47,"enemies":"Collector","floor":33,"turns":8},{"damage":11,"enemies":"Orb Walker","floor":35,"turns":5},{"damage":18,"enemies":"3 Darklings","floor":37,"turns":5},{"damage":0,"enemies":"4 Shapes","floor":38,"turns":4},{"damage":0,"enemies":"Giant Head","floor":41,"turns":6},{"damage":8,"enemies":"Sphere and 2 Shapes","floor":46,"turns":4},{"damage":2,"enemies":"3 Darklings","floor":48,"turns":6},{"damage":1,"enemies":"Time Eater","floor":50,"turns":3}],"seed_played":"-6664505334827401254","potions_obtained":[{"floor":3,"key":"EntropicBrew"},{"floor":12,"key":"EssenceOfSteel"},{"floor":13,"key":"Energy Potion"},{"floor":19,"key":"AttackPotion"},{"floor":24,"key":"Dexterity Potion"},{"floor":29,"key":"SkillPotion"},{"floor":35,"key":"LiquidBronze"},{"floor":41,"key":"Fruit Juice"}],"is_trial":false,"path_per_floor":["M","M","M","$","M","R","M","E","T","R","$","M","M","?","R","B",null,"M","M","?","?","$","M","E","R","T","?","?","M","R","$","R","B",null,"M","?","M","M","?","R","E","R","T","R","$","M","$","M","R","B",null],"character_chosen":"THE_SILENT","items_purchased":["Well Laid Plans","Centennial Puzzle","Noxious Fumes","PiercingWail"],"campfire_rested":1,"item_purchase_floors":[4,4,22,31],"current_hp_per_floor":[63,63,63,63,61,61,61,54,54,54,54,50,50,36,36,31,70,70,70,68,75,75,74,56,56,56,56,56,56,56,56,56,9,77,66,66,48,48,48,69,74,74,74,74,74,66,66,64,64,63],"gold":9,"neow_bonus":"HUNDRED_GOLD","is_prod":false,"is_daily":false,"chose_seed":false,"campfire_upgraded":9,"win_rate":0,"timestamp":1549627322,"path_taken":["M","M","M","$","M","R","?","E","T","R","$","?","M","?","R","BOSS","M","M","?","?","$","M","E","R","T","?","?","M","R","?","R","BOSS","M","?","M","M","?","R","E","R","T","R","$","M","?","M","R","BOSS"],"build_version":"2019-01-23","purchased_purges":2,"victory":true,"max_hp_per_floor":[70,70,70,70,70,70,70,70,70,70,70,70,70,70,70,70,70,70,70,70,77,77,77,77,77,77,77,77,77,77,77,77,77,77,77,73,73,73,73,73,78,78,78,78,78,78,78,78,78,78],"card_choices":[{"not_picked":["Skewer","Flying Knee"],"picked":"Deadly Poison","floor":1},{"not_picked":["PiercingWail","Underhanded Strike"],"picked":"Dash","floor":2},{"not_picked":["Deadly Poison","Prepared"],"picked":"Bane","floor":3},{"not_picked":["Flechettes","Flying Knee"],"picked":"Dodge and Roll","floor":5},{"not_picked":["Unload","Outmaneuver"],"picked":"Poisoned Stab","floor":7},{"not_picked":["Terror","Riddle With Holes","Poisoned Stab"],"picked":"SKIP","floor":8},{"not_picked":["Dagger Throw","Endless Agony","Blade Dance"],"picked":"SKIP","floor":12},{"not_picked":["Terror","Accuracy"],"picked":"Dash","floor":13},{"not_picked":["Tools of the Trade","Glass Knife"],"picked":"Adrenaline","floor":16},{"not_picked":["Dodge and Roll","Poisoned Stab"],"picked":"Backflip","floor":18},{"not_picked":["Flechettes+1","Predator","Dagger Throw+1"],"picked":"SKIP","floor":19},{"not_picked":["Poisoned Stab","Acrobatics"],"picked":"Terror","floor":23},{"not_picked":["Acrobatics","Expertise+1","All Out Attack"],"picked":"SKIP","floor":24},{"not_picked":["Backstab","Storm of Steel"],"picked":"Catalyst","floor":29},{"not_picked":["After Image","Die Die Die"],"picked":"Night Terror","floor":33},{"not_picked":[],"picked":"Deadly Poison+1","floor":35},{"not_picked":["Backflip"],"picked":"SKIP","floor":37},{"not_picked":["Poisoned Stab"],"picked":"SKIP","floor":38},{"not_picked":["Dash"],"picked":"SKIP","floor":41},{"not_picked":["Prepared"],"picked":"SKIP","floor":46},{"not_picked":["Well Laid Plans"],"picked":"SKIP","floor":48}],"player_experience":73727,"relics_obtained":[{"floor":8,"key":"Sundial"},{"floor":9,"key":"Happy Flower"},{"floor":20,"key":"Red Mask"},{"floor":24,"key":"War Paint"},{"floor":26,"key":"Omamori"},{"floor":41,"key":"Torii"},{"floor":43,"key":"Molten Egg 2"}],"event_choices":[{"damage_healed":0,"gold_gain":0,"player_choice":"Entered Light","damage_taken":14,"max_hp_gain":0,"max_hp_loss":0,"event_name":"Shining Light","floor":14,"gold_loss":0,"cards_upgraded":["Defend_G","Defend_G"]},{"damage_healed":0,"gold_gain":0,"player_choice":"Fought Bandits","damage_taken":0,"max_hp_gain":0,"max_hp_loss":0,"event_name":"Masked Bandits","floor":20,"gold_loss":0},{"damage_healed":0,"gold_gain":0,"player_choice":"Opened","damage_taken":0,"relics_obtained":["Strawberry"],"max_hp_gain":0,"max_hp_loss":0,"event_name":"The Mausoleum","floor":21,"gold_loss":0,"cards_obtained":["Writhe"]},{"damage_healed":0,"gold_gain":0,"player_choice":"Smashed Altar","damage_taken":0,"max_hp_gain":0,"max_hp_loss":0,"event_name":"Forgotten Altar","floor":27,"gold_loss":0,"cards_obtained":["Decay"]},{"damage_healed":0,"gold_gain":0,"player_choice":"Ignored","damage_taken":0,"max_hp_gain":0,"max_hp_loss":0,"event_name":"Ghosts","floor":28,"gold_loss":0},{"damage_healed":0,"gold_gain":0,"player_choice":"Max HP","damage_taken":0,"max_hp_gain":0,"max_hp_loss":4,"event_name":"Winding Halls","floor":36,"gold_loss":0},{"damage_healed":0,"gold_gain":0,"player_choice":"Memory 1","damage_taken":0,"max_hp_gain":0,"max_hp_loss":0,"event_name":"SensoryStone","floor":39,"gold_loss":0}],"is_beta":false,"boss_relics":[{"not_picked":["HoveringKite","Runic Pyramid"],"picked":"Ectoplasm"},{"not_picked":["WristBlade","Snecko Eye"],"picked":"Busted Crown"}],"items_purged_floors":[11,22],"is_endless":false,"potions_floor_spawned":[3,7,12,13,19,24,29,35,41],"ascension_level":0}