{"gold_per_floor":[114,114,1,19,34,34,53,85,166,198,198,248,260,260,260,260],"floor_reached":16,"playtime":1397,"items_purged":[],"score":215,"play_id":"8b27e1fe-bc70-416f-b2c0-b49e02df1101","local_time":"20190203063538","is_ascension_mode":true,"campfire_choices":[{"data":"Neutralize","floor":6,"key":"SMITH"},{"data":"Noxious Fumes","floor":11,"key":"SMITH"},{"floor":15,"key":"REST"}],"neow_cost":"NONE","seed_source_timestamp":119218334775800,"circlet_count":0,"master_deck":["AscendersBane","Defend_G","Defend_G","Defend_G","Defend_G","Defend_G","Strike_G+1","Strike_G","Strike_G+1","Strike_G","Survivor","Neutralize+1","Deadly Poison","Malaise","Deadly Poison","Noxious Fumes+1","All Out Attack","Bane","Terror","PiercingWail"],"relics":["Ring of the Snake","Whetstone","Frozen Egg 2","Tiny Chest","Boot"],"potions_floor_usage":[8,8,16],"damage_taken":[{"damage":2,"enemies":"Jaw Worm","floor":1,"turns":5},{"damage":0,"enemies":"Cultist","floor":4,"turns":3},{"damage":0,"enemies":"2 Louse","floor":5,"turns":3},{"damage":6,"enemies":"Lots of Slimes","floor":7,"turns":2},{"damage":15,"enemies":"3 Sentries","floor":8,"turns":8},{"damage":9,"enemies":"Lagavulin","floor":10,"turns":6},{"damage":6,"enemies":"Blue Slaver","floor":13,"turns":3},{"damage":37,"enemies":"Slime Boss","floor":16,"turns":6}],"seed_played":"2810653899511637633","potions_obtained":[{"floor":7,"key":"Swift Potion"},{"floor":10,"key":"LiquidBronze"},{"floor":13,"key":"SmokeBomb"}],"is_trial":false,"path_per_floor":["M","?","$","M","M","R","M","E","T","E","R","?","M","?","R","B"],"character_chosen":"THE_SILENT","items_purchased":["Deadly Poison","PowerPotion"],"campfire_rested":1,"item_purchase_floors":[3,3],"current_hp_per_floor":[57,57,57,57,57,57,51,36,36,27,27,21,15,15,34,0],"gold":260,"neow_bonus":"RANDOM_COMMON_RELIC","is_prod":false,"is_daily":false,"chose_seed":false,"campfire_upgraded":2,"win_rate":0,"timestamp":1549172138,"path_taken":["M","?","$","M","?","R","M","E","T","E","R","?","?","?","R","BOSS"],"build_version":"2019-01-23","purchased_purges":0,"victory":false,"max_hp_per_floor":[66,66,66,66,66,66,66,66,66,66,66,66,66,66,66,66],"card_choices":[{"not_picked":["Reflex","Dodge and Roll"],"picked":"Deadly Poison","floor":1},{"not_picked":["Poisoned Stab","Dodge and Roll"],"picked":"Noxious Fumes","floor":4},{"not_picked":["Deflect","Prepared"],"picked":"All Out Attack","floor":5},{"not_picked":["Blur","Skewer"],"picked":"Bane","floor":7},{"not_picked":["Poisoned Stab","Choke"],"picked":"Terror","floor":8},{"not_picked":["Concentrate","Flechettes"],"picked":"PiercingWail","floor":10},{"not_picked":["Prepared","Phantasmal Killer","Slice"],"picked":"SKIP","floor":13}],"player_experience":353649,"relics_obtained":[{"floor":8,"key":"Frozen Egg 2"},{"floor":9,"key":"Tiny Chest"},{"floor":10,"key":"Boot"}],"event_choices":[{"damage_healed":0,"gold_gain":0,"cards_transformed":["Strike_G"],"player_choice":"Transformed","damage_taken":0,"max_hp_gain":0,"max_hp_loss":0,"event_name":"Transmorgrifier","floor":2,"gold_loss":0,"cards_obtained":["Malaise"]},{"damage_healed":0,"gold_gain":50,"player_choice":"Touch","damage_taken":6,"max_hp_gain":0,"max_hp_loss":0,"event_name":"FaceTrader","floor":12,"gold_loss":0},{"damage_healed":0,"gold_gain":0,"player_choice":"Searched \u00270\u0027 times","damage_taken":0,"max_hp_gain":0,"max_hp_loss":0,"event_name":"Dead Adventurer","floor":14,"gold_loss":0}],"is_beta":false,"boss_relics":[],"items_purged_floors":[],"is_endless":false,"potions_floor_spawned":[7,10,13],"killed_by":"Slime Boss","ascension_level":19}