{"gold_per_floor":[114,114,129,40,40,40,40,40,40,40,71,43,71,91,91,162,162,182,194,212,0,14,14],"floor_reached":23,"playtime":1751,"items_purged":[],"score":358,"play_id":"9d262f2c-03e6-4f1b-96e3-d31f751c587b","local_time":"20181114210505","is_ascension_mode":true,"campfire_choices":[{"data":"Deadly Poison","floor":6,"key":"SMITH"},{"data":"Blur","floor":8,"key":"SMITH"},{"floor":10,"key":"REST"},{"data":"PiercingWail","floor":15,"key":"SMITH"}],"neow_cost":"NONE","seed_source_timestamp":0,"circlet_count":0,"master_deck":["AscendersBane","Defend_G","Defend_G","Defend_G","Defend_G","Defend_G","Strike_G","Strike_G+1","Strike_G","Strike_G","Survivor","Neutralize+1","Flying Knee","Unload+1","Deadly Poison+1","Blur+1","Backflip","PiercingWail+1","Escape Plan","Night Terror","Backflip+1","Bouncing Flask","Backstab+1"],"special_seed":0,"relics":["Ring of the Snake","Turnip","Bag of Preparation","Ancient Tea Set","Fusion Hammer"],"potions_floor_usage":[11,11,20,23],"damage_taken":[{"damage":2,"enemies":"2 Louse","floor":1,"turns":3},{"damage":0,"enemies":"Cultist","floor":3,"turns":4},{"damage":7,"enemies":"Gremlin Nob","floor":11,"turns":4},{"damage":6,"enemies":"3 Sentries","floor":13,"turns":9},{"damage":0,"enemies":"Small Slimes","floor":14,"turns":3},{"damage":14,"enemies":"The Guardian","floor":16,"turns":12},{"damage":1,"enemies":"Spheric Guardian","floor":18,"turns":7},{"damage":4,"enemies":"Shell Parasite","floor":19,"turns":11},{"damage":31,"enemies":"Snecko","floor":20,"turns":10},{"damage":0,"enemies":"Snake Plant","floor":22,"turns":5},{"damage":25,"enemies":"Slavers","floor":23,"turns":3}],"seed_played":"2820505028931874411","potions_obtained":[{"floor":1,"key":"EssenceOfSteel"},{"floor":3,"key":"Swift Potion"},{"floor":14,"key":"SteroidPotion"},{"floor":16,"key":"Fire Potion"},{"floor":18,"key":"EssenceOfSteel"}],"is_trial":false,"path_per_floor":["M","?","M","$","?","R","?","R","T","R","E","$","E","M","R","B",null,"M","M","M","?","M","E"],"character_chosen":"THE_SILENT","items_purchased":["Blur","PiercingWail"],"campfire_rested":1,"item_purchase_floors":[4,12],"current_hp_per_floor":[57,57,57,57,37,37,37,37,37,56,49,49,43,43,43,29,57,56,52,21,21,21,0],"gold":14,"neow_bonus":"UPGRADE_CARD","is_prod":false,"is_daily":false,"chose_seed":false,"campfire_upgraded":3,"win_rate":0,"timestamp":1542247505,"path_taken":["M","?","?","$","?","R","?","R","T","R","E","$","E","M","R","BOSS","M","?","M","?","M","E"],"build_version":"2018-11-08","purchased_purges":0,"victory":false,"max_hp_per_floor":[66,66,66,66,66,66,66,66,66,66,66,66,66,66,66,66,66,66,66,66,66,66,66],"card_choices":[{"not_picked":["Masterful Stab","Finisher"],"picked":"Flying Knee","floor":1},{"not_picked":["Sucker Punch","Backstab"],"picked":"Deadly Poison","floor":3},{"not_picked":["Heel Hook","Caltrops"],"picked":"Backflip","floor":11},{"not_picked":["Slice","Prepared"],"picked":"Escape Plan","floor":13},{"not_picked":["Dodge and Roll","Outmaneuver","Endless Agony"],"picked":"SKIP","floor":14},{"not_picked":["Phantasmal Killer","Adrenaline"],"picked":"Night Terror","floor":16},{"not_picked":["Dagger Throw","Quick Slash","Riddle With Holes"],"picked":"SKIP","floor":18},{"not_picked":["Tactician","Quick Slash"],"picked":"Backflip+1","floor":19},{"not_picked":["Terror","Cloak And Dagger+1"],"picked":"Bouncing Flask","floor":20},{"not_picked":["Slice","Setup"],"picked":"Backstab+1","floor":22}],"player_experience":3331622,"relics_obtained":[{"floor":9,"key":"Turnip"},{"floor":11,"key":"Bag of Preparation"},{"floor":13,"key":"Ancient Tea Set"}],"event_choices":[{"damage_healed":0,"gold_gain":0,"cards_transformed":["Strike_G"],"player_choice":"Transformed","damage_taken":0,"max_hp_gain":0,"max_hp_loss":0,"event_name":"Transmorgrifier","floor":2,"gold_loss":0,"cards_obtained":["Unload"]},{"damage_healed":0,"gold_gain":0,"player_choice":"Entered Light","damage_taken":20,"max_hp_gain":0,"max_hp_loss":0,"event_name":"Shining Light","floor":5,"gold_loss":0,"cards_upgraded":["Unload","Strike_G"]},{"damage_healed":0,"gold_gain":0,"player_choice":"0 cards matched","damage_taken":0,"max_hp_gain":0,"max_hp_loss":0,"event_name":"Match and Keep!","floor":7,"gold_loss":0,"cards_obtained":[]},{"damage_healed":0,"gold_gain":0,"player_choice":"Paid Fearfully","damage_taken":0,"max_hp_gain":0,"max_hp_loss":0,"event_name":"Masked Bandits","floor":21,"gold_loss":212}],"is_beta":false,"boss_relics":[{"not_picked":["Busted Crown","Lizard Tail"],"picked":"Fusion Hammer"}],"items_purged_floors":[],"is_endless":false,"potions_floor_spawned":[1,3,14,16,18],"killed_by":"Slavers","ascension_level":16}