{"gold_per_floor":[111,121,21,32,32,32,57,57,57,57,85,85,120,136,136,241,241,261,275,289,289,489,521,521,556,632,662,300,300,14,30,30,126,126,144,168,168,168,89,115,125,48,74,74,74,74,108,128,128,128],"floor_reached":51,"playtime":5673,"items_purged":["Strike_G","Strike_G","Strike_G"],"score":1078,"play_id":"b6339c03-7d24-45aa-bfb5-25c44e93ce39","local_time":"20190127032754","is_ascension_mode":true,"campfire_choices":[{"data":"Neutralize","floor":6,"key":"SMITH"},{"data":"Sucker Punch","floor":8,"key":"SMITH"},{"data":"Noxious Fumes","floor":12,"key":"SMITH"},{"data":"Terror","floor":15,"key":"SMITH"},{"data":"After Image","floor":24,"key":"SMITH"},{"floor":29,"key":"REST"},{"data":"Tools of the Trade","floor":32,"key":"SMITH"},{"data":"Malaise","floor":44,"key":"SMITH"},{"data":"Well Laid Plans","floor":46,"key":"SMITH"},{"floor":49,"key":"REST"}],"neow_cost":"PERCENT_DAMAGE","seed_source_timestamp":193482998004700,"circlet_count":0,"master_deck":["Defend_G","Defend_G","Defend_G","Defend_G","Survivor","Neutralize+1","Sucker Punch+1","PiercingWail","Quick Slash+1","Leg Sweep","Noxious Fumes+1","Terror+1","Footwork","After Image+1","Cloak And Dagger","Dodge and Roll","Deflect+1","Blade Dance","Well Laid Plans","Tools of the Trade+1","Noxious Fumes","Footwork","Noxious Fumes","Footwork","Noxious Fumes","Well Laid Plans+1","Footwork","Tactician+1","Malaise+1","Noxious Fumes+1","Dodge and Roll+1","Cloak And Dagger","Cloak And Dagger+1","Cloak And Dagger+1"],"relics":["Ring of the Snake","Mango","Mummified Hand","The Courier","Strawberry","Bottled Tornado","Orrery","Enchiridion","Snake Skull","Lantern","Tiny Chest","MawBank","Empty Cage","Bronze Scales","Dodecahedron","Frozen Egg 2","Happy Flower","Whetstone"],"potions_floor_usage":[7,13,16,27,33,50,50],"damage_taken":[{"damage":0,"enemies":"2 Louse","floor":1,"turns":4},{"damage":1,"enemies":"Cultist","floor":2,"turns":4},{"damage":0,"enemies":"Jaw Worm","floor":4,"turns":4},{"damage":15,"enemies":"Lagavulin","floor":7,"turns":11},{"damage":18,"enemies":"3 Sentries","floor":11,"turns":11},{"damage":17,"enemies":"Gremlin Nob","floor":13,"turns":6},{"damage":0,"enemies":"Looter","floor":14,"turns":2},{"damage":7,"enemies":"The Guardian","floor":16,"turns":12},{"damage":0,"enemies":"Shell Parasite","floor":18,"turns":7},{"damage":1,"enemies":"Chosen","floor":19,"turns":6},{"damage":0,"enemies":"Snake Plant","floor":20,"turns":6},{"damage":14,"enemies":"Gremlin Leader","floor":23,"turns":8},{"damage":20,"enemies":"Slavers","floor":25,"turns":6},{"damage":5,"enemies":"Gremlin Leader","floor":27,"turns":6},{"damage":0,"enemies":"Chosen and Byrds","floor":31,"turns":6},{"damage":39,"enemies":"Collector","floor":33,"turns":8},{"damage":19,"enemies":"3 Darklings","floor":35,"turns":5},{"damage":2,"enemies":"Nemesis","floor":40,"turns":9},{"damage":0,"enemies":"3 Shapes","floor":41,"turns":5},{"damage":0,"enemies":"Giant Head","floor":47,"turns":10},{"damage":3,"enemies":"Maw","floor":48,"turns":7},{"damage":37,"enemies":"Time Eater","floor":50,"turns":13}],"seed_played":"-5179802302982143019","potions_obtained":[{"floor":2,"key":"Explosive Potion"},{"floor":11,"key":"Dexterity Potion"},{"floor":14,"key":"AttackPotion"},{"floor":20,"key":"FearPotion"},{"floor":23,"key":"Explosive Potion"},{"floor":25,"key":"LiquidBronze"},{"floor":40,"key":"EssenceOfSteel"}],"is_trial":false,"path_per_floor":["M","M","$","M","$","R","E","R","T","?","E","R","E","M","R","B",null,"M","M","M","?","?","E","R","E","T","E","$","R","$","M","R","B",null,"M","T","?","T","$","E","M","$","T","R","?","R","E","M","R","B",null],"character_chosen":"THE_SILENT","items_purchased":["PiercingWail","GhostInAJar","Noxious Fumes","Footwork","Noxious Fumes","Footwork","Noxious Fumes","Well Laid Plans","Footwork","PowerPotion","FairyPotion","Cloak And Dagger","GhostInAJar"],"campfire_rested":2,"item_purchase_floors":[3,28,28,28,28,28,30,30,30,30,39,42,42],"current_hp_per_floor":[59,58,58,58,58,58,43,43,43,43,32,32,15,15,15,8,70,70,69,69,53,53,39,39,19,19,14,14,41,41,41,41,2,69,50,50,50,50,50,48,48,48,48,48,48,48,48,45,70,33],"gold":128,"neow_bonus":"ONE_RARE_RELIC","is_prod":false,"is_daily":false,"chose_seed":false,"campfire_upgraded":8,"win_rate":0,"timestamp":1548556074,"path_taken":["M","M","$","M","$","R","E","R","T","?","E","R","E","?","R","BOSS","M","M","M","?","?","E","R","E","T","E","$","R","$","M","R","BOSS","M","?","?","?","$","E","?","?","T","R","?","R","E","M","R","BOSS"],"build_version":"2019-01-23","purchased_purges":3,"victory":true,"max_hp_per_floor":[84,84,84,84,84,84,84,84,84,84,91,91,91,91,91,91,91,91,91,91,91,91,91,91,91,91,91,91,91,91,91,91,91,91,91,91,91,91,91,91,91,91,91,91,86,86,86,86,86,86],"card_choices":[{"not_picked":["Backflip","Slice"],"picked":"Dash","floor":1},{"not_picked":["Flechettes","Acrobatics"],"picked":"Sucker Punch","floor":2},{"not_picked":["Finisher","Prepared"],"picked":"Quick Slash","floor":4},{"not_picked":["Catalyst","Choke"],"picked":"Leg Sweep","floor":7},{"not_picked":["Venomology","Slice"],"picked":"Noxious Fumes","floor":11},{"not_picked":["Deflect","Blade Dance"],"picked":"Terror","floor":13},{"not_picked":["Deadly Poison","Riddle With Holes","Eviscerate"],"picked":"SKIP","floor":14},{"not_picked":["Slice","Prepared"],"picked":"Footwork","floor":17},{"not_picked":["Tactician","Deadly Poison"],"picked":"After Image","floor":17},{"not_picked":["Setup","Backstab"],"picked":"Cloak And Dagger","floor":17},{"not_picked":["Infinite Blades","Terror"],"picked":"Dodge and Roll","floor":17},{"not_picked":["Underhanded Strike","Sucker Punch+1","Bouncing Flask"],"picked":"SKIP","floor":18},{"not_picked":["Sucker Punch+1","Underhanded Strike"],"picked":"Deflect+1","floor":19},{"not_picked":["Accuracy","Sucker Punch"],"picked":"Blade Dance","floor":20},{"not_picked":["Predator+1","Slice","Setup"],"picked":"SKIP","floor":23},{"not_picked":["Bane","Acrobatics"],"picked":"Well Laid Plans","floor":25},{"not_picked":["Infinite Blades","Sucker Punch"],"picked":"Tools of the Trade","floor":27},{"not_picked":["Predator+1","Crippling Poison"],"picked":"Tactician+1","floor":31},{"not_picked":["Tools of the Trade","Glass Knife"],"picked":"Malaise","floor":33},{"not_picked":["Finisher","Blade Dance","Deadly Poison+1"],"picked":"SKIP","floor":35},{"not_picked":["Caltrops+1","Tactician+1"],"picked":"Noxious Fumes+1","floor":40},{"not_picked":["Corpse Explosion","Dagger Spray"],"picked":"Dodge and Roll+1","floor":41},{"not_picked":["Poisoned Stab","Slice+1"],"picked":"Cloak And Dagger+1","floor":47},{"not_picked":["Accuracy+1","Acrobatics"],"picked":"Cloak And Dagger+1","floor":48}],"player_experience":108841,"relics_obtained":[{"floor":7,"key":"Mummified Hand"},{"floor":9,"key":"The Courier"},{"floor":11,"key":"Strawberry"},{"floor":13,"key":"Bottled Tornado"},{"floor":21,"key":"Enchiridion"},{"floor":23,"key":"Snake Skull"},{"floor":25,"key":"Lantern"},{"floor":26,"key":"Tiny Chest"},{"floor":27,"key":"MawBank"},{"floor":36,"key":"Bronze Scales"},{"floor":38,"key":"Dodecahedron"},{"floor":40,"key":"Frozen Egg 2"},{"floor":43,"key":"Happy Flower"},{"floor":47,"key":"Whetstone"}],"event_choices":[{"cards_removed":["Strike_G"],"damage_healed":0,"gold_gain":0,"player_choice":"Offered Basic","damage_taken":0,"max_hp_gain":0,"max_hp_loss":0,"event_name":"Bonfire Elementals","floor":10,"gold_loss":0},{"damage_healed":0,"gold_gain":0,"player_choice":"Obtained Book","damage_taken":16,"max_hp_gain":0,"max_hp_loss":0,"event_name":"Cursed Tome","floor":21,"gold_loss":0},{"damage_healed":0,"gold_gain":200,"player_choice":"Gold","damage_taken":0,"max_hp_gain":0,"max_hp_loss":0,"event_name":"Wheel of Change","floor":22,"gold_loss":0},{"cards_removed":["Dash"],"damage_healed":0,"gold_gain":0,"player_choice":"Removed Attack","damage_taken":0,"max_hp_gain":0,"max_hp_loss":0,"event_name":"Falling","floor":37,"gold_loss":0},{"damage_healed":0,"gold_gain":0,"player_choice":"Max HP","damage_taken":0,"max_hp_gain":0,"max_hp_loss":5,"event_name":"Winding Halls","floor":45,"gold_loss":0}],"is_beta":false,"boss_relics":[{"not_picked":["Tiny House","Lizard Tail"],"picked":"Orrery"},{"not_picked":["Pandora\u0027s Box","HoveringKite"],"picked":"Empty Cage"}],"items_purged_floors":[3,28,30],"is_endless":false,"potions_floor_spawned":[2,11,14,20,23,25,40,47,48],"ascension_level":6}