{"gold_per_floor":[119,137,137,87,87,87,118,193,193,214,214,39,214,234,234,362,425,441,459,29,0,0,0,23,43,43,61,77,77,26,26],"floor_reached":31,"playtime":742,"items_purged":["Doubt"],"score":403,"play_id":"cbd7de18-6f41-4c48-8e17-d6241d7dc9a1","local_time":"20190210045334","is_ascension_mode":true,"campfire_choices":[{"data":"Strike_R","floor":6,"key":"SMITH"},{"data":"Uppercut","floor":11,"key":"SMITH"},{"data":"Apotheosis","floor":15,"key":"SMITH"},{"data":"Flex","floor":23,"key":"SMITH"},{"data":"Limit Break","floor":29,"key":"SMITH"}],"neow_cost":"NONE","seed_source_timestamp":50891832084500,"circlet_count":0,"master_deck":["AscendersBane","Strike_R","Strike_R","Strike_R","Strike_R+1","Defend_R","Defend_R","Defend_R+1","Defend_R","Bash+1","Uppercut+1","Apotheosis+1","Sword Boomerang","Limit Break+1","Whirlwind","Shrug It Off","Flex+1","Shrug It Off+1","Sword Boomerang"],"relics":["Burning Blood","NeowsBlessing","Golden Idol","Happy Flower","Matryoshka","Tiny House","Oddly Smooth Stone","Bronze Scales","Peace Pipe","Lantern","Meat on the Bone"],"potions_floor_usage":[16,16,16,28,31],"damage_taken":[{"damage":0,"enemies":"Jaw Worm","floor":1,"turns":1},{"damage":0,"enemies":"Small Slimes","floor":2,"turns":1},{"damage":0,"enemies":"Gremlin Nob","floor":7,"turns":1},{"damage":4,"enemies":"2 Louse","floor":10,"turns":3},{"damage":6,"enemies":"2 Fungi Beasts","floor":14,"turns":4},{"damage":9,"enemies":"Hexaghost","floor":16,"turns":9},{"damage":4,"enemies":"Chosen","floor":18,"turns":6},{"damage":6,"enemies":"3 Byrds","floor":19,"turns":6},{"damage":24,"enemies":"Snake Plant","floor":24,"turns":4},{"damage":3,"enemies":"Cultist and Chosen","floor":25,"turns":4},{"damage":3,"enemies":"Centurion and Healer","floor":27,"turns":6},{"damage":42,"enemies":"Sentry and Sphere","floor":28,"turns":7},{"damage":61,"enemies":"Gremlin Leader","floor":31,"turns":6}],"seed_played":"3603536751969377984","potions_obtained":[{"floor":2,"key":"BloodPotion"},{"floor":7,"key":"EntropicBrew"},{"floor":14,"key":"Strength Potion"},{"floor":17,"key":"FearPotion"},{"floor":27,"key":"Block Potion"}],"is_trial":false,"path_per_floor":["M","M","?","?","?","R","E","?","T","M","R","$","?","M","R","B",null,"M","M","$","?","?","R","M","M","T","M","M","R","$","E"],"character_chosen":"IRONCLAD","items_purchased":["Apotheosis","Oddly Smooth Stone","Bronze Scales","Flex","Sword Boomerang"],"campfire_rested":0,"item_purchase_floors":[12,20,20,20,30],"current_hp_per_floor":[78,80,80,80,60,60,66,55,55,57,57,57,57,57,57,54,79,81,81,81,81,81,81,63,66,66,69,45,45,45,0],"gold":26,"neow_bonus":"THREE_ENEMY_KILL","is_prod":false,"is_daily":false,"chose_seed":false,"campfire_upgraded":5,"win_rate":0,"timestamp":1549767214,"path_taken":["M","M","?","?","?","R","E","?","T","M","R","$","?","M","R","BOSS","M","M","$","?","?","R","M","M","T","?","M","R","$","E"],"build_version":"2019-01-23","purchased_purges":1,"victory":false,"max_hp_per_floor":[80,80,80,80,80,80,80,80,80,80,80,80,80,80,80,80,85,85,85,85,85,85,85,85,85,85,85,85,85,85,85],"card_choices":[{"not_picked":["Perfected Strike","Heavy Blade","Shrug It Off"],"picked":"SKIP","floor":1},{"not_picked":["Shockwave","Feel No Pain","Wild Strike"],"picked":"SKIP","floor":2},{"not_picked":["Iron Wave","Warcry"],"picked":"Uppercut","floor":7},{"not_picked":["Dropkick","True Grit","Sentinel"],"picked":"SKIP","floor":10},{"not_picked":["Shrug It Off","Combust"],"picked":"Sword Boomerang","floor":14},{"not_picked":["Demon Form","Immolate"],"picked":"Limit Break","floor":16},{"not_picked":["Metallicize","Perfected Strike"],"picked":"Whirlwind","floor":17},{"not_picked":["Metallicize","Whirlwind"],"picked":"Shrug It Off","floor":18},{"not_picked":["Pommel Strike","Infernal Blade","Iron Wave+1"],"picked":"SKIP","floor":19},{"not_picked":["Second Wind","Disarm","Cleave"],"picked":"SKIP","floor":24},{"not_picked":["Thunderclap","True Grit","Pommel Strike"],"picked":"SKIP","floor":25},{"not_picked":["Heavy Blade","Shrug It Off","Havoc"],"picked":"SKIP","floor":27},{"not_picked":["Wild Strike","Pommel Strike+1"],"picked":"Shrug It Off+1","floor":28}],"player_experience":689359,"relics_obtained":[{"floor":7,"key":"Happy Flower"},{"floor":9,"key":"Matryoshka"},{"floor":26,"key":"Lantern"},{"floor":26,"key":"Meat on the Bone"}],"event_choices":[{"damage_healed":0,"gold_gain":0,"player_choice":"Grow","damage_taken":0,"max_hp_gain":0,"max_hp_loss":0,"event_name":"Living Wall","floor":3,"gold_loss":0,"cards_upgraded":["Bash"]},{"cards_removed":["Strike_R"],"damage_healed":0,"gold_gain":0,"player_choice":"Card Removal","damage_taken":0,"max_hp_gain":0,"max_hp_loss":0,"event_name":"The Cleric","floor":4,"gold_loss":50},{"damage_healed":0,"gold_gain":0,"player_choice":"Take Damage","damage_taken":20,"relics_obtained":["Golden Idol"],"max_hp_gain":0,"max_hp_loss":0,"event_name":"Golden Idol","floor":5,"gold_loss":0},{"damage_healed":0,"gold_gain":75,"player_choice":"Gather Gold","damage_taken":11,"max_hp_gain":0,"max_hp_loss":0,"event_name":"World of Goop","floor":8,"gold_loss":0},{"damage_healed":0,"gold_gain":175,"player_choice":"AGREE","damage_taken":0,"max_hp_gain":0,"max_hp_loss":0,"event_name":"Liars Game","floor":13,"gold_loss":0,"cards_obtained":["Doubt"]},{"damage_healed":0,"gold_gain":0,"player_choice":"Paid Fearfully","damage_taken":0,"max_hp_gain":0,"max_hp_loss":0,"event_name":"Masked Bandits","floor":21,"gold_loss":29},{"damage_healed":0,"gold_gain":0,"player_choice":"Gave Potion","damage_taken":0,"relics_obtained":["Peace Pipe"],"max_hp_gain":0,"max_hp_loss":0,"event_name":"WeMeetAgain","floor":22,"gold_loss":0}],"is_beta":false,"boss_relics":[{"not_picked":["Pandora\u0027s Box","Eternal Feather"],"picked":"Tiny House"}],"items_purged_floors":[20],"is_endless":false,"potions_floor_spawned":[2,7,14,19,27],"killed_by":"Gremlin Leader","ascension_level":11}