{"gold_per_floor":[118,118,138,138,149,149,168,188,188,188,216,216,115,125,125,229,229],"floor_reached":17,"playtime":418,"items_purged":["Defend_B"],"score":157,"play_id":"aa420a87-2e4f-425e-a2ac-6556447f25a3","local_time":"20190120224034","is_ascension_mode":false,"campfire_choices":[{"data":"Zap","floor":6.0,"key":"SMITH"},{"data":"Dualcast","floor":10.0,"key":"SMITH"},{"data":"Core Surge","floor":12.0,"key":"SMITH"},{"data":"Compile Driver","floor":15.0,"key":"SMITH"}],"neow_cost":"NONE","seed_source_timestamp":2343709014252216,"circlet_count":0,"master_deck":["Strike_B","Strike_B","Strike_B","Strike_B","Defend_B","Defend_B","Defend_B","Zap+1","Dualcast+1","BootSequence","Conserve Battery","Core Surge+1","Compile Driver+1","Rainbow"],"special_seed":0,"relics":["Cracked Core","Gremlin Horn"],"potions_floor_usage":[],"damage_taken":[{"damage":0.0,"enemies":"Small Slimes","floor":1.0,"turns":3.0},{"damage":1.0,"enemies":"Cultist","floor":3.0,"turns":3.0},{"damage":1.0,"enemies":"Jaw Worm","floor":5.0,"turns":4.0},{"damage":0.0,"enemies":"Exordium Thugs","floor":7.0,"turns":4.0},{"damage":0.0,"enemies":"Red Slaver","floor":8.0,"turns":3.0},{"damage":16.0,"enemies":"3 Sentries","floor":11.0,"turns":9.0},{"damage":2.0,"enemies":"2 Fungi Beasts","floor":14.0,"turns":2.0},{"damage":45,"enemies":"The Guardian","floor":16,"turns":11}],"seed_played":"-3319816088795562","potions_obtained":[{"floor":3.0,"key":"SkillPotion"},{"floor":11.0,"key":"Regen Potion"},{"floor":14.0,"key":"AttackPotion"}],"is_trial":false,"path_per_floor":["M","$","M","?","M","R","M","M","T","R","E","R","$","M","R","B",null],"character_chosen":"DEFECT","items_purchased":["Compile Driver"],"campfire_rested":0,"item_purchase_floors":[13],"current_hp_per_floor":[82,82,81,73,72,72,72,72,72,72,56,56,56,54,54,9,9],"gold":229,"neow_bonus":"TEN_PERCENT_HP_BONUS","is_prod":false,"is_daily":false,"chose_seed":false,"campfire_upgraded":4,"win_rate":0,"timestamp":1548024034,"path_taken":["M","$","M","?","M","R","?","M","T","R","E","R","$","M","R","BOSS"],"build_version":"2019-01-17v2","purchased_purges":1,"victory":false,"max_hp_per_floor":[82,82,82,82,82,82,82,82,82,82,82,82,82,82,82,82,82],"card_choices":[{"not_picked":["Compile Driver","Gash","Cold Snap"],"picked":"SKIP","floor":1.0},{"not_picked":["Hologram","Beam Cell","Streamline"],"picked":"SKIP","floor":3.0},{"not_picked":["Barrage","Chaos"],"picked":"BootSequence","floor":5.0},{"not_picked":["Redo","Steam","Turbo"],"picked":"SKIP","floor":7.0},{"not_picked":["Compile Driver","Aggregate"],"picked":"Conserve Battery","floor":8.0},{"not_picked":["Go for the Eyes","Storm"],"picked":"Core Surge","floor":11.0},{"not_picked":["Steam","BootSequence","Heatsinks"],"picked":"SKIP","floor":14.0},{"not_picked":["Buffer","Thunder Strike"],"picked":"Rainbow","floor":16}],"player_experience":985644,"relics_obtained":[{"floor":9.0,"key":"Gremlin Horn"}],"event_choices":[{"damage_healed":0.0,"max_hp_gain":0.0,"max_hp_loss":0.0,"gold_gain":0.0,"event_name":"Wheel of Change","player_choice":"Damaged","floor":4.0,"gold_loss":0.0,"damage_taken":8.0}],"is_beta":false,"boss_relics":[],"items_purged_floors":[13],"is_endless":false,"potions_floor_spawned":[3,11,14,16],"ascension_level":0}