{"gold_per_floor":[114,127,277,327,51,51,84,84,84,99,133,133,153,167,167,244,244,264,85,85,100,111,140,152,226,238,250,26,26,26,40,40,114,114,127,142,142],"floor_reached":37,"playtime":4280,"items_purged":["Doubt","Strike_G"],"score":818,"play_id":"ee244460-d745-4921-a9df-ff5d37bf8128","local_time":"20190131120806","is_ascension_mode":true,"campfire_choices":[{"data":"Neutralize","floor":6,"key":"SMITH"},{"data":"Dagger Spray","floor":8,"key":"SMITH"},{"floor":15,"key":"REST"},{"floor":24,"key":"REST"},{"data":"Sucker Punch","floor":27,"key":"SMITH"},{"data":"Adrenaline","floor":29,"key":"SMITH"},{"floor":32,"key":"REST"}],"neow_cost":"NONE","seed_source_timestamp":302346421338600,"circlet_count":0,"master_deck":["AscendersBane","Defend_G","Defend_G","Defend_G","Defend_G","Defend_G","Strike_G","Strike_G","Strike_G","Survivor","Neutralize+1","Sucker Punch+1","Dagger Spray+1","Backstab","Poisoned Stab","Well Laid Plans+1","Predator","Adrenaline+1","PiercingWail","Footwork+1","Tools of the Trade+1","PiercingWail","Noxious Fumes+1","Blur+1","Catalyst","Noxious Fumes+1","Escape Plan","Mind Blast","Dash","PiercingWail","Cloak And Dagger"],"relics":["Ring of the Snake","Frozen Egg 2","Centennial Puzzle","Regal Pillow","Snecko Eye","MawBank","Tiny Chest","Singing Bowl","Cursed Key"],"potions_floor_usage":[7,7,13,21,23,25],"damage_taken":[{"damage":7,"enemies":"Small Slimes","floor":1,"turns":8},{"damage":0,"enemies":"2 Louse","floor":2,"turns":2},{"damage":12,"enemies":"Lagavulin","floor":7,"turns":4},{"damage":0,"enemies":"Cultist","floor":10,"turns":2},{"damage":6,"enemies":"Gremlin Nob","floor":11,"turns":3},{"damage":0,"enemies":"3 Louse","floor":13,"turns":1},{"damage":1,"enemies":"Red Slaver","floor":14,"turns":2},{"damage":47,"enemies":"Slime Boss","floor":16,"turns":12},{"damage":11,"enemies":"Chosen","floor":18,"turns":7},{"damage":11,"enemies":"Spheric Guardian","floor":21,"turns":8},{"damage":0,"enemies":"Centurion and Healer","floor":22,"turns":7},{"damage":8,"enemies":"Book of Stabbing","floor":23,"turns":7},{"damage":0,"enemies":"Gremlin Leader","floor":25,"turns":6},{"damage":12,"enemies":"Snecko","floor":31,"turns":8},{"damage":46,"enemies":"Automaton","floor":33,"turns":12},{"damage":0,"enemies":"3 Shapes","floor":35,"turns":5},{"damage":33,"enemies":"Orb Walker","floor":36,"turns":7},{"damage":30,"enemies":"Writhing Mass","floor":37,"turns":4}],"seed_played":"-6845070630494127298","potions_obtained":[{"floor":1,"key":"Poison Potion"},{"floor":7,"key":"Explosive Potion"},{"floor":16,"key":"Swift Potion"},{"floor":22,"key":"PowerPotion"},{"floor":23,"key":"EssenceOfSteel"},{"floor":31,"key":"FearPotion"},{"floor":35,"key":"Energy Potion"}],"is_trial":false,"path_per_floor":["M","M","?","?","$","R","E","R","T","M","E","?","M","M","R","B",null,"M","$","?","M","M","E","R","E","T","R","$","R","$","M","R","B",null,"M","M","M"],"character_chosen":"THE_SILENT","items_purchased":["Backstab","Poisoned Stab","FearPotion","Noxious Fumes+1","Mind Blast","Dash","PiercingWail"],"campfire_rested":3,"item_purchase_floors":[5,5,5,19,28,28,28],"current_hp_per_floor":[52,52,52,46,46,46,34,34,34,34,28,19,19,18,52,5,51,40,40,31,20,20,12,46,46,46,46,46,46,46,34,66,22,57,59,28,0],"gold":142,"neow_bonus":"REMOVE_CARD","is_prod":false,"is_daily":false,"chose_seed":false,"campfire_upgraded":4,"win_rate":0,"timestamp":1548932886,"path_taken":["M","M","?","?","$","R","E","R","T","?","E","?","?","M","R","BOSS","M","$","?","M","M","E","R","E","T","R","$","R","?","?","R","BOSS","M","M","M"],"build_version":"2019-01-23","purchased_purges":2,"victory":false,"max_hp_per_floor":[66,66,66,66,66,66,66,66,66,66,66,66,66,66,66,66,66,66,66,66,66,66,66,66,66,66,66,66,66,66,66,66,68,68,70,72,72],"card_choices":[{"not_picked":["Concentrate","Prepared"],"picked":"Sucker Punch","floor":1},{"not_picked":["Deflect","Flying Knee"],"picked":"Dagger Spray","floor":2},{"not_picked":["Flying Knee","Blade Dance"],"picked":"Well Laid Plans","floor":7},{"not_picked":["Well Laid Plans+1","Poisoned Stab"],"picked":"Predator","floor":10},{"not_picked":["Slice","Deadly Poison"],"picked":"Adrenaline","floor":11},{"not_picked":["Predator","Flying Knee"],"picked":"PiercingWail","floor":13},{"not_picked":["Dodge and Roll","Cloak And Dagger"],"picked":"Footwork+1","floor":14},{"not_picked":["Phantasmal Killer","Bullet Time"],"picked":"Tools of the Trade+1","floor":16},{"not_picked":["Accuracy+1","Choke"],"picked":"PiercingWail","floor":18},{"not_picked":["Bane","Blade Dance"],"picked":"Blur+1","floor":21},{"not_picked":["Well Laid Plans+1","Bouncing Flask+1"],"picked":"Catalyst","floor":22},{"not_picked":["Tools of the Trade+1","Quick Slash"],"picked":"Noxious Fumes+1","floor":23},{"not_picked":["Choke","Dagger Throw"],"picked":"Escape Plan","floor":25},{"not_picked":["Outmaneuver","Quick Slash"],"picked":"Cloak And Dagger","floor":31},{"not_picked":["Storm of Steel","Adrenaline","Phantasmal Killer"],"picked":"Singing Bowl","floor":33},{"not_picked":["Dodge and Roll","Blade Dance","Well Laid Plans+1"],"picked":"Singing Bowl","floor":35},{"not_picked":["Accuracy+1","Slice","Expertise"],"picked":"Singing Bowl","floor":36}],"player_experience":221112,"relics_obtained":[{"floor":7,"key":"Frozen Egg 2"},{"floor":9,"key":"Centennial Puzzle"},{"floor":11,"key":"Regal Pillow"},{"floor":23,"key":"MawBank"},{"floor":25,"key":"Tiny Chest"},{"floor":26,"key":"Singing Bowl"}],"event_choices":[{"damage_healed":0,"gold_gain":150,"player_choice":"AGREE","damage_taken":0,"max_hp_gain":0,"max_hp_loss":0,"event_name":"Liars Game","floor":3,"gold_loss":0,"cards_obtained":["Doubt"]},{"damage_healed":0,"gold_gain":50,"player_choice":"Touch","damage_taken":6,"max_hp_gain":0,"max_hp_loss":0,"event_name":"FaceTrader","floor":4,"gold_loss":0},{"damage_healed":0,"gold_gain":0,"player_choice":"Damaged","damage_taken":9,"max_hp_gain":0,"max_hp_loss":0,"event_name":"Wheel of Change","floor":12,"gold_loss":0},{"damage_healed":0,"gold_gain":0,"player_choice":"Damaged","damage_taken":9,"max_hp_gain":0,"max_hp_loss":0,"event_name":"Wheel of Change","floor":20,"gold_loss":0}],"is_beta":false,"boss_relics":[{"not_picked":["Busted Crown","Sozu"],"picked":"Snecko Eye"},{"not_picked":["Tiny House","Eternal Feather"],"picked":"Cursed Key"}],"items_purged_floors":[5,19],"is_endless":false,"potions_floor_spawned":[1,7,16,22,23,31,35],"killed_by":"Writhing Mass","ascension_level":17}