{"gold_per_floor":[209,209,209,209,209,250,170,195,195,207,17,98,122,147,147,278,278,297,322,322,337,247,247,87,87,87,87,106,134,40,40,40,136,136,153,253,271,183,200,200,200,100,123,36,36,48,48,83,83,83,83,83,20,51,51],"floor_reached":55,"playtime":1461,"items_purged":["Strike_B","Parasite","Strike_B"],"score":812,"play_id":"51ad9fb4-383f-437f-a79b-6e20c0fb1857","local_time":"20181204203801","is_ascension_mode":false,"campfire_choices":[{"data":"Defragment","floor":10.0,"key":"SMITH"},{"data":"Dualcast","floor":15.0,"key":"SMITH"},{"data":"Defragment","floor":23.0,"key":"SMITH"},{"floor":32.0,"key":"REST"},{"data":"Apotheosis","floor":41.0,"key":"SMITH"},{"floor":45.0,"key":"RECALL"},{"floor":47.0,"key":"REST"},{"floor":49.0,"key":"REST"},{"floor":52.0,"key":"REST"}],"neow_cost":"NONE","seed_source_timestamp":508466446660783,"circlet_count":0,"master_deck":["Strike_B","Defend_B+1","Defend_B","Defend_B+1","Defend_B","Zap","Dualcast+1","Glacier","Defragment+1","Chill","Ball Lightning","Rainbow","Defragment+1","Apotheosis+1","Loop+1","Capacitor","Undo","Electrodynamics","Force Field+1","Ball Lightning","Lockon","Defragment+1","Darkness+1"],"special_seed":0,"relics":["Cracked Core","Boot","Bloody Idol","Sundial","Lantern","MawBank","Membership Card","Cursed Key","Bottled Lightning","WingedGreaves","Sozu","Du-Vu Doll","DataDisk","Runic Capacitor","Juzu Bracelet","Strawberry"],"potions_floor_usage":[54,55,55],"damage_taken":[{"damage":0.0,"enemies":"2 Louse","floor":1.0,"turns":4.0},{"damage":16.0,"enemies":"Gremlin Nob","floor":6.0,"turns":5.0},{"damage":0.0,"enemies":"Jaw Worm","floor":13.0,"turns":5.0},{"damage":0.0,"enemies":"Cultist","floor":14.0,"turns":4.0},{"damage":0.0,"enemies":"The Guardian","floor":16.0,"turns":13.0},{"damage":0.0,"enemies":"Spheric Guardian","floor":18.0,"turns":4.0},{"damage":0.0,"enemies":"Shell Parasite","floor":19.0,"turns":6.0},{"damage":15.0,"enemies":"Snake Plant","floor":21.0,"turns":4.0},{"damage":22.0,"enemies":"Chosen and Byrds","floor":28.0,"turns":5.0},{"damage":14.0,"enemies":"Slavers","floor":29.0,"turns":6.0},{"damage":11.0,"enemies":"Collector","floor":33.0,"turns":12.0},{"damage":3.0,"enemies":"3 Shapes","floor":35.0,"turns":5.0},{"damage":0.0,"enemies":"Mind Bloom Boss Battle","floor":36.0,"turns":6.0},{"damage":4.0,"enemies":"Orb Walker","floor":37.0,"turns":4.0},{"damage":0.0,"enemies":"Transient","floor":39.0,"turns":5.0},{"damage":13.0,"enemies":"Sphere and 2 Shapes","floor":46.0,"turns":4.0},{"damage":9.0,"enemies":"Nemesis","floor":48.0,"turns":5.0},{"damage":0.0,"enemies":"Awakened One","floor":50.0,"turns":9.0},{"damage":41,"enemies":"Shield and Spear","floor":54,"turns":5},{"damage":62,"enemies":"The Heart","floor":55,"turns":3}],"seed_played":"2890538212012131082","potions_obtained":[{"floor":1.0,"key":"Block Potion"},{"floor":19.0,"key":"FearPotion"},{"floor":28.0,"key":"GamblersBrew"},{"floor":29.0,"key":"Block Potion"}],"is_trial":false,"path_per_floor":["M","?","?","$","?","E","$","T","T","R","$","T","M","M","R","B",null,"M","M","?","M","$","R","$","?","T","?","M","E","$","T","R","B",null,"M","?","M","$","M","?","R","$","T","$","R","M","R","E","R","B",null,"R","$","E","B"],"character_chosen":"DEFECT","items_purchased":["Chill","Membership Card","Apotheosis","Bottled Lightning","FocusPotion","Capacitor","Undo","DataDisk","Ball Lightning","Runic Capacitor","Lockon"],"campfire_rested":4,"item_purchase_floors":[7,11,22,24,24,30,30,38,38,42,44],"current_hp_per_floor":[75,60,48,48,30,14,14,14,14,14,14,14,14,14,14,14,75,75,75,75,65,65,65,65,65,65,65,48,39,39,39,61,55,75,75,75,75,75,75,75,75,75,75,72,72,64,72,68,72,72,72,72,72,43,0],"gold":51,"neow_bonus":"HUNDRED_GOLD","is_prod":false,"is_daily":false,"chose_seed":false,"campfire_upgraded":4,"win_rate":0,"timestamp":1543955881,"path_taken":["M","?","?","$","?","E","?","?","T","R","$","?","M","?","R","BOSS","M","M","?","M","$","R","$","?","T","?","M","E","$","?","R","BOSS","M","?","M","$","M","?","R","$","T","$","R","?","R","E","R","BOSS","R","$","E","BOSS"],"build_version":"2018-11-15","purchased_purges":3,"victory":false,"max_hp_per_floor":[75,75,75,75,75,75,75,75,75,75,75,75,75,75,75,75,75,75,75,75,75,75,75,75,75,75,75,75,75,75,75,75,75,75,75,75,75,75,75,75,75,75,75,72,72,72,72,72,72,72,72,72,72,79,79],"card_choices":[{"not_picked":["Darkness","BootSequence"],"picked":"Glacier","floor":1.0},{"not_picked":["Blizzard","Turbo"],"picked":"Defragment","floor":6.0},{"not_picked":["Undo","Coolheaded","Aggregate"],"picked":"SKIP","floor":13.0},{"not_picked":["Stack","Steam"],"picked":"Ball Lightning","floor":14.0},{"not_picked":["Machine Learning","Hyperbeam"],"picked":"Rainbow","floor":16.0},{"not_picked":["Compile Driver","Coolheaded","Melter"],"picked":"SKIP","floor":18.0},{"not_picked":["Hologram","Steam","Heatsinks+1"],"picked":"SKIP","floor":19.0},{"not_picked":["Stack","Gash"],"picked":"Defragment","floor":21.0},{"not_picked":["Aggregate","Gash+1","Fusion"],"picked":"SKIP","floor":28.0},{"not_picked":["Compile Driver","Chaos"],"picked":"Loop+1","floor":29.0},{"not_picked":["Creative AI","Amplify"],"picked":"Electrodynamics","floor":33.0},{"not_picked":["Turbo+1","Static Discharge","Steam"],"picked":"SKIP","floor":35.0},{"not_picked":["Fusion+1","Beam Cell"],"picked":"Force Field+1","floor":37.0},{"not_picked":["White Noise","Reinforced Body+1","Gash+1"],"picked":"SKIP","floor":39.0},{"not_picked":["Hello World","Leap+1"],"picked":"Defragment+1","floor":46.0},{"not_picked":["Sweeping Beam+1","Cold Snap+1"],"picked":"Darkness+1","floor":48.0},{"not_picked":["Streamline+1","Steam+1","Reprogram"],"picked":"SKIP","floor":54}],"player_experience":850563,"relics_obtained":[{"floor":6.0,"key":"Sundial"},{"floor":8.0,"key":"Lantern"},{"floor":9.0,"key":"MawBank"},{"floor":29.0,"key":"WingedGreaves"},{"floor":36.0,"key":"Du-Vu Doll"},{"floor":48.0,"key":"Juzu Bracelet"},{"floor":54,"key":"Strawberry"}],"event_choices":[{"damage_healed":0.0,"max_hp_gain":0.0,"max_hp_loss":0.0,"gold_gain":0.0,"event_name":"Shining Light","player_choice":"Entered Light","floor":2.0,"gold_loss":0.0,"damage_taken":15.0,"cards_upgraded":["Defend_B","Defend_B"]},{"damage_healed":0.0,"max_hp_gain":0.0,"max_hp_loss":0.0,"gold_gain":0.0,"event_name":"Scrap Ooze","player_choice":"Success","floor":3.0,"gold_loss":0.0,"damage_taken":12.0,"relics_obtained":["Boot"]},{"damage_healed":0.0,"max_hp_gain":0.0,"max_hp_loss":0.0,"gold_gain":0.0,"event_name":"Golden Idol","player_choice":"Take Damage","floor":5.0,"gold_loss":0.0,"damage_taken":18.0,"relics_obtained":["Golden Idol"]},{"damage_healed":0.0,"max_hp_gain":0.0,"max_hp_loss":0.0,"gold_gain":0.0,"event_name":"Forgotten Altar","player_choice":"Gave Idol","floor":20.0,"relics_lost":["Golden Idol"],"gold_loss":0.0,"damage_taken":0.0,"relics_obtained":["Bloody Idol"]},{"damage_healed":0.0,"max_hp_gain":0.0,"max_hp_loss":0.0,"gold_gain":0.0,"event_name":"Vampires","player_choice":"Ignored","floor":25.0,"gold_loss":0.0,"damage_taken":0.0},{"damage_healed":0.0,"max_hp_gain":0.0,"max_hp_loss":0.0,"gold_gain":0.0,"event_name":"The Mausoleum","player_choice":"Ignored","floor":27.0,"gold_loss":0.0,"damage_taken":0.0},{"damage_healed":0.0,"max_hp_gain":0.0,"max_hp_loss":0.0,"gold_gain":0.0,"event_name":"MindBloom","player_choice":"Fight","floor":36.0,"gold_loss":0.0,"damage_taken":0.0},{"cards_removed":["Strike_B"],"damage_healed":0.0,"max_hp_gain":0.0,"max_hp_loss":0.0,"gold_gain":0.0,"event_name":"Bonfire Elementals","player_choice":"Offered Basic","floor":40.0,"gold_loss":0.0,"damage_taken":0.0}],"is_beta":false,"boss_relics":[{"not_picked":["Empty Cage","Fusion Hammer"],"picked":"Cursed Key"},{"not_picked":["Busted Crown","Lizard Tail"],"picked":"Sozu"}],"items_purged_floors":[30,44,53],"is_endless":false,"potions_floor_spawned":[1,19,28,29,36,37,48,54],"killed_by":"The Heart","ascension_level":0}