{"gold_per_floor":[113,38,38,38,58,58,75,110,133,133,164,124],"floor_reached":12,"playtime":620,"items_purged":[],"score":172,"play_id":"35bcdcbc-4efb-4d65-bc6e-769eb7a952fa","local_time":"20190210034024","is_ascension_mode":true,"campfire_choices":[{"data":"Predator","floor":6,"key":"SMITH"},{"data":"A Thousand Cuts","floor":10,"key":"SMITH"}],"neow_cost":"NONE","seed_source_timestamp":408542991972600,"circlet_count":0,"master_deck":["AscendersBane","Defend_G","Defend_G","Defend_G","Defend_G","Defend_G","Strike_G","Strike_G","Strike_G","Survivor","Neutralize","Leg Sweep","Dagger Spray","Predator+1","All Out Attack","A Thousand Cuts+1"],"relics":["Ring of the Snake","Ginger","Mercury Hourglass","Omamori","Smiling Mask"],"potions_floor_usage":[8],"damage_taken":[{"damage":6,"enemies":"Cultist","floor":1,"turns":6},{"damage":4,"enemies":"Jaw Worm","floor":5,"turns":7},{"damage":0,"enemies":"2 Louse","floor":7,"turns":3},{"damage":12,"enemies":"Gremlin Nob","floor":8,"turns":4},{"damage":35,"enemies":"3 Sentries","floor":11,"turns":6},{"damage":3,"enemies":"Exordium Thugs","floor":12,"turns":2}],"seed_played":"1909330529262486983","potions_obtained":[{"floor":5,"key":"EssenceOfSteel"}],"is_trial":false,"path_per_floor":["M","?","T","$","M","R","M","E","T","R","E","M"],"character_chosen":"THE_SILENT","items_purchased":[],"campfire_rested":0,"item_purchase_floors":[],"current_hp_per_floor":[53,53,53,53,49,49,49,37,37,37,2,0],"gold":124,"neow_bonus":"TRANSFORM_CARD","is_prod":false,"is_daily":false,"chose_seed":false,"campfire_upgraded":2,"win_rate":0,"timestamp":1549766424,"path_taken":["M","?","?","$","M","R","M","E","T","R","E","?"],"build_version":"2019-01-23","purchased_purges":0,"victory":false,"max_hp_per_floor":[66,66,66,66,66,66,66,66,66,66,66,66],"card_choices":[{"not_picked":["Bane","Acrobatics"],"picked":"Dagger Spray","floor":1},{"not_picked":["Calculated Gamble","Prepared"],"picked":"Predator","floor":5},{"not_picked":["Deadly Poison","Blur"],"picked":"All Out Attack","floor":7},{"not_picked":["Quick Slash","Outmaneuver"],"picked":"A Thousand Cuts","floor":8},{"not_picked":["Dagger Throw","Tactician","Sucker Punch"],"picked":"SKIP","floor":11}],"player_experience":526453,"relics_obtained":[{"floor":3,"key":"Ginger"},{"floor":8,"key":"Mercury Hourglass"},{"floor":9,"key":"Omamori"},{"floor":11,"key":"Smiling Mask"}],"event_choices":[{"cards_removed":["Strike_G"],"damage_healed":0,"gold_gain":0,"player_choice":"Card Removal","damage_taken":0,"max_hp_gain":0,"max_hp_loss":0,"event_name":"The Cleric","floor":2,"gold_loss":75}],"is_beta":false,"boss_relics":[],"items_purged_floors":[],"is_endless":false,"potions_floor_spawned":[5],"killed_by":"Exordium Thugs","ascension_level":20}