{"gold_per_floor":[118,118,128,142,155,155,175,175,175,203,203,128,128,147,147,247,247,261,72,72,72,72,102,102,2,2,2,85,103,135,135],"floor_reached":31,"playtime":1480,"items_purged":["Strike_G","Strike_G"],"score":298,"play_id":"1cfd6ccd-50b6-4b4f-8621-ea0d0d21882e","local_time":"20181213141942","is_ascension_mode":true,"campfire_choices":[{"data":"Dagger Spray","floor":6,"key":"SMITH"},{"data":"Neutralize","floor":8,"key":"SMITH"},{"data":"Skewer","floor":11,"key":"SMITH"},{"floor":15,"key":"REST"},{"floor":24,"key":"REST"},{"floor":27,"key":"REST"}],"neow_cost":"NONE","seed_source_timestamp":10354931563798,"circlet_count":0,"master_deck":["Defend_G","Defend_G","Defend_G","Defend_G","Defend_G","Strike_G","Survivor","Neutralize+1","Dagger Spray+1","Dash","Skewer+1","Dagger Throw","Noxious Fumes+1","Infinite Blades+1","Malaise","Accuracy+1","Panache+1","RitualDagger","Leg Sweep","Acrobatics"],"relics":["Ring of the Snake","Question Card","Bottled Lightning","Frozen Egg 2","Black Star","Strawberry","WingedGreaves","Bottled Flame","Tiny Chest","Molten Egg 2","Juzu Bracelet"],"potions_floor_usage":[23,23,23,30,31],"damage_taken":[{"damage":0,"enemies":"Cultist","floor":1,"turns":5},{"damage":1,"enemies":"2 Louse","floor":3,"turns":4},{"damage":0,"enemies":"Small Slimes","floor":4,"turns":3},{"damage":6,"enemies":"Blue Slaver","floor":5,"turns":5},{"damage":0,"enemies":"3 Louse","floor":7,"turns":3},{"damage":9,"enemies":"3 Sentries","floor":10,"turns":6},{"damage":0,"enemies":"Exordium Wildlife","floor":14,"turns":2},{"damage":22,"enemies":"Hexaghost","floor":16,"turns":9},{"damage":20,"enemies":"3 Byrds","floor":18,"turns":5},{"damage":50,"enemies":"Slavers","floor":23,"turns":6},{"damage":24,"enemies":"Shell Parasite","floor":29,"turns":7},{"damage":21,"enemies":"Book of Stabbing","floor":30,"turns":9},{"damage":16,"enemies":"Snecko","floor":31,"turns":3}],"seed_played":"1544856268755686133","potions_obtained":[{"floor":4,"key":"Weak Potion"},{"floor":7,"key":"GhostInAJar"},{"floor":10,"key":"Strength Potion"},{"floor":23,"key":"Poison Potion"},{"floor":30,"key":"Strength Potion"}],"is_trial":false,"path_per_floor":["M","T","M","M","M","R","M","R","T","E","R","$","?","M","R","B",null,"M","$","?","?","?","E","R","$","T","R","T","M","E","M"],"character_chosen":"THE_SILENT","items_purchased":["Panache+1"],"campfire_rested":3,"item_purchase_floors":[19],"current_hp_per_floor":[77,77,76,76,70,70,70,70,70,61,61,61,54,54,77,55,77,57,57,57,51,51,8,33,33,33,58,58,34,13,0],"gold":135,"neow_bonus":"TEN_PERCENT_HP_BONUS","is_prod":false,"is_daily":false,"chose_seed":false,"campfire_upgraded":3,"win_rate":0,"timestamp":1544681982,"path_taken":["M","?","M","?","M","R","M","R","T","E","R","$","?","M","R","BOSS","M","$","?","?","?","E","R","$","T","R","?","?","E","M"],"build_version":"2018-12-06","purchased_purges":2,"victory":false,"max_hp_per_floor":[77,77,77,77,77,77,77,77,77,77,77,77,77,77,77,77,77,77,77,77,77,77,84,84,84,84,84,84,84,84,84],"card_choices":[{"not_picked":["Flying Knee","Bane"],"picked":"Dagger Spray","floor":1},{"not_picked":["Flying Knee","Dagger Throw","Quick Slash"],"picked":"Dash","floor":3},{"not_picked":["Outmaneuver","Slice","All Out Attack","Accuracy"],"picked":"SKIP","floor":4},{"not_picked":["Dagger Spray","Escape Plan","Caltrops"],"picked":"Skewer","floor":5},{"not_picked":["Distraction","Sucker Punch","Expertise"],"picked":"Dagger Throw","floor":7},{"not_picked":["Sucker Punch","Acrobatics","Well Laid Plans"],"picked":"Noxious Fumes","floor":10},{"not_picked":["Dodge and Roll","Prepared","Underhanded Strike"],"picked":"Infinite Blades+1","floor":14},{"not_picked":["Corpse Explosion","Unload","Adrenaline"],"picked":"Malaise","floor":16},{"not_picked":["Flechettes","Underhanded Strike","Bane"],"picked":"Accuracy+1","floor":18},{"not_picked":["Night Terror","Dagger Throw","Slice"],"picked":"Leg Sweep","floor":23},{"not_picked":["Expertise","Underhanded Strike+1","Finisher"],"picked":"Acrobatics","floor":29},{"not_picked":["Dagger Throw","Underhanded Strike","Quick Slash","Outmaneuver"],"picked":"SKIP","floor":30}],"player_experience":37667,"relics_obtained":[{"floor":2,"key":"Question Card"},{"floor":9,"key":"Bottled Lightning"},{"floor":10,"key":"Frozen Egg 2"},{"floor":23,"key":"Strawberry"},{"floor":23,"key":"WingedGreaves"},{"floor":26,"key":"Bottled Flame"},{"floor":28,"key":"Tiny Chest"},{"floor":30,"key":"Molten Egg 2"},{"floor":30,"key":"Juzu Bracelet"}],"event_choices":[{"cards_removed":["Strike_G"],"damage_healed":0,"gold_gain":0,"player_choice":"Card Removal","damage_taken":7,"max_hp_gain":0,"max_hp_loss":0,"event_name":"Golden Wing","floor":13,"gold_loss":0},{"cards_removed":["Strike_G"],"damage_healed":0,"gold_gain":0,"player_choice":"Elegance","damage_taken":0,"max_hp_gain":0,"max_hp_loss":0,"event_name":"Back to Basics","floor":20,"gold_loss":0},{"damage_healed":0,"gold_gain":0,"player_choice":"Joined the Cult","damage_taken":6,"max_hp_gain":0,"max_hp_loss":0,"event_name":"Nest","floor":21,"gold_loss":0,"cards_obtained":["RitualDagger"]},{"damage_healed":0,"gold_gain":0,"player_choice":"Ignored","damage_taken":0,"max_hp_gain":0,"max_hp_loss":0,"event_name":"Ghosts","floor":22,"gold_loss":0}],"is_beta":false,"boss_relics":[{"not_picked":["Pandora\u0027s Box","Tiny House"],"picked":"Black Star"}],"items_purged_floors":[12,25],"is_endless":false,"potions_floor_spawned":[4,7,10,14,16,18,23,30],"killed_by":"Snecko","ascension_level":2}