{"gold_per_floor":[113,127,127,137,14,43,43,43,67,83,103,103,122,156,156,258,258,268,39,39,70,88,88,88,99,122,122,122,133,133,143,143,248,248,264,92,92,109,109,109,124,141,141,141,154,167,24,42,42,42],"floor_reached":51,"playtime":3113,"items_purged":["Strike_G","Strike_G"],"score":661,"play_id":"235c9c59-436e-4ff9-9dbc-7e00a23c2caf","local_time":"20190210111836","is_ascension_mode":false,"campfire_choices":[{"data":"Neutralize","floor":7,"key":"SMITH"},{"data":"A Thousand Cuts","floor":12,"key":"SMITH"},{"data":"Well Laid Plans","floor":15,"key":"SMITH"},{"data":"Envenom","floor":23,"key":"SMITH"},{"floor":32,"key":"REST"},{"data":"Blade Dance","floor":40,"key":"SMITH"},{"data":"Finisher","floor":44,"key":"SMITH"},{"floor":49,"key":"REST"}],"neow_cost":"NONE","seed_source_timestamp":577519417451421,"circlet_count":0,"master_deck":["Defend_G","Defend_G","Defend_G","Defend_G","Defend_G","Strike_G","Survivor","Neutralize+1","After Image","Blade Dance+1","Blade Dance","Backstab","Caltrops","Infinite Blades","A Thousand Cuts+1","Cloak And Dagger","Well Laid Plans+1","Envenom+1","Terror+1","PiercingWail","Finisher+1","Calculated Gamble+1","PiercingWail","Die Die Die","Footwork+1","Backflip","Parasite","Deflect+1","Leg Sweep+1","PiercingWail+1"],"relics":["Ring of the Snake","Blood Vial","Boot","Gremlin Horn","Philosopher\u0027s Stone","Snake Skull","MutagenicStrength","Red Mask","Juzu Bracelet","Lantern","Cursed Key","Vajra"],"potions_floor_usage":[6,14,33,50,50,50,50],"damage_taken":[{"damage":0,"enemies":"Small Slimes","floor":1,"turns":4},{"damage":0,"enemies":"Cultist","floor":2,"turns":4},{"damage":3,"enemies":"Jaw Worm","floor":4,"turns":3},{"damage":20,"enemies":"Gremlin Nob","floor":6,"turns":4},{"damage":1,"enemies":"Lots of Slimes","floor":10,"turns":3},{"damage":5,"enemies":"Blue Slaver","floor":11,"turns":3},{"damage":2,"enemies":"3 Louse","floor":13,"turns":4},{"damage":0,"enemies":"Lagavulin","floor":14,"turns":6},{"damage":9,"enemies":"Hexaghost","floor":16,"turns":9},{"damage":14,"enemies":"Spheric Guardian","floor":18,"turns":6},{"damage":13,"enemies":"Masked Bandits","floor":21,"turns":4},{"damage":0,"enemies":"Shell Parasite","floor":22,"turns":4},{"damage":15,"enemies":"Snake Plant","floor":25,"turns":3},{"damage":0,"enemies":"Centurion and Healer","floor":29,"turns":5},{"damage":4,"enemies":"Snecko","floor":31,"turns":5},{"damage":8,"enemies":"Champ","floor":33,"turns":10},{"damage":8,"enemies":"3 Darklings","floor":35,"turns":5},{"damage":0,"enemies":"Orb Walker","floor":38,"turns":2},{"damage":0,"enemies":"Sphere and 2 Shapes","floor":41,"turns":6},{"damage":0,"enemies":"Writhing Mass","floor":42,"turns":5},{"damage":6,"enemies":"3 Darklings","floor":45,"turns":4},{"damage":5,"enemies":"Sphere and 2 Shapes","floor":46,"turns":5},{"damage":22,"enemies":"Jaw Worm Horde","floor":48,"turns":3},{"damage":3,"enemies":"Donu and Deca","floor":50,"turns":10}],"seed_played":"4955217426966930109","potions_obtained":[{"floor":6,"key":"Dexterity Potion"},{"floor":10,"key":"Weak Potion"},{"floor":11,"key":"SmokeBomb"},{"floor":16,"key":"EntropicBrew"},{"floor":42,"key":"PowerPotion"},{"floor":48,"key":"Dexterity Potion"}],"is_trial":false,"path_per_floor":["M","M","?","M","$","E","R","$","T","M","M","R","M","E","R","B",null,"M","$","?","?","M","R","$","M","T","?","?","M","?","M","R","B",null,"M","$","?","M","?","R","M","M","T","R","M","M","$","M","R","B",null],"character_chosen":"THE_SILENT","items_purchased":["Infinite Blades","Fire Potion","Snake Skull","Footwork","Vajra"],"campfire_rested":2,"item_purchase_floors":[5,5,19,36,47],"current_hp_per_floor":[70,70,70,67,67,47,47,47,47,48,45,45,45,47,47,40,70,56,56,56,45,47,47,47,34,34,34,34,36,36,34,55,49,70,62,62,62,64,64,64,66,68,68,68,64,61,61,41,62,61],"gold":42,"neow_bonus":"ONE_RANDOM_RARE_CARD","is_prod":false,"is_daily":false,"chose_seed":false,"campfire_upgraded":6,"win_rate":0,"timestamp":1549793916,"path_taken":["M","M","?","M","?","E","R","$","T","?","?","R","M","E","R","BOSS","M","$","?","?","M","R","?","?","T","?","?","M","?","M","R","BOSS","M","$","?","M","?","R","M","M","T","R","M","M","$","M","R","BOSS"],"build_version":"2019-01-23","purchased_purges":2,"victory":true,"max_hp_per_floor":[70,70,70,70,70,70,70,70,70,70,70,70,70,70,70,70,70,70,70,70,70,70,70,70,70,70,70,70,70,70,70,70,70,70,70,70,70,70,70,70,70,70,70,70,70,70,70,70,70,70],"card_choices":[{"not_picked":["Prepared","PiercingWail"],"picked":"Blade Dance","floor":1},{"not_picked":["Outmaneuver","Acrobatics"],"picked":"Blade Dance","floor":2},{"not_picked":["Choke","Dodge and Roll"],"picked":"Caltrops","floor":4},{"not_picked":["Grand Finale","Bane","Slice"],"picked":"SKIP","floor":6},{"not_picked":["Slice","Underhanded Strike","Acrobatics"],"picked":"SKIP","floor":10},{"not_picked":["Dodge and Roll","Dagger Spray"],"picked":"A Thousand Cuts","floor":11},{"not_picked":["Slice","Flying Knee"],"picked":"Cloak And Dagger","floor":13},{"not_picked":["Dodge and Roll","Slice"],"picked":"Well Laid Plans","floor":14},{"not_picked":["Venomology","Adrenaline"],"picked":"Envenom","floor":16},{"not_picked":["Dagger Spray","Prepared+1"],"picked":"Terror+1","floor":18},{"not_picked":["Deadly Poison","Deflect"],"picked":"PiercingWail","floor":21},{"not_picked":["Setup","Sucker Punch","Prepared"],"picked":"SKIP","floor":22},{"not_picked":["Well Laid Plans+1","Envenom"],"picked":"Finisher","floor":25},{"not_picked":["Terror","Poisoned Stab+1"],"picked":"Calculated Gamble+1","floor":29},{"not_picked":["Flying Knee","Poisoned Stab"],"picked":"PiercingWail","floor":31},{"not_picked":["A Thousand Cuts","Unload"],"picked":"Die Die Die","floor":33},{"not_picked":["Acrobatics","Deadly Poison+1","Cloak And Dagger"],"picked":"SKIP","floor":35},{"not_picked":["Catalyst+1","Tactician+1"],"picked":"Backflip","floor":38},{"not_picked":["Bouncing Flask","Quick Slash+1","Concentrate"],"picked":"SKIP","floor":41},{"not_picked":["Tactician","Poisoned Stab+1"],"picked":"Deflect+1","floor":42},{"not_picked":["Die Die Die","Sucker Punch+1"],"picked":"Leg Sweep+1","floor":45},{"not_picked":["Dagger Spray+1","Dagger Throw"],"picked":"PiercingWail+1","floor":46},{"not_picked":["Poisoned Stab+1","Caltrops","Bouncing Flask"],"picked":"SKIP","floor":48}],"player_experience":96655,"relics_obtained":[{"floor":6,"key":"Blood Vial"},{"floor":9,"key":"Boot"},{"floor":14,"key":"Gremlin Horn"},{"floor":21,"key":"Red Mask"},{"floor":26,"key":"Juzu Bracelet"}],"event_choices":[{"damage_healed":0,"gold_gain":0,"cards_transformed":["Strike_G"],"player_choice":"Transformed","damage_taken":0,"max_hp_gain":0,"max_hp_loss":0,"event_name":"Transmorgrifier","floor":3,"gold_loss":0,"cards_obtained":["Backstab"]},{"damage_healed":0,"gold_gain":0,"player_choice":"Inject Mutagens","damage_taken":0,"relics_obtained":["MutagenicStrength"],"max_hp_gain":0,"max_hp_loss":0,"event_name":"Drug Dealer","floor":20,"gold_loss":0},{"damage_healed":0,"gold_gain":0,"player_choice":"Fought Bandits","damage_taken":0,"max_hp_gain":0,"max_hp_loss":0,"event_name":"Masked Bandits","floor":21,"gold_loss":0},{"damage_healed":0,"gold_gain":0,"player_choice":"Opened","damage_taken":0,"relics_obtained":["Lantern"],"max_hp_gain":0,"max_hp_loss":0,"event_name":"The Mausoleum","floor":27,"gold_loss":0},{"damage_healed":0,"gold_gain":0,"player_choice":"Ignored","damage_taken":0,"max_hp_gain":0,"max_hp_loss":0,"event_name":"Ghosts","floor":28,"gold_loss":0},{"damage_healed":0,"gold_gain":0,"player_choice":"Ignored","damage_taken":0,"max_hp_gain":0,"max_hp_loss":0,"event_name":"NoteForYourself","floor":30,"gold_loss":0},{"damage_healed":0,"gold_gain":0,"player_choice":"Forge","damage_taken":0,"max_hp_gain":0,"max_hp_loss":0,"event_name":"Accursed Blacksmith","floor":37,"gold_loss":0,"cards_upgraded":["Footwork"]},{"cards_removed":["Strike_G"],"damage_healed":0,"gold_gain":0,"player_choice":"Removed Attack","damage_taken":0,"max_hp_gain":0,"max_hp_loss":0,"event_name":"Falling","floor":39,"gold_loss":0}],"is_beta":false,"boss_relics":[{"not_picked":["Velvet Choker","Calling Bell"],"picked":"Philosopher\u0027s Stone"},{"not_picked":["Eternal Feather","Orrery"],"picked":"Cursed Key"}],"items_purged_floors":[19,36],"is_endless":false,"potions_floor_spawned":[6,10,11,16,21,25,42,48],"ascension_level":0}