{"gold_per_floor":[212,212,139,139,64,64,74,74,97,117,129,129,161,185,185,281,281,298,298,310,8,27,27,47,74,74,74,87,87,98,117,117,117],"floor_reached":33,"playtime":1000,"items_purged":["Strike_B"],"score":267,"play_id":"4c54b8c7-b5df-4b8d-a03c-7476a330fffc","local_time":"20190122014935","is_ascension_mode":false,"campfire_choices":[{"data":"Go for the Eyes","floor":6,"key":"SMITH"},{"data":"Dualcast","floor":8,"key":"SMITH"},{"data":"FTL","floor":12,"key":"SMITH"},{"data":"Go for the Eyes","floor":15,"key":"SMITH"},{"floor":23,"key":"REST"},{"data":"1","floor":32,"key":"LIFT"}],"neow_cost":"NONE","seed_source_timestamp":104214077347500,"circlet_count":0,"master_deck":["Strike_B","Strike_B","Strike_B","Defend_B","Defend_B","Defend_B","Defend_B","Zap+1","Dualcast+1","Go for the Eyes+1","All For One","Go for the Eyes+1","FTL+1","Leap","Zap","Ball Lightning+1","Gash","Streamline","Heatsinks+1","White Noise+1","FTL+1"],"relics":["Cracked Core","Blood Vial","PreservedInsect","Potion Belt","Sozu","Frozen Egg 2","Girya","Letter Opener"],"potions_floor_usage":[16,28,33],"damage_taken":[{"damage":8,"enemies":"Jaw Worm","floor":1,"turns":3},{"damage":1,"enemies":"2 Louse","floor":7,"turns":3},{"damage":0,"enemies":"Cultist","floor":10,"turns":3},{"damage":6,"enemies":"Exordium Wildlife","floor":11,"turns":4},{"damage":5,"enemies":"Gremlin Nob","floor":13,"turns":3},{"damage":18,"enemies":"Slime Boss","floor":16,"turns":9},{"damage":14,"enemies":"Spheric Guardian","floor":18,"turns":4},{"damage":7,"enemies":"Chosen","floor":20,"turns":4},{"damage":27,"enemies":"Snake Plant","floor":22,"turns":4},{"damage":20,"enemies":"Centurion and Healer","floor":24,"turns":5},{"damage":22,"enemies":"Gremlin Leader","floor":25,"turns":5},{"damage":14,"enemies":"Snecko","floor":28,"turns":4},{"damage":15,"enemies":"Chosen and Byrds","floor":30,"turns":5},{"damage":5,"enemies":"Cultist and Chosen","floor":31,"turns":4},{"damage":70,"enemies":"Champ","floor":33,"turns":8}],"seed_played":"685178681375538707","potions_obtained":[{"floor":10,"key":"PowerPotion"},{"floor":13,"key":"Poison Potion"},{"floor":16,"key":"Explosive Potion"}],"is_trial":false,"path_per_floor":["M","?","$","?","$","R","M","R","T","M","M","R","E","T","R","B",null,"M","?","M","$","M","R","M","E","T","?","M","?","M","M","R","B"],"character_chosen":"DEFECT","items_purchased":["All For One","Gash","Frozen Egg 2"],"campfire_rested":1,"item_purchase_floors":[3,21,21],"current_hp_per_floor":[67,67,67,67,67,67,66,66,66,68,64,64,61,61,61,45,75,61,61,56,56,31,53,35,15,15,15,3,85,70,67,67,0],"gold":117,"neow_bonus":"HUNDRED_GOLD","is_prod":false,"is_daily":false,"chose_seed":false,"campfire_upgraded":4,"win_rate":0,"timestamp":1548092975,"path_taken":["M","?","$","?","$","R","M","R","T","M","M","R","E","?","R","BOSS","M","?","M","$","?","R","M","E","T","?","M","?","M","?","R","BOSS"],"build_version":"2019-01-17v2","purchased_purges":1,"victory":false,"max_hp_per_floor":[75,75,75,75,75,75,75,75,75,75,75,75,75,75,75,75,75,75,75,75,75,75,75,75,75,75,75,75,85,85,85,85,85],"card_choices":[{"not_picked":["Barrage","Cold Snap"],"picked":"Go for the Eyes","floor":1},{"not_picked":["Glacier","BootSequence","Compile Driver"],"picked":"SKIP","floor":7},{"not_picked":["Steam","Loop"],"picked":"Go for the Eyes","floor":10},{"not_picked":["Streamline","Hello World"],"picked":"FTL","floor":11},{"not_picked":["Reboot","Conserve Battery"],"picked":"Leap","floor":13},{"not_picked":["Multi-Cast","Buffer"],"picked":"Reboot","floor":16},{"not_picked":["Recycle","Hologram","Sweeping Beam"],"picked":"SKIP","floor":18},{"not_picked":["Redo","Hologram"],"picked":"Ball Lightning+1","floor":20},{"not_picked":["Conserve Battery","Compile Driver"],"picked":"Streamline","floor":22},{"not_picked":["Hologram","Undo+1"],"picked":"Heatsinks+1","floor":24},{"not_picked":["Consume","BootSequence","Core Surge"],"picked":"SKIP","floor":25},{"not_picked":["Coolheaded","Leap"],"picked":"White Noise+1","floor":28},{"not_picked":["Chaos+1","Leap"],"picked":"FTL+1","floor":30},{"not_picked":["Glacier","Auto Shields","Barrage"],"picked":"SKIP","floor":31}],"player_experience":110953,"relics_obtained":[{"floor":9,"key":"Blood Vial"},{"floor":13,"key":"PreservedInsect"},{"floor":14,"key":"Potion Belt"},{"floor":25,"key":"Girya"},{"floor":26,"key":"Letter Opener"}],"event_choices":[{"damage_healed":0,"gold_gain":0,"player_choice":"Ignored","damage_taken":0,"max_hp_gain":0,"max_hp_loss":0,"event_name":"Shining Light","floor":2,"gold_loss":0},{"damage_healed":0,"gold_gain":0,"player_choice":"Grow","damage_taken":0,"max_hp_gain":0,"max_hp_loss":0,"event_name":"Living Wall","floor":4,"gold_loss":0,"cards_upgraded":["Zap"]},{"damage_healed":0,"gold_gain":0,"player_choice":"1 cards matched","damage_taken":0,"max_hp_gain":0,"max_hp_loss":0,"event_name":"Match and Keep!","floor":19,"gold_loss":0,"cards_obtained":["Zap"]},{"damage_healed":0,"gold_gain":0,"player_choice":"Ignored","damage_taken":0,"max_hp_gain":0,"max_hp_loss":0,"event_name":"Cursed Tome","floor":27,"gold_loss":0},{"cards_removed":["Reboot"],"damage_healed":72,"gold_gain":0,"player_choice":"Offered Rare","damage_taken":0,"max_hp_gain":10,"max_hp_loss":0,"event_name":"Bonfire Elementals","floor":29,"gold_loss":0}],"is_beta":false,"boss_relics":[{"not_picked":["Eternal Feather","Runic Pyramid"],"picked":"Sozu"}],"items_purged_floors":[5],"is_endless":false,"potions_floor_spawned":[10,13,16,18,20,30],"killed_by":"Champ","ascension_level":0}