{"gold_per_floor":[112,23,35,49,66,66,79,79,106,106,80,114,38,38,38,38],"floor_reached":16,"playtime":1224,"items_purged":[],"score":200,"play_id":"d0e95cdc-0245-4275-ad03-fc448bb2d198","local_time":"20190210023454","is_ascension_mode":true,"campfire_choices":[{"data":"Poisoned Stab","floor":6,"key":"SMITH"},{"data":"Dagger Throw","floor":8,"key":"SMITH"},{"data":"Footwork","floor":10,"key":"SMITH"},{"floor":15,"key":"REST"}],"neow_cost":"NONE","seed_source_timestamp":404009223669600,"circlet_count":0,"master_deck":["AscendersBane","Defend_G","Defend_G","Defend_G","Defend_G","Defend_G","Strike_G","Strike_G","Strike_G","Strike_G","Strike_G","Survivor","Neutralize+1","Poisoned Stab+1","Footwork+1","Well Laid Plans","Dagger Throw+1","Dodge and Roll","Finisher","Noxious Fumes"],"relics":["Ring of the Snake","Centennial Puzzle","Tiny Chest","PreservedInsect","Molten Egg 2"],"potions_floor_usage":[5,5],"damage_taken":[{"damage":3,"enemies":"Cultist","floor":1,"turns":4},{"damage":0,"enemies":"Jaw Worm","floor":3,"turns":4},{"damage":0,"enemies":"Small Slimes","floor":4,"turns":5},{"damage":1,"enemies":"Exordium Wildlife","floor":5,"turns":4},{"damage":0,"enemies":"2 Fungi Beasts","floor":7,"turns":4},{"damage":30,"enemies":"Gremlin Nob","floor":12,"turns":4},{"damage":54,"enemies":"Slime Boss","floor":16,"turns":9}],"seed_played":"-6472039890605663267","potions_obtained":[{"floor":1,"key":"SteroidPotion"},{"floor":4,"key":"Strength Potion"}],"is_trial":false,"path_per_floor":["M","$","M","M","M","R","M","R","T","R","?","E","$","T","R","B"],"character_chosen":"THE_SILENT","items_purchased":["Footwork","Noxious Fumes"],"campfire_rested":1,"item_purchase_floors":[2,13],"current_hp_per_floor":[56,56,56,56,55,55,55,55,55,55,55,25,25,25,44,0],"gold":38,"neow_bonus":"UPGRADE_CARD","is_prod":false,"is_daily":false,"chose_seed":false,"campfire_upgraded":3,"win_rate":0,"timestamp":1549762494,"path_taken":["M","$","?","M","M","R","M","R","T","R","?","E","$","?","R","BOSS"],"build_version":"2019-01-23","purchased_purges":0,"victory":false,"max_hp_per_floor":[66,66,66,66,66,66,66,66,66,66,66,66,66,66,66,66],"card_choices":[{"not_picked":["Escape Plan","Acrobatics"],"picked":"Poisoned Stab","floor":1},{"not_picked":["PiercingWail","Backflip"],"picked":"Well Laid Plans","floor":3},{"not_picked":["Choke","Slice"],"picked":"Dagger Throw","floor":4},{"not_picked":["Expertise","Underhanded Strike","Prepared"],"picked":"SKIP","floor":5},{"not_picked":["Heel Hook","Outmaneuver"],"picked":"Dodge and Roll","floor":7},{"not_picked":["Flying Knee","Deadly Poison"],"picked":"Finisher","floor":12}],"player_experience":522137,"relics_obtained":[{"floor":9,"key":"Centennial Puzzle"},{"floor":12,"key":"PreservedInsect"},{"floor":14,"key":"Molten Egg 2"}],"event_choices":[{"damage_healed":0,"gold_gain":0,"player_choice":"Paid Gold","damage_taken":0,"relics_obtained":["Tiny Chest"],"max_hp_gain":0,"max_hp_loss":0,"event_name":"WeMeetAgain","floor":11,"gold_loss":56}],"is_beta":false,"boss_relics":[],"items_purged_floors":[],"is_endless":false,"potions_floor_spawned":[1,4],"killed_by":"Slime Boss","ascension_level":20}