{"path_per_floor":["M","?","?","M","M","R","M","E","T","R","M","?","R","$","R","B",null,"M","M","?","M","?","R"],"character_chosen":"THE_SILENT","items_purchased":["Magnetism+1"],"gold_per_floor":[115,115,115,135,154,154,165,199,252,252,266,231,231,30,30,126,126,143,157,157,176,176,176,176],"floor_reached":24,"campfire_rested":1,"playtime":924,"item_purchase_floors":[],"current_hp_per_floor":[70,56,61,61,61,61,60,41,41,41,41,59,59,59,59,40,75,57,21,21,6,6,45,0],"items_purged":[],"gold":176,"score":206,"play_id":"33001967-f4c2-47ec-92ce-0c060a61985b","local_time":"20180607204151","is_prod":false,"is_daily":false,"chose_seed":false,"is_ascension_mode":true,"campfire_upgraded":4,"win_rate":0,"timestamp":1528400511,"campfire_choices":[{"data":"Neutralize","floor":6.0,"key":"SMITH"},{"data":"Dagger Spray","floor":10.0,"key":"SMITH"},{"data":"Blade Dance","floor":13.0,"key":"SMITH"},{"data":"Noxious Fumes","floor":15.0,"key":"SMITH"},{"floor":23,"key":"REST"}],"path_taken":["M","?","?","M","M","R","M","E","T","R","M","?","R","?","R","BOSS","M","M","?","?","?","R","E"],"build_version":"2018-05-31","seed_source_timestamp":597579052955498,"purchased_purges":0,"victory":false,"master_deck":["Defend_G","Defend_G+1","Defend_G","Defend_G","Defend_G+1","Strike_G","Strike_G","Strike_G","Strike_G","Strike_G","Survivor","Neutralize+1","Infinite Blades","Dagger Spray+1","Noxious Fumes+1","Deadly Poison","PiercingWail","Blade Dance+1","Magnetism+1","Envenom+1","Cloak And Dagger","Noxious Fumes+1","Writhe","Cloak And Dagger"],"max_hp_per_floor":[70,70,75,75,75,75,75,75,75,75,75,75,75,75,75,75,75,75,80,80,80,80,80,80],"relics":["Ring of the Snake","Frozen Egg 2","Ancient Tea Set","Philosopher\u0027s Stone","Regal Pillow"],"card_choices":[{"not_picked":["Reflex","Dodge and Roll"],"picked":"Infinite Blades","floor":1.0},{"not_picked":["Quick Slash","Setup"],"picked":"Dagger Spray","floor":4.0},{"not_picked":["Outmaneuver","Finisher"],"picked":"Noxious Fumes","floor":5.0},{"not_picked":["Underhanded Strike","Dagger Throw"],"picked":"Deadly Poison","floor":7.0},{"not_picked":["Outmaneuver","Riddle With Holes"],"picked":"PiercingWail","floor":8.0},{"not_picked":["Predator","Distraction"],"picked":"Blade Dance","floor":11.0},{"not_picked":["Doppelganger","Storm of Steel"],"picked":"Envenom+1","floor":16.0},{"not_picked":["Prepared","Dodge and Roll+1"],"picked":"Cloak And Dagger","floor":18.0},{"not_picked":["Quick Slash","Blur"],"picked":"Noxious Fumes+1","floor":19},{"not_picked":["Underhanded Strike","Slice"],"picked":"Cloak And Dagger","floor":21}],"player_experience":323040,"potions_floor_usage":[],"damage_taken":[{"damage":0.0,"enemies":"2 Louse","floor":1.0,"turns":3.0},{"damage":0.0,"enemies":"Jaw Worm","floor":4.0,"turns":4.0},{"damage":0.0,"enemies":"Small Slimes","floor":5.0,"turns":3.0},{"damage":1.0,"enemies":"Exordium Wildlife","floor":7.0,"turns":5.0},{"damage":19.0,"enemies":"Gremlin Nob","floor":8.0,"turns":5.0},{"damage":0.0,"enemies":"Gremlin Gang","floor":11.0,"turns":2.0},{"damage":19.0,"enemies":"The Guardian","floor":16.0,"turns":10.0},{"damage":18.0,"enemies":"2 Thieves","floor":18.0,"turns":4.0},{"damage":41.0,"enemies":"Spheric Guardian","floor":19.0,"turns":7.0},{"damage":15,"enemies":"Cultist and Chosen","floor":21,"turns":6},{"damage":59,"enemies":"Slavers","floor":24,"turns":4}],"relics_obtained":[{"floor":8.0,"key":"Frozen Egg 2"},{"floor":9.0,"key":"Ancient Tea Set"}],"event_choices":[{"event_name":"Shining Light","player_choice":"Entered Light","floor":2.0,"damage_taken":0.0},{"event_name":"Big Fish","player_choice":"Donut","floor":3.0,"damage_taken":0.0},{"event_name":"The Cleric","player_choice":"Healed","floor":12.0,"damage_taken":0.0},{"event_name":"The Mausoleum","player_choice":"Yes","floor":20,"damage_taken":0},{"event_name":"Ghosts","player_choice":"Ignored","floor":22,"damage_taken":0}],"boss_relics":[],"items_purged_floors":[],"potions_floor_spawned":[1,8,18],"seed_played":"-1178837243158604426","killed_by":"Slavers","ascension_level":1,"potions_obtained":[{"floor":1.0,"key":"PowerPotion"},{"floor":8.0,"key":"GamblersBrew"},{"floor":18.0,"key":"Fruit Juice"}],"is_trial":false}