{"gold_per_floor":[210,224,240,255,274,299,299,328,352,367,367,94,169,119,119,224,224],"floor_reached":17,"playtime":911,"items_purged":["Strike_B"],"score":234,"play_id":"5c062a12-9afb-4676-a834-cdfcf7da300b","local_time":"20190113163207","is_ascension_mode":true,"campfire_choices":[{"floor":7.0,"key":"REST"},{"data":"Zap","floor":11.0,"key":"SMITH"},{"floor":15.0,"key":"REST"}],"neow_cost":"NONE","seed_source_timestamp":0,"circlet_count":0,"master_deck":["Strike_B","Strike_B","Defend_B","Defend_B","Defend_B","Defend_B","Zap+1","Dualcast","Leap","Compile Driver","Cold Snap","Sweeping Beam","Tempest","Scrape","Reinforced Body","Biased Cognition"],"special_seed":0,"relics":["Cracked Core","Happy Flower","Ornamental Fan","Oddly Smooth Stone","PreservedInsect"],"potions_floor_usage":[],"damage_taken":[{"damage":6.0,"enemies":"Cultist","floor":1.0,"turns":3.0},{"damage":0.0,"enemies":"Small Slimes","floor":2.0,"turns":4.0},{"damage":0.0,"enemies":"2 Louse","floor":3.0,"turns":2.0},{"damage":5.0,"enemies":"Exordium Thugs","floor":4.0,"turns":5.0},{"damage":9.0,"enemies":"Large Slime","floor":5.0,"turns":9.0},{"damage":33.0,"enemies":"3 Sentries","floor":6.0,"turns":9.0},{"damage":9.0,"enemies":"Lagavulin","floor":8.0,"turns":5.0},{"damage":0.0,"enemies":"Looter","floor":10.0,"turns":3.0},{"damage":33.0,"enemies":"Hexaghost","floor":16.0,"turns":11.0}],"seed_played":"-3153374517265040161","potions_obtained":[{"floor":3.0,"key":"Swift Potion"},{"floor":4.0,"key":"Poison Potion"},{"floor":6.0,"key":"EssenceOfSteel"},{"floor":10.0,"key":"SkillPotion"}],"is_trial":false,"path_per_floor":["M","M","M","M","M","E","R","E","T","M","R","$","?","?","R","B",null],"character_chosen":"DEFECT","items_purchased":["PreservedInsect","PowerPotion"],"campfire_rested":2,"item_purchase_floors":[12,12],"current_hp_per_floor":[62,62,62,57,48,15,37,28,28,28,28,28,17,17,39,6,6],"gold":224,"neow_bonus":"HUNDRED_GOLD","is_prod":false,"is_daily":false,"chose_seed":false,"campfire_upgraded":1,"win_rate":0,"timestamp":1547425927,"path_taken":["M","M","?","M","M","E","R","E","T","M","R","$","?","?","R","BOSS"],"build_version":"2019-01-10","purchased_purges":1,"victory":false,"max_hp_per_floor":[75,75,75,75,75,75,75,75,75,75,75,75,75,75,75,75,75],"card_choices":[{"not_picked":["Streamline","Loop"],"picked":"Leap","floor":1.0},{"not_picked":["Turbo","Redo"],"picked":"Compile Driver","floor":2.0},{"not_picked":["Leap","Amplify"],"picked":"Cold Snap","floor":3.0},{"not_picked":["Streamline","Steam"],"picked":"Sweeping Beam","floor":4.0},{"not_picked":["Blizzard","Stack","Compile Driver"],"picked":"SKIP","floor":5.0},{"not_picked":["Leap","Skim"],"picked":"Tempest","floor":6.0},{"not_picked":["Stack","Tempest"],"picked":"Scrape","floor":8.0},{"not_picked":["Gash","Ball Lightning"],"picked":"Reinforced Body","floor":10.0},{"not_picked":["Echo Form","Creative AI"],"picked":"Biased Cognition","floor":16.0}],"player_experience":390716,"relics_obtained":[{"floor":6.0,"key":"Happy Flower"},{"floor":8.0,"key":"Ornamental Fan"},{"floor":9.0,"key":"Oddly Smooth Stone"}],"event_choices":[{"damage_healed":0.0,"max_hp_gain":0.0,"max_hp_loss":0.0,"gold_gain":75.0,"event_name":"World of Goop","player_choice":"Gather Gold","floor":13.0,"gold_loss":0.0,"damage_taken":11.0},{"cards_removed":["Strike_B"],"damage_healed":0.0,"max_hp_gain":0.0,"max_hp_loss":0.0,"gold_gain":0.0,"event_name":"The Cleric","player_choice":"Card Removal","floor":14.0,"gold_loss":50.0,"damage_taken":0.0}],"is_beta":false,"boss_relics":[],"items_purged_floors":[12],"is_endless":false,"potions_floor_spawned":[3,4,6,10],"ascension_level":8}