{"gold_per_floor":[118,134,134,147,41,71,71,98,98,111,145,145,156,176,176,278,308,325,339,339,339],"floor_reached":21,"playtime":1191,"items_purged":[],"score":221,"play_id":"93b88d02-6772-4f73-9a9f-ba3119302d24","local_time":"20180703174107","is_ascension_mode":true,"campfire_choices":[{"floor":7,"key":"REST"},{"floor":15,"key":"REST"}],"neow_cost":"","seed_source_timestamp":6190272840174,"circlet_count":0,"master_deck":["Strike_B","Strike_B","Strike_B","Strike_B","Defend_B","Defend_B+1","Defend_B","Defend_B+1","Zap","Dualcast","Redo+1","Beam Cell","Rebound","Doom and Gloom","Auto Shields","Turbo","Chill","Darkness","Doom and Gloom","Parasite","Cold Snap","Melter","Amplify","Go for the Eyes","Static Discharge","Hologram","Flash of Steel"],"relics":["Cracked Core","Strawberry","Calipers","Shuriken","Smiling Mask","Tiny House"],"potions_floor_usage":[11,11,16,18,21],"damage_taken":[{"damage":7,"enemies":"2 Louse","floor":1,"turns":3},{"damage":1,"enemies":"Cultist","floor":2,"turns":3},{"damage":4,"enemies":"Jaw Worm","floor":4,"turns":2},{"damage":43,"enemies":"Gremlin Nob","floor":6,"turns":5},{"damage":11,"enemies":"3 Sentries","floor":8,"turns":4},{"damage":5,"enemies":"3 Louse","floor":10,"turns":3},{"damage":14,"enemies":"Lagavulin","floor":11,"turns":7},{"damage":16,"enemies":"Gremlin Gang","floor":13,"turns":3},{"damage":0,"enemies":"Exordium Wildlife","floor":14,"turns":4},{"damage":17,"enemies":"Slime Boss","floor":16,"turns":7},{"damage":31,"enemies":"2 Thieves","floor":18,"turns":4},{"damage":0,"enemies":"Spheric Guardian","floor":19,"turns":1},{"damage":42,"enemies":"3 Cultists","floor":21,"turns":4}],"seed_played":"-3998517495723585852","potions_obtained":[{"floor":2,"key":"GamblersBrew"},{"floor":10,"key":"Energy Potion"},{"floor":13,"key":"LiquidBronze"},{"floor":16,"key":"Explosive Potion"},{"floor":17,"key":"GamblersBrew"},{"floor":18,"key":"Weak Potion"}],"is_trial":false,"path_per_floor":["M","M","?","M","$","E","R","E","T","M","E","?","M","M","R","B",null,"M","M","?"],"character_chosen":"DEFECT","items_purchased":["Doom and Gloom","Auto Shields"],"campfire_rested":2,"item_purchase_floors":[5,5],"current_hp_per_floor":[68,67,52,48,48,12,36,25,25,20,6,26,10,10,34,17,87,56,56,40,0],"gold":339,"neow_bonus":"","is_prod":false,"is_daily":false,"chose_seed":false,"campfire_upgraded":0,"win_rate":0,"timestamp":1530654067,"path_taken":["M","M","?","M","?","E","R","E","T","M","E","?","M","M","R","BOSS","M","M","?","M"],"build_version":"2018-06-28","purchased_purges":0,"victory":false,"max_hp_per_floor":[75,75,75,75,75,82,82,82,82,82,82,82,82,82,82,82,87,87,87,87,87],"card_choices":[{"not_picked":["Sweeping Beam","Steam"],"picked":"Redo","floor":1},{"not_picked":["Buffer","Leap"],"picked":"Beam Cell","floor":2},{"not_picked":["Undo","Scrape"],"picked":"Rebound","floor":4},{"not_picked":["Barrage","FTL"],"picked":"Turbo","floor":6},{"not_picked":["Thunder Strike","Rip and Tear"],"picked":"Chill","floor":8},{"not_picked":["Steam","Hologram"],"picked":"Darkness","floor":10},{"not_picked":["Steam","Undo"],"picked":"Doom and Gloom","floor":11},{"not_picked":["Redo","Stack"],"picked":"Cold Snap","floor":13},{"not_picked":["Scrape","Stack"],"picked":"Melter","floor":14},{"not_picked":["Core Surge","Machine Learning"],"picked":"Amplify","floor":16},{"not_picked":["Redo","Self Repair"],"picked":"Go for the Eyes","floor":17},{"not_picked":["Conserve Battery","Compile Driver"],"picked":"Static Discharge","floor":18},{"not_picked":["Compile Driver","Steam Power"],"picked":"Hologram","floor":19}],"player_experience":208681,"relics_obtained":[{"floor":6,"key":"Strawberry"},{"floor":8,"key":"Calipers"},{"floor":9,"key":"Shuriken"},{"floor":11,"key":"Smiling Mask"}],"event_choices":[{"event_name":"Shining Light","player_choice":"Entered Light","floor":3,"damage_taken":0},{"event_name":"Mushrooms","player_choice":"Healed and dodged fight","floor":12,"damage_taken":0},{"event_name":"Knowing Skull","player_choice":"CARD ","floor":20,"damage_taken":0}],"boss_relics":[{"not_picked":["Runic Pyramid","Sozu"],"picked":"Tiny House"}],"items_purged_floors":[],"is_endless":false,"potions_floor_spawned":[2,10,13,16,18],"killed_by":"3 Cultists","ascension_level":2}