{"gold_per_floor":[119,119,119,140,116,116,141,157,157,157,177,193,193,217,217,217],"floor_reached":16,"playtime":305,"items_purged":[],"score":94,"play_id":"fd75cdf2-017d-4c62-8215-79aad2a04a7b","local_time":"20181218223602","is_ascension_mode":false,"campfire_choices":[{"data":"Dualcast","floor":6,"key":"SMITH"},{"data":"Zap","floor":10,"key":"SMITH"},{"data":"Cold Snap","floor":13,"key":"SMITH"},{"floor":15,"key":"REST"}],"neow_cost":"NONE","seed_source_timestamp":1726543471845872,"circlet_count":0,"master_deck":["Strike_B","Strike_B","Strike_B","Strike_B","Defend_B","Defend_B","Defend_B","Defend_B","Zap+1","Dualcast+1","Auto Shields","Cold Snap+1","Undo"],"special_seed":0,"relics":["Cracked Core","Golden Idol","Peace Pipe"],"potions_floor_usage":[],"damage_taken":[{"damage":1,"enemies":"Jaw Worm","floor":1,"turns":4},{"damage":0,"enemies":"Cultist","floor":4,"turns":4},{"damage":0,"enemies":"Small Slimes","floor":7,"turns":3},{"damage":2,"enemies":"2 Fungi Beasts","floor":8,"turns":4},{"damage":0,"enemies":"Large Slime","floor":11,"turns":6},{"damage":0,"enemies":"Exordium Wildlife","floor":12,"turns":3},{"damage":5,"enemies":"Looter","floor":14,"turns":3},{"damage":0,"enemies":"Hexaghost","floor":16,"turns":1}],"seed_played":"-1070250388651678494","potions_obtained":[{"floor":0,"key":"SmokeBomb"},{"floor":0,"key":"FairyPotion"},{"floor":0,"key":"EssenceOfSteel"},{"floor":3,"key":"Strength Potion"},{"floor":8,"key":"SkillPotion"},{"floor":11,"key":"AttackPotion"}],"is_trial":false,"path_per_floor":["M","?","?","M","$","R","M","M","T","R","M","M","R","M","R","B"],"character_chosen":"DEFECT","items_purchased":["Cold Snap"],"campfire_rested":1,"item_purchase_floors":[5],"current_hp_per_floor":[74,56,56,56,56,56,56,54,54,54,54,54,54,49,71,71],"gold":217,"neow_bonus":"THREE_SMALL_POTIONS","is_prod":false,"is_daily":false,"chose_seed":false,"campfire_upgraded":3,"win_rate":0,"timestamp":1545172562,"path_taken":["M","?","?","?","$","R","M","M","T","R","M","M","R","M","R","BOSS"],"build_version":"2018-12-13","purchased_purges":0,"victory":false,"max_hp_per_floor":[75,75,75,75,75,75,75,75,75,75,75,75,75,75,75,75],"card_choices":[{"not_picked":["Streamline","Turbo","Aggregate"],"picked":"SKIP","floor":1},{"not_picked":["Beam Cell","Steam"],"picked":"Auto Shields","floor":4},{"not_picked":["Fission","Hologram","Streamline"],"picked":"SKIP","floor":7},{"not_picked":["Cold Snap","Coolheaded","Redo"],"picked":"SKIP","floor":8},{"not_picked":["Steam Power","Gash","Reprogram"],"picked":"SKIP","floor":11},{"not_picked":["Hologram","Barrage"],"picked":"Undo","floor":12},{"not_picked":["BootSequence","Turbo","Aggregate"],"picked":"SKIP","floor":14}],"player_experience":892975,"relics_obtained":[{"floor":9,"key":"Peace Pipe"}],"event_choices":[{"damage_healed":0,"gold_gain":0,"player_choice":"Take Damage","damage_taken":18,"relics_obtained":["Golden Idol"],"max_hp_gain":0,"max_hp_loss":0,"event_name":"Golden Idol","floor":2,"gold_loss":0},{"damage_healed":0,"gold_gain":0,"player_choice":"Got Potions","damage_taken":0,"max_hp_gain":0,"max_hp_loss":0,"event_name":"Lab","floor":3,"gold_loss":0}],"is_beta":false,"boss_relics":[],"items_purged_floors":[],"is_endless":false,"potions_floor_spawned":[8,11],"killed_by":"Hexaghost","ascension_level":0}