{"gold_per_floor":[117,130,144,69,69,69,97,97,97,97,109,121,135,35,35,140,140,154,174,174,49,49,49,49,49,49,49,60,60,74,90,90,90],"floor_reached":33,"playtime":2014,"items_purged":["Strike_R","Strike_R","Strike_R+1"],"score":247,"play_id":"9bb7cfe9-84bb-4413-85f7-961834749894","local_time":"20190204111345","is_ascension_mode":false,"campfire_choices":[{"data":"Berserk","floor":6,"key":"SMITH"},{"data":"Whirlwind","floor":8,"key":"SMITH"},{"data":"Bash","floor":10,"key":"SMITH"},{"data":"Strike_R","floor":15,"key":"SMITH"},{"data":"Brutality","floor":23,"key":"SMITH"},{"data":"Inflame","floor":25,"key":"SMITH"},{"floor":27,"key":"REST"},{"floor":32,"key":"REST"}],"neow_cost":"NONE","seed_source_timestamp":236112393272895,"circlet_count":0,"master_deck":["Defend_R","Defend_R","Defend_R","Defend_R","Bash+1","Berserk+1","Whirlwind+1","Twin Strike","Iron Wave","Shrug It Off","Evolve","Brutality+1","Iron Wave","Ghostly Armor","Inflame+1","Iron Wave","True Grit+1"],"relics":["Burning Blood","Vajra","Mercury Hourglass","Velvet Choker","Toxic Egg 2"],"potions_floor_usage":[7,16,16,33,33,33],"damage_taken":[{"damage":10,"enemies":"Cultist","floor":1,"turns":4},{"damage":6,"enemies":"Jaw Worm","floor":2,"turns":3},{"damage":0,"enemies":"2 Louse","floor":3,"turns":2},{"damage":54,"enemies":"Lagavulin","floor":7,"turns":7},{"damage":0,"enemies":"Large Slime","floor":11,"turns":4},{"damage":5,"enemies":"3 Louse","floor":12,"turns":2},{"damage":2,"enemies":"Blue Slaver","floor":13,"turns":3},{"damage":30,"enemies":"The Guardian","floor":16,"turns":10},{"damage":38,"enemies":"2 Thieves","floor":18,"turns":3},{"damage":28,"enemies":"Spheric Guardian","floor":19,"turns":4},{"damage":27,"enemies":"Snake Plant","floor":28,"turns":3},{"damage":26,"enemies":"Centurion and Healer","floor":30,"turns":5},{"damage":24,"enemies":"Sentry and Sphere","floor":31,"turns":6},{"damage":41,"enemies":"Automaton","floor":33,"turns":6}],"seed_played":"-8037699855628483682","potions_obtained":[{"floor":1,"key":"FearPotion"},{"floor":11,"key":"EssenceOfSteel"},{"floor":13,"key":"Weak Potion"},{"floor":16,"key":"SkillPotion"},{"floor":19,"key":"Strength Potion"},{"floor":30,"key":"FearPotion"}],"is_trial":false,"path_per_floor":["M","M","M","$","?","R","E","R","T","R","M","M","M","$","R","B",null,"M","M","?","$","?","R","?","R","T","R","M","?","M","M","R","B"],"character_chosen":"IRONCLAD","items_purchased":[],"campfire_rested":2,"item_purchase_floors":[],"current_hp_per_floor":[76,76,80,80,80,80,32,32,32,32,38,39,43,43,43,19,80,48,26,26,26,26,26,26,26,26,50,29,55,35,17,41,0],"gold":90,"neow_bonus":"ONE_RANDOM_RARE_CARD","is_prod":false,"is_daily":false,"chose_seed":false,"campfire_upgraded":6,"win_rate":0,"timestamp":1549250025,"path_taken":["M","M","M","?","?","R","E","R","T","R","M","M","?","?","R","BOSS","M","M","?","$","?","R","?","R","T","R","M","?","M","M","R","BOSS"],"build_version":"2019-01-23","purchased_purges":3,"victory":false,"max_hp_per_floor":[80,80,80,80,80,80,80,80,80,80,80,80,80,80,80,80,80,80,80,80,80,80,80,80,80,80,80,80,80,80,80,80,80],"card_choices":[{"not_picked":["Havoc","Shrug It Off"],"picked":"Whirlwind","floor":1},{"not_picked":["True Grit","Dual Wield"],"picked":"Twin Strike","floor":2},{"not_picked":["Body Slam","Searing Blow"],"picked":"Iron Wave","floor":3},{"not_picked":["Armaments","Headbutt"],"picked":"Shrug It Off","floor":7},{"not_picked":["Exhume","Hemokinesis","Wild Strike"],"picked":"SKIP","floor":11},{"not_picked":["Sword Boomerang","Sentinel"],"picked":"Evolve","floor":12},{"not_picked":["Corruption","Clothesline","Havoc"],"picked":"SKIP","floor":13},{"not_picked":["Reaper","Exhume"],"picked":"Brutality","floor":16},{"not_picked":["Thunderclap+1","Rupture"],"picked":"Iron Wave","floor":18},{"not_picked":["Second Wind","Pummel+1","Sword Boomerang+1"],"picked":"SKIP","floor":19},{"not_picked":["Anger+1","Pommel Strike"],"picked":"Iron Wave","floor":28},{"not_picked":["Clothesline","Sentinel+1"],"picked":"True Grit+1","floor":30},{"not_picked":["Havoc+1","Cleave","Reckless Charge"],"picked":"SKIP","floor":31}],"player_experience":196437,"relics_obtained":[{"floor":7,"key":"Vajra"},{"floor":9,"key":"Mercury Hourglass"},{"floor":26,"key":"Toxic Egg 2"}],"event_choices":[{"damage_healed":0,"gold_gain":0,"player_choice":"Ignored","damage_taken":0,"max_hp_gain":0,"max_hp_loss":0,"event_name":"Liars Game","floor":5,"gold_loss":0},{"damage_healed":0,"gold_gain":0,"player_choice":"Ignored","damage_taken":0,"max_hp_gain":0,"max_hp_loss":0,"event_name":"Cursed Tome","floor":20,"gold_loss":0},{"damage_healed":0,"gold_gain":0,"player_choice":"Ignored","damage_taken":0,"max_hp_gain":0,"max_hp_loss":0,"event_name":"Vampires","floor":22,"gold_loss":0},{"damage_healed":0,"gold_gain":0,"cards_transformed":["Strike_R","Strike_R"],"player_choice":"Became Test Subject","damage_taken":0,"max_hp_gain":0,"max_hp_loss":0,"event_name":"Drug Dealer","floor":24,"gold_loss":0,"cards_obtained":["Ghostly Armor","Inflame"]},{"damage_healed":26,"gold_gain":0,"player_choice":"Heal","damage_taken":0,"max_hp_gain":0,"max_hp_loss":0,"event_name":"The Library","floor":29,"gold_loss":0}],"is_beta":false,"boss_relics":[{"not_picked":["Astrolabe","Runic Dome"],"picked":"Velvet Choker"}],"items_purged_floors":[4,14,21],"is_endless":false,"potions_floor_spawned":[1,11,13,16,19,30],"killed_by":"Automaton","ascension_level":0}