{"gold_per_floor":[115,115,135,135,148,179,179,179,226,226,253,271,271,271,271,367,367,383,182,182,197,197,197,230,230,230,101,112,124,134,134,134,238,238,251,268,368,368,381,381,381,391,391,291,310,310,100,100,100,100],"floor_reached":51,"playtime":1539,"items_purged":["Streamline","Leap"],"score":723,"play_id":"c2fc54a1-fb7e-4ab1-987f-430782d9eeaf","local_time":"20190118224705","is_ascension_mode":false,"campfire_choices":[{"data":"Dualcast","floor":7.0,"key":"SMITH"},{"data":"Zap","floor":10.0,"key":"SMITH"},{"data":"Seek","floor":13.0,"key":"SMITH"},{"data":"Ball Lightning","floor":15.0,"key":"SMITH"},{"data":"Defragment","floor":23.0,"key":"SMITH"},{"data":"Echo Form","floor":25.0,"key":"SMITH"},{"floor":32.0,"key":"REST"},{"data":"Echo Form","floor":40,"key":"SMITH"},{"data":"Capacitor","floor":46,"key":"SMITH"},{"data":"Go for the Eyes","floor":49,"key":"SMITH"}],"neow_cost":"NONE","seed_source_timestamp":2170136795701290,"circlet_count":0,"master_deck":["Zap+1","Dualcast+1","Ball Lightning+1","Coolheaded","FTL","Seek+1","Capacitor+1","Electrodynamics","Echo Form+1","Defragment+1","Go for the Eyes+1","Force Field","Tempest+1","Cold Snap","Conserve Battery","Echo Form+1","Buffer+1","Cold Snap+1","Sunder+1","Conserve Battery","Chill","Barrage+1","Glacier","Defragment+1","Defragment+1"],"special_seed":0,"relics":["Cracked Core","Orichalcum","Ancient Tea Set","Matryoshka","Pandora\u0027s Box","Runic Capacitor","PreservedInsect","Dream Catcher","Pantograph","Potion Belt","Symbiotic Virus","Astrolabe","FossilizedHelix","Bottled Lightning","Mummified Hand","DollysMirror"],"potions_floor_usage":[50,50,50,50,50],"damage_taken":[{"damage":6.0,"enemies":"Jaw Worm","floor":1.0,"turns":3.0},{"damage":0.0,"enemies":"Cultist","floor":3.0,"turns":2.0},{"damage":2.0,"enemies":"2 Louse","floor":5.0,"turns":2.0},{"damage":12.0,"enemies":"Lagavulin","floor":6.0,"turns":5.0},{"damage":6.0,"enemies":"Gremlin Nob","floor":11.0,"turns":3.0},{"damage":8.0,"enemies":"Lots of Slimes","floor":12.0,"turns":2.0},{"damage":23.0,"enemies":"Slime Boss","floor":16.0,"turns":7.0},{"damage":0.0,"enemies":"Chosen","floor":18.0,"turns":3.0},{"damage":10.0,"enemies":"Shell Parasite","floor":21.0,"turns":4.0},{"damage":22.0,"enemies":"Slavers","floor":24.0,"turns":3.0},{"damage":4.0,"enemies":"Shelled Parasite and Fungi","floor":28.0,"turns":3.0},{"damage":8.0,"enemies":"Centurion and Healer","floor":29.0,"turns":4.0},{"damage":8.0,"enemies":"3 Cultists","floor":30.0,"turns":4.0},{"damage":10.0,"enemies":"Collector","floor":33.0,"turns":6.0},{"damage":7.0,"enemies":"3 Darklings","floor":35.0,"turns":5.0},{"damage":7.0,"enemies":"3 Shapes","floor":36.0,"turns":5.0},{"damage":0.0,"enemies":"Mind Bloom Boss Battle","floor":37.0,"turns":7.0},{"damage":9,"enemies":"Transient","floor":39,"turns":5},{"damage":0,"enemies":"Sphere and 2 Shapes","floor":42,"turns":4},{"damage":0,"enemies":"4 Shapes","floor":45,"turns":3},{"damage":0,"enemies":"Time Eater","floor":50,"turns":6}],"seed_played":"-5997915522364944613","potions_obtained":[{"floor":3.0,"key":"FairyPotion"},{"floor":11.0,"key":"LiquidBronze"},{"floor":12.0,"key":"Block Potion"},{"floor":21.0,"key":"Regen Potion"},{"floor":28.0,"key":"Dexterity Potion"},{"floor":37.0,"key":"Ancient Potion"},{"floor":42,"key":"FocusPotion"}],"is_trial":false,"path_per_floor":["M","$","M","?","M","E","R","$","T","R","E","M","R","?","R","B",null,"M","$","?","M","T","R","E","R","T","$","M","M","M","?","R","B",null,"M","M","?","T","M","R","?","M","T","$","M","R","$","?","R","B",null],"character_chosen":"DEFECT","items_purchased":["Runic Capacitor","Stack","DollysMirror"],"campfire_rested":1,"item_purchase_floors":[19,27,47],"current_hp_per_floor":[69,69,69,69,67,55,55,55,55,55,49,41,41,41,41,18,75,75,75,75,65,65,65,43,43,43,43,39,31,23,23,45,60,75,68,61,75,75,66,66,66,66,66,66,66,66,66,66,66,75],"gold":100,"neow_bonus":"REMOVE_CARD","is_prod":false,"is_daily":false,"chose_seed":false,"campfire_upgraded":9,"win_rate":0,"timestamp":1547851625,"path_taken":["M","$","M","?","M","E","R","$","T","R","E","?","R","?","R","BOSS","M","?","?","?","?","R","E","R","T","$","?","M","M","?","R","BOSS","M","M","?","?","M","R","?","M","T","$","M","R","$","?","R","BOSS"],"build_version":"2019-01-17v2","purchased_purges":2,"victory":true,"max_hp_per_floor":[75,75,75,75,75,75,75,75,75,75,75,75,75,75,75,75,75,75,75,75,75,75,75,75,75,75,75,75,75,75,75,75,75,75,75,75,75,75,75,75,75,75,75,75,75,75,75,75,75,75],"card_choices":[{"not_picked":["Rip and Tear","Streamline"],"picked":"Ball Lightning","floor":1.0},{"not_picked":["Steam","Sweeping Beam"],"picked":"Ball Lightning","floor":3.0},{"not_picked":["Compile Driver","Coolheaded"],"picked":"FTL","floor":5.0},{"not_picked":["Barrage","Lockon","Go for the Eyes"],"picked":"SKIP","floor":6.0},{"not_picked":["Steam","Stack"],"picked":"Seek","floor":11.0},{"not_picked":["Static Discharge","Cold Snap"],"picked":"Capacitor","floor":12.0},{"not_picked":["Buffer","Multi-Cast"],"picked":"Electrodynamics","floor":16.0},{"not_picked":["Turbo+1","Sweeping Beam+1"],"picked":"Force Field","floor":18.0},{"not_picked":["Turbo+1","Compile Driver"],"picked":"Leap","floor":21.0},{"not_picked":["Steam Power","FTL+1","All For One"],"picked":"SKIP","floor":24.0},{"not_picked":["Compile Driver","Blizzard"],"picked":"Tempest+1","floor":28.0},{"not_picked":["Force Field","Aggregate"],"picked":"Cold Snap","floor":29.0},{"not_picked":["Rebound+1","Reinforced Body","Cold Snap"],"picked":"SKIP","floor":30.0},{"not_picked":["Hyperbeam","Gash"],"picked":"Conserve Battery","floor":32.0},{"not_picked":["All For One","Thunder Strike"],"picked":"Echo Form","floor":33.0},{"not_picked":["Stack+1","Cold Snap+1","Go for the Eyes+1"],"picked":"SKIP","floor":35.0},{"not_picked":["Sweeping Beam+1","Recycle"],"picked":"Conserve Battery","floor":36.0},{"not_picked":["Double Energy+1","Hologram"],"picked":"Chill","floor":39},{"not_picked":["Rebound","Gash+1"],"picked":"Barrage+1","floor":42},{"not_picked":["Tempest","Turbo"],"picked":"Glacier","floor":45}],"player_experience":979326,"relics_obtained":[{"floor":6.0,"key":"Orichalcum"},{"floor":9.0,"key":"Ancient Tea Set"},{"floor":11.0,"key":"Matryoshka"},{"floor":22.0,"key":"PreservedInsect"},{"floor":22.0,"key":"Dream Catcher"},{"floor":24.0,"key":"Pantograph"},{"floor":26.0,"key":"Potion Belt"},{"floor":26.0,"key":"Symbiotic Virus"},{"floor":37.0,"key":"FossilizedHelix"},{"floor":38,"key":"Bottled Lightning"},{"floor":43,"key":"Mummified Hand"}],"event_choices":[{"damage_healed":0.0,"max_hp_gain":0.0,"max_hp_loss":0.0,"gold_gain":0.0,"cards_transformed":["Strike_B"],"event_name":"Transmorgrifier","player_choice":"Transformed","floor":4.0,"gold_loss":0.0,"damage_taken":0.0,"cards_obtained":["Coolheaded"]},{"damage_healed":0.0,"max_hp_gain":0.0,"max_hp_loss":0.0,"gold_gain":0.0,"event_name":"NoteForYourself","player_choice":"Ignored","floor":14.0,"gold_loss":0.0,"damage_taken":0.0},{"damage_healed":0.0,"max_hp_gain":0.0,"max_hp_loss":0.0,"gold_gain":0.0,"event_name":"N\u0027loth","player_choice":"Ignored","floor":20.0,"gold_loss":0.0,"damage_taken":0.0},{"damage_healed":0.0,"max_hp_gain":0.0,"max_hp_loss":0.0,"gold_gain":0.0,"event_name":"Cursed Tome","player_choice":"Ignored","floor":31.0,"gold_loss":0.0,"damage_taken":0.0},{"damage_healed":0.0,"max_hp_gain":0.0,"max_hp_loss":0.0,"gold_gain":0.0,"event_name":"MindBloom","player_choice":"Fight","floor":37.0,"gold_loss":0.0,"damage_taken":0.0},{"cards_removed":["Stack"],"damage_healed":0,"gold_gain":0,"player_choice":"Removed Skill","damage_taken":0,"max_hp_gain":0,"max_hp_loss":0,"event_name":"Falling","floor":41,"gold_loss":0},{"damage_healed":0,"gold_gain":0,"player_choice":"Copied","damage_taken":0,"max_hp_gain":0,"max_hp_loss":0,"event_name":"Duplicator","floor":48,"gold_loss":0,"cards_obtained":["Defragment"]}],"is_beta":false,"boss_relics":[{"not_picked":["Lizard Tail","Empty Cage"],"picked":"Pandora\u0027s Box"},{"not_picked":["Black Star","Busted Crown"],"picked":"Astrolabe"}],"items_purged_floors":[27,44],"is_endless":false,"potions_floor_spawned":[3,11,12,21,24,28,37,42,45],"ascension_level":0}