{"gold_per_floor":[110,110,110,124,3,3,35,35,62,72,72,100,110,285,285,384,384,399,414,414,426,326,326,201,201,252,267,281,281],"floor_reached":29,"playtime":1148,"items_purged":["Strike_G","Regret","Doubt"],"score":233,"play_id":"a05f7ac4-bc7f-46f9-b098-48b62624b326","local_time":"20190131162127","is_ascension_mode":false,"campfire_choices":[{"data":"Survivor","floor":6,"key":"SMITH"},{"data":"Neutralize","floor":8,"key":"SMITH"},{"floor":15,"key":"REST"},{"data":"Noxious Fumes","floor":23,"key":"SMITH"},{"data":"Corpse Explosion","floor":25,"key":"SMITH"}],"neow_cost":"NONE","seed_source_timestamp":3185258244970,"circlet_count":0,"master_deck":["Defend_G","Defend_G","Defend_G","Defend_G","Defend_G","Strike_G","Strike_G+1","Strike_G+1","Strike_G","Survivor+1","Neutralize+1","Flechettes","Corpse Explosion+1","Choke","Blur","Backflip","Terror","Dagger Spray","Noxious Fumes+1","Acrobatics","Bullet Time","Dagger Throw","Dodge and Roll","Dodge and Roll"],"relics":["Ring of the Snake","Happy Flower","Potion Belt","Bronze Scales","Whetstone","Sundial","Oddly Smooth Stone","Sozu","Ancient Tea Set"],"potions_floor_usage":[12,12],"damage_taken":[{"damage":0,"enemies":"2 Louse","floor":1,"turns":4},{"damage":9,"enemies":"Jaw Worm","floor":4,"turns":4},{"damage":9,"enemies":"3 Sentries","floor":7,"turns":8},{"damage":4,"enemies":"Cultist","floor":10,"turns":3},{"damage":19,"enemies":"Lagavulin","floor":12,"turns":5},{"damage":3,"enemies":"Looter","floor":13,"turns":3},{"damage":38,"enemies":"The Guardian","floor":16,"turns":10},{"damage":0,"enemies":"3 Byrds","floor":18,"turns":3},{"damage":8,"enemies":"Chosen","floor":19,"turns":5},{"damage":22,"enemies":"Snecko","floor":21,"turns":5},{"damage":0,"enemies":"Cultist and Chosen","floor":27,"turns":5},{"damage":21,"enemies":"Snake Plant","floor":28,"turns":4},{"damage":33,"enemies":"Snecko","floor":29,"turns":4}],"seed_played":"4315015482631175404","potions_obtained":[{"floor":1,"key":"Fire Potion"},{"floor":7,"key":"Poison Potion"},{"floor":13,"key":"Ancient Potion"},{"floor":16,"key":"Ancient Potion"}],"is_trial":false,"path_per_floor":["M","?","?","M","$","R","E","R","T","M","?","E","M","?","R","B",null,"M","M","?","M","$","R","$","R","T","M","M","M"],"character_chosen":"THE_SILENT","items_purchased":["Backflip"],"campfire_rested":1,"item_purchase_floors":[5],"current_hp_per_floor":[70,70,70,61,61,61,52,52,52,48,45,26,23,23,44,6,70,70,62,70,48,48,48,48,48,48,48,27,0],"gold":281,"neow_bonus":"RANDOM_COMMON_RELIC","is_prod":false,"is_daily":false,"chose_seed":false,"campfire_upgraded":4,"win_rate":0,"timestamp":1548922887,"path_taken":["M","?","?","?","$","R","E","R","T","M","?","E","M","?","R","BOSS","M","M","?","M","?","R","$","R","T","?","M","M"],"build_version":"2019-01-23","purchased_purges":3,"victory":false,"max_hp_per_floor":[70,70,70,70,70,70,70,70,70,70,70,70,70,70,70,70,70,70,70,70,70,70,70,70,70,70,70,70,70],"card_choices":[{"not_picked":["Calculated Gamble","Endless Agony"],"picked":"Flechettes","floor":1},{"not_picked":["Flechettes","Reflex"],"picked":"Blur","floor":4},{"not_picked":["Die Die Die","Eviscerate"],"picked":"Terror","floor":7},{"not_picked":["Backflip","Bane"],"picked":"Dagger Spray","floor":10},{"not_picked":["Backflip","Bouncing Flask"],"picked":"Noxious Fumes","floor":12},{"not_picked":["Dagger Throw","Choke"],"picked":"Acrobatics","floor":13},{"not_picked":["Doppelganger","Glass Knife"],"picked":"Bullet Time","floor":16},{"not_picked":["Concentrate","Poisoned Stab+1"],"picked":"Dagger Throw","floor":18},{"not_picked":["Dagger Throw","Underhanded Strike"],"picked":"Terror","floor":19},{"not_picked":["Concentrate","Flying Knee","PiercingWail+1"],"picked":"SKIP","floor":21},{"not_picked":["Sucker Punch","Terror+1"],"picked":"Dodge and Roll","floor":27},{"not_picked":["Prepared","Dagger Throw"],"picked":"Dodge and Roll","floor":28}],"player_experience":152578,"relics_obtained":[{"floor":7,"key":"Bronze Scales"},{"floor":9,"key":"Whetstone"},{"floor":12,"key":"Oddly Smooth Stone"},{"floor":26,"key":"Ancient Tea Set"}],"event_choices":[{"damage_healed":0,"gold_gain":0,"player_choice":"Box","damage_taken":0,"relics_obtained":["Potion Belt"],"max_hp_gain":0,"max_hp_loss":0,"event_name":"Big Fish","floor":2,"gold_loss":0,"cards_obtained":["Regret"]},{"damage_healed":0,"gold_gain":0,"player_choice":"2 cards matched","damage_taken":0,"max_hp_gain":0,"max_hp_loss":0,"event_name":"Match and Keep!","floor":3,"gold_loss":0,"cards_obtained":["Corpse Explosion","Choke"]},{"damage_healed":0,"gold_gain":0,"player_choice":"Success","damage_taken":3,"relics_obtained":["Sundial"],"max_hp_gain":0,"max_hp_loss":0,"event_name":"Scrap Ooze","floor":11,"gold_loss":0},{"damage_healed":0,"gold_gain":175,"player_choice":"AGREE","damage_taken":0,"max_hp_gain":0,"max_hp_loss":0,"event_name":"Liars Game","floor":14,"gold_loss":0,"cards_obtained":["Doubt"]},{"cards_removed":["Terror"],"damage_healed":8,"gold_gain":0,"player_choice":"Offered Uncommon","damage_taken":0,"max_hp_gain":0,"max_hp_loss":0,"event_name":"Bonfire Elementals","floor":20,"gold_loss":0}],"is_beta":false,"boss_relics":[{"not_picked":["Coffee Dripper","White Beast Statue"],"picked":"Sozu"}],"items_purged_floors":[5,22,24],"is_endless":false,"potions_floor_spawned":[1,7,13,16,18,21,28],"killed_by":"Snecko","ascension_level":0}