{"gold_per_floor":[116,116,116,116,133,133,168,168,168,168,183,201,217,237,237,342,342,352,367,382,188,204,204,223,223,248,348,359,359,51,67,67,67],"floor_reached":33,"playtime":1042,"items_purged":[],"score":251,"play_id":"266453fc-6393-442c-bee7-e6d6e3c899f8","local_time":"20181231153725","is_ascension_mode":false,"campfire_choices":[{"data":"Dualcast","floor":6.0,"key":"SMITH"},{"data":"Defend_B","floor":8.0,"key":"SMITH"},{"data":"Strike_B","floor":10.0,"key":"SMITH"},{"data":"Ball Lightning","floor":15.0,"key":"SMITH"},{"floor":23,"key":"REST"},{"floor":25,"key":"REST"},{"floor":29,"key":"REST"},{"floor":32,"key":"REST"}],"neow_cost":"NONE","seed_source_timestamp":589698946664816,"circlet_count":0,"master_deck":["Strike_B+1","Strike_B+1","Strike_B+1","Strike_B","Defend_B","Defend_B+1","Defend_B","Defend_B+1","Zap+1","Dualcast+1","BootSequence","Ball Lightning+1","Glacier","Apotheosis","Beam Cell","Conserve Battery","Chaos","Go for the Eyes+1","Coolheaded","Steam+1","Conserve Battery+1"],"special_seed":0,"relics":["Cracked Core","Whetstone","Dream Catcher","Inserter","Orichalcum","Thread and Needle","Darkstone Periapt","Incense Burner"],"potions_floor_usage":[19,27,27,27],"damage_taken":[{"damage":0.0,"enemies":"Cultist","floor":1.0,"turns":3.0},{"damage":1.0,"enemies":"Jaw Worm","floor":5.0,"turns":3.0},{"damage":29.0,"enemies":"Lagavulin","floor":7.0,"turns":6.0},{"damage":0.0,"enemies":"Small Slimes","floor":11.0,"turns":2.0},{"damage":0.0,"enemies":"3 Louse","floor":12.0,"turns":3.0},{"damage":0.0,"enemies":"Looter","floor":13.0,"turns":3.0},{"damage":2.0,"enemies":"Exordium Wildlife","floor":14.0,"turns":3.0},{"damage":11.0,"enemies":"Slime Boss","floor":16.0,"turns":6.0},{"damage":2,"enemies":"Shell Parasite","floor":18,"turns":5},{"damage":0,"enemies":"Spheric Guardian","floor":19,"turns":3},{"damage":6,"enemies":"Shelled Parasite and Fungi","floor":20,"turns":6},{"damage":37,"enemies":"3 Cultists","floor":22,"turns":7},{"damage":23,"enemies":"Snake Plant","floor":24,"turns":5},{"damage":12,"enemies":"Colosseum Slavers","floor":27,"turns":4},{"damage":43,"enemies":"Colosseum Nobs","floor":27,"turns":6},{"damage":0,"enemies":"Centurion and Healer","floor":28,"turns":8},{"damage":0,"enemies":"Snecko","floor":31,"turns":6},{"damage":23,"enemies":"Collector","floor":33,"turns":13}],"seed_played":"6791635607329028057","potions_obtained":[{"floor":7.0,"key":"LiquidBronze"},{"floor":11.0,"key":"FairyPotion"},{"floor":13.0,"key":"Swift Potion"},{"floor":14.0,"key":"Regen Potion"},{"floor":16.0,"key":"FocusPotion"},{"floor":20,"key":"SteroidPotion"},{"floor":24,"key":"FocusPotion"},{"floor":27,"key":"EssenceOfSteel"}],"is_trial":false,"path_per_floor":["M","?","$","?","M","R","E","R","T","R","M","M","M","M","R","B",null,"M","M","M","$","M","R","M","R","T","?","M","R","$","M","R","B"],"character_chosen":"DEFECT","items_purchased":["Apotheosis","Beam Cell","Incense Burner"],"campfire_rested":4,"item_purchase_floors":[21,21,30],"current_hp_per_floor":[75,60,60,60,59,59,30,30,30,30,30,30,30,28,28,17,75,73,73,67,67,30,52,29,51,51,11,11,33,33,33,55,32],"gold":67,"neow_bonus":"RANDOM_COMMON_RELIC","is_prod":false,"is_daily":false,"chose_seed":false,"campfire_upgraded":4,"win_rate":0,"timestamp":1546270645,"path_taken":["M","?","$","?","M","R","E","R","T","R","M","M","?","M","R","BOSS","M","M","M","$","M","R","M","R","T","?","M","R","$","M","R","BOSS"],"build_version":"2018-12-20","purchased_purges":0,"victory":false,"max_hp_per_floor":[75,75,75,75,75,75,75,75,75,75,75,75,75,75,75,75,75,75,75,75,75,75,75,75,75,75,75,75,75,75,75,75,75],"card_choices":[{"not_picked":["Redo","Stack","Leap"],"picked":"SKIP","floor":1.0},{"not_picked":["Compile Driver","Leap","Turbo"],"picked":"SKIP","floor":5.0},{"not_picked":["Aggregate","Rebound","Creative AI"],"picked":"SKIP","floor":7.0},{"not_picked":["Chill","Go for the Eyes"],"picked":"BootSequence","floor":11.0},{"not_picked":["Lockon","Turbo"],"picked":"Ball Lightning","floor":12.0},{"not_picked":["Skim","Rip and Tear","Barrage"],"picked":"SKIP","floor":13.0},{"not_picked":["Redo","Leap","Barrage"],"picked":"SKIP","floor":14.0},{"not_picked":["Genetic Algorithm","Streamline","Hologram"],"picked":"SKIP","floor":18},{"not_picked":["Coolheaded+1","Blizzard"],"picked":"Glacier","floor":19},{"not_picked":["Streamline","Storm","Hologram"],"picked":"SKIP","floor":20},{"not_picked":["Compile Driver+1","Hologram"],"picked":"Conserve Battery","floor":22},{"not_picked":["Leap+1","Skim+1"],"picked":"Chaos","floor":23},{"not_picked":["Redo","Streamline+1","Gash"],"picked":"SKIP","floor":24},{"not_picked":["Leap+1","Ball Lightning+1"],"picked":"Go for the Eyes+1","floor":25},{"not_picked":["Leap","Double Energy"],"picked":"Coolheaded","floor":27},{"not_picked":["Coolheaded+1","Consume"],"picked":"Steam+1","floor":28},{"not_picked":["Redo","Stack"],"picked":"Conserve Battery+1","floor":31}],"player_experience":929566,"relics_obtained":[{"floor":7.0,"key":"Dream Catcher"},{"floor":26,"key":"Orichalcum"},{"floor":27,"key":"Thread and Needle"},{"floor":27,"key":"Darkstone Periapt"}],"event_choices":[{"damage_healed":0.0,"max_hp_gain":0.0,"max_hp_loss":0.0,"gold_gain":0.0,"event_name":"Shining Light","player_choice":"Entered Light","floor":2.0,"gold_loss":0.0,"damage_taken":15.0,"cards_upgraded":["Zap","Defend_B"]},{"damage_healed":0.0,"max_hp_gain":0.0,"max_hp_loss":0.0,"gold_gain":0.0,"event_name":"The Woman in Blue","player_choice":"Bought 0 Potions","floor":4.0,"gold_loss":0.0,"damage_taken":0.0},{"damage_healed":0,"gold_gain":0,"player_choice":"Fight","damage_taken":0,"max_hp_gain":0,"max_hp_loss":0,"event_name":"Colosseum","floor":27,"gold_loss":0},{"damage_healed":0,"gold_gain":0,"player_choice":"Fought Nobs","damage_taken":0,"max_hp_gain":0,"max_hp_loss":0,"event_name":"Colosseum","floor":27,"gold_loss":0}],"is_beta":false,"boss_relics":[{"not_picked":["Velvet Choker","Orrery"],"picked":"Inserter"}],"items_purged_floors":[],"is_endless":false,"potions_floor_spawned":[7,11,13,14,16,20,22,24,27],"killed_by":"Collector","ascension_level":0}