{"gold_per_floor":[118,98,21,36,53,53,71,16,16,46,46,121,131,56,56,133,133,33,7,7,7,7,7,7,7,7,7,7,7,7,7],"floor_reached":31,"playtime":1762,"items_purged":["Strike_G"],"score":450,"play_id":"bcef2f25-3ea2-418f-b1ac-1f7e2cffc0dc","local_time":"20181222132620","is_ascension_mode":true,"campfire_choices":[{"data":"Terror","floor":6,"key":"SMITH"},{"data":"Blur","floor":11,"key":"SMITH"},{"floor":15,"key":"REST"},{"data":"Ghostly","floor":23,"key":"SMITH"},{"floor":25,"key":"REST"}],"neow_cost":"PERCENT_DAMAGE","seed_source_timestamp":442557329415669,"circlet_count":0,"master_deck":["AscendersBane","Defend_G","Defend_G","Defend_G","Strike_G","Strike_G","Strike_G","Survivor","Neutralize","Phantasmal Killer","Poisoned Stab","Terror+1","Blur+1","Blur","Bane","Escape Plan","Bane","Tactician","Acrobatics","After Image","Acrobatics","Dagger Throw","Ghostly+1","Ghostly","Ghostly","Tactician","Escape Plan","Doubt","Catalyst","Reflex+1"],"relics":["Ring of the Snake","Ninja Scroll","Tingsha","Ectoplasm","Orichalcum","Ancient Tea Set"],"potions_floor_usage":[10,10,10,16,29,31],"damage_taken":[{"damage":2,"enemies":"Jaw Worm","floor":1,"turns":6},{"damage":0,"enemies":"Cultist","floor":4,"turns":3},{"damage":0,"enemies":"2 Louse","floor":5,"turns":5},{"damage":3,"enemies":"Blue Slaver","floor":7,"turns":3},{"damage":6,"enemies":"Gremlin Nob","floor":10,"turns":3},{"damage":4,"enemies":"3 Louse","floor":13,"turns":2},{"damage":36,"enemies":"The Guardian","floor":16,"turns":13},{"damage":10,"enemies":"2 Thieves","floor":18,"turns":5},{"damage":23,"enemies":"Spheric Guardian","floor":24,"turns":9},{"damage":10,"enemies":"Shelled Parasite and Fungi","floor":29,"turns":8},{"damage":16,"enemies":"Slavers","floor":31,"turns":10}],"seed_played":"-1808098304108989605","potions_obtained":[{"floor":1,"key":"Weak Potion"},{"floor":2,"key":"EntropicBrew"},{"floor":10,"key":"Swift Potion"},{"floor":16,"key":"GhostInAJar"},{"floor":29,"key":"PowerPotion"}],"is_trial":false,"path_per_floor":["M","?","$","M","M","R","M","$","T","E","R","?","M","$","R","B",null,"M","$","?","?","?","R","M","R","T","?","$","M","$","E"],"character_chosen":"THE_SILENT","items_purchased":["Blur","Bane","Dagger Throw"],"campfire_rested":2,"item_purchase_floors":[3,8,19],"current_hp_per_floor":[42,42,42,42,42,42,39,39,39,33,33,22,18,18,37,1,50,40,40,33,33,33,33,10,19,19,19,19,9,9,0],"gold":7,"neow_bonus":"TRANSFORM_TWO_CARDS","is_prod":false,"is_daily":false,"chose_seed":false,"campfire_upgraded":3,"win_rate":0,"timestamp":1545513980,"path_taken":["M","?","$","M","?","R","?","?","T","E","R","?","M","$","R","BOSS","M","$","?","?","?","R","?","R","T","?","$","M","?","E"],"build_version":"2018-12-20","purchased_purges":1,"victory":false,"max_hp_per_floor":[66,66,66,66,66,66,66,66,66,66,66,66,66,66,66,66,66,66,66,33,33,33,33,33,33,33,33,33,33,33,33],"card_choices":[{"not_picked":["Slice","PiercingWail"],"picked":"Terror","floor":1},{"not_picked":["Dagger Throw","Sucker Punch"],"picked":"Blur","floor":4},{"not_picked":["Quick Slash","Sucker Punch"],"picked":"Bane","floor":5},{"not_picked":["Bane","Masterful Stab"],"picked":"Escape Plan","floor":7},{"not_picked":["Leg Sweep","Deadly Poison"],"picked":"Tactician","floor":10},{"not_picked":["Endless Agony","Flying Knee"],"picked":"Acrobatics","floor":13},{"not_picked":["Venomology","Phantasmal Killer"],"picked":"After Image","floor":16},{"not_picked":["Underhanded Strike","Outmaneuver"],"picked":"Acrobatics","floor":18},{"not_picked":["Outmaneuver","PiercingWail"],"picked":"Escape Plan","floor":24},{"not_picked":["Cloak And Dagger","Slice"],"picked":"Reflex+1","floor":29}],"player_experience":186801,"relics_obtained":[{"floor":9,"key":"Ninja Scroll"},{"floor":10,"key":"Tingsha"},{"floor":26,"key":"Ancient Tea Set"}],"event_choices":[{"damage_healed":0,"gold_gain":0,"player_choice":"Bought 1 Potion","damage_taken":0,"max_hp_gain":0,"max_hp_loss":0,"event_name":"The Woman in Blue","floor":2,"gold_loss":0},{"damage_healed":0,"gold_gain":75,"player_choice":"Gather Gold","damage_taken":11,"max_hp_gain":0,"max_hp_loss":0,"event_name":"World of Goop","floor":12,"gold_loss":0},{"damage_healed":0,"gold_gain":0,"player_choice":"Became a Ghost","damage_taken":0,"max_hp_gain":0,"max_hp_loss":33,"event_name":"Ghosts","floor":20,"gold_loss":0,"cards_obtained":["Ghostly","Ghostly","Ghostly"]},{"damage_healed":0,"gold_gain":0,"player_choice":"Opened","damage_taken":0,"relics_obtained":["Orichalcum"],"max_hp_gain":0,"max_hp_loss":0,"event_name":"The Mausoleum","floor":21,"gold_loss":0,"cards_obtained":["Writhe"]},{"damage_healed":0,"gold_gain":0,"player_choice":"Copied","damage_taken":0,"max_hp_gain":0,"max_hp_loss":0,"event_name":"Duplicator","floor":22,"gold_loss":0,"cards_obtained":["Tactician"]},{"damage_healed":0,"gold_gain":0,"cards_transformed":["Writhe","Defend_G"],"player_choice":"Became Test Subject","damage_taken":0,"max_hp_gain":0,"max_hp_loss":0,"event_name":"Drug Dealer","floor":27,"gold_loss":0,"cards_obtained":["Doubt","Catalyst"]}],"is_beta":false,"boss_relics":[{"not_picked":["Lizard Tail","Black Star"],"picked":"Ectoplasm"}],"items_purged_floors":[14],"is_endless":false,"potions_floor_spawned":[1,10,16,29],"killed_by":"Slavers","ascension_level":19}