{"gold_per_floor":[113,113,126,174,144,175,175,195,195,195,239,260,208,222,222,343,343,361,361,354,354],"floor_reached":21,"playtime":1860,"items_purged":[],"score":246,"play_id":"c7ad5c12-40c0-4961-b313-3fee157a2528","local_time":"20190207235953","is_ascension_mode":true,"campfire_choices":[{"floor":7,"key":"REST"},{"floor":10,"key":"REST"},{"floor":15,"key":"REST"}],"neow_cost":"NONE","seed_source_timestamp":345021656860421,"circlet_count":0,"master_deck":["Defend_G","Defend_G","Defend_G","Defend_G","Defend_G","Strike_G","Strike_G","Strike_G","Strike_G","Strike_G","Survivor","Neutralize","Dagger Spray","Prepared","Riddle With Holes","Footwork","Dagger Throw","Skewer","Slice","Glass Knife","Dagger Throw","Sucker Punch"],"relics":["Ring of the Snake","Omamori","Golden Idol","Anchor","Blue Candle","Kunai","Paper Crane","WristBlade","Happy Flower"],"potions_floor_usage":[6,11,12,16,16,16,18],"damage_taken":[{"damage":3,"enemies":"Jaw Worm","floor":1,"turns":11},{"damage":7,"enemies":"Small Slimes","floor":3,"turns":3},{"damage":36,"enemies":"3 Sentries","floor":6,"turns":11},{"damage":0,"enemies":"Cultist","floor":8,"turns":3},{"damage":38,"enemies":"Lagavulin","floor":11,"turns":13},{"damage":10,"enemies":"Exordium Thugs","floor":12,"turns":5},{"damage":0,"enemies":"Large Slime","floor":14,"turns":5},{"damage":18,"enemies":"Slime Boss","floor":16,"turns":12},{"damage":22,"enemies":"Shell Parasite","floor":18,"turns":6},{"damage":19,"enemies":"2 Thieves","floor":20,"turns":4},{"damage":18,"enemies":"Masked Bandits","floor":21,"turns":3}],"seed_played":"4056245482337674978","potions_obtained":[{"floor":1,"key":"Swift Potion"},{"floor":5,"key":"GhostInAJar"},{"floor":5,"key":"Weak Potion"},{"floor":8,"key":"Ancient Potion"},{"floor":11,"key":"SkillPotion"},{"floor":16,"key":"Weak Potion"}],"is_trial":false,"path_per_floor":["M","?","M","T","?","E","R","M","T","R","E","M","$","M","R","B",null,"M","?","M","?"],"character_chosen":"THE_SILENT","items_purchased":["PowerPotion"],"campfire_rested":3,"item_purchase_floors":[13],"current_hp_per_floor":[60,60,53,53,53,17,38,38,38,59,21,11,11,11,32,14,56,34,34,15,0],"gold":354,"neow_bonus":"RANDOM_COMMON_RELIC","is_prod":false,"is_daily":false,"chose_seed":false,"campfire_upgraded":0,"win_rate":0,"timestamp":1549580393,"path_taken":["M","?","M","?","?","E","R","?","T","R","E","M","$","M","R","BOSS","M","?","M","?"],"build_version":"2019-01-23","purchased_purges":0,"victory":false,"max_hp_per_floor":[70,70,70,70,70,70,70,70,70,70,70,70,70,70,70,70,70,70,70,70,70],"card_choices":[{"not_picked":["Poisoned Stab","Flying Knee"],"picked":"Dagger Spray","floor":1},{"not_picked":["Underhanded Strike","Reflex"],"picked":"Prepared","floor":3},{"not_picked":["Eviscerate","Bane"],"picked":"Riddle With Holes","floor":6},{"not_picked":["Reflex","Flying Knee"],"picked":"Footwork","floor":8},{"not_picked":["Concentrate","Bane"],"picked":"Dagger Throw","floor":11},{"not_picked":["Distraction","Catalyst"],"picked":"Skewer","floor":12},{"not_picked":["Calculated Gamble","Outmaneuver"],"picked":"Slice","floor":14},{"not_picked":["Wraith Form v2","A Thousand Cuts"],"picked":"Glass Knife","floor":16},{"not_picked":["Acrobatics","PiercingWail"],"picked":"Dagger Throw","floor":18},{"not_picked":["Catalyst","Flying Knee"],"picked":"Sucker Punch","floor":20}],"player_experience":421976,"relics_obtained":[{"floor":4,"key":"Anchor"},{"floor":6,"key":"Blue Candle"},{"floor":9,"key":"Kunai"},{"floor":11,"key":"Paper Crane"}],"event_choices":[{"damage_healed":0,"gold_gain":0,"player_choice":"Take Wound","damage_taken":0,"relics_obtained":["Golden Idol"],"max_hp_gain":0,"max_hp_loss":0,"event_name":"Golden Idol","floor":2,"gold_loss":0,"cards_obtained":["Injury"]},{"damage_healed":0,"gold_gain":0,"player_choice":"Bought 2 Potions","damage_taken":0,"max_hp_gain":0,"max_hp_loss":0,"event_name":"The Woman in Blue","floor":5,"gold_loss":0},{"damage_healed":0,"gold_gain":0,"player_choice":"Stole Relic","damage_taken":0,"relics_obtained":["Happy Flower"],"max_hp_gain":0,"max_hp_loss":0,"event_name":"Addict","floor":19,"gold_loss":0,"cards_obtained":["Shame"]},{"damage_healed":0,"gold_gain":0,"player_choice":"Fought Bandits","damage_taken":0,"max_hp_gain":0,"max_hp_loss":0,"event_name":"Masked Bandits","floor":21,"gold_loss":0}],"is_beta":false,"boss_relics":[{"not_picked":["Calling Bell","Ring of the Serpent"],"picked":"WristBlade"}],"items_purged_floors":[],"is_endless":false,"potions_floor_spawned":[1,8,11,16],"killed_by":"Masked Bandits","ascension_level":6}