{"gold_per_floor":[116,136,211,211,211,237,237,264,288,288,317,332,348,367,367,469,469,484,500,415,24,42,42,56,56,56,69,85,96,96,112,112,214,214,227,227,227,227,241,241,341,341,365,365,26,41,41,41,41,41],"floor_reached":51,"playtime":2711,"items_purged":["Pain","Strike_B"],"score":908,"play_id":"17a95b28-d2cd-45f5-a0a4-724b93854a63","local_time":"20190103201450","is_ascension_mode":true,"campfire_choices":[{"floor":7.0,"key":"REST"},{"floor":10.0,"key":"REST"},{"floor":15.0,"key":"REST"},{"floor":23.0,"key":"REST"},{"floor":25.0,"key":"REST"},{"data":"Defragment","floor":32.0,"key":"SMITH"},{"data":"Ghostly","floor":40,"key":"SMITH"},{"data":"Go for the Eyes","floor":42,"key":"SMITH"},{"data":"Ghostly","floor":47,"key":"SMITH"},{"data":"Ghostly","floor":49,"key":"SMITH"}],"neow_cost":"PERCENT_DAMAGE","seed_source_timestamp":0,"circlet_count":0,"master_deck":["Strike_B","Strike_B","Defend_B","Defend_B","Defend_B","Zap","Dualcast","Sunder+1","Cold Snap","Go for the Eyes+1","Leap","BootSequence","Fusion","Leap","Biased Cognition","Leap","Cold Snap+1","Defragment+1","Compile Driver","Coolheaded+1","Cold Snap+1","Compile Driver","Ghostly+1","Ghostly+1","Ghostly+1","Ghostly","Ghostly","Cold Snap","Capacitor+1","Darkness"],"special_seed":0,"relics":["Cracked Core","Ornamental Fan","WarpedTongs","Turnip","Omamori","Juzu Bracelet","Vajra","Sozu","Orichalcum","Shuriken","Oddly Smooth Stone","Nuclear Battery","Unceasing Top","Bag of Marbles","Dodecahedron","Pear"],"potions_floor_usage":[],"damage_taken":[{"damage":0.0,"enemies":"Cultist","floor":1.0,"turns":3.0},{"damage":2.0,"enemies":"2 Louse","floor":2.0,"turns":2.0},{"damage":19.0,"enemies":"Gremlin Nob","floor":6.0,"turns":3.0},{"damage":28.0,"enemies":"Lagavulin","floor":8.0,"turns":4.0},{"damage":18.0,"enemies":"Gremlin Nob","floor":11.0,"turns":3.0},{"damage":6.0,"enemies":"Small Slimes","floor":12.0,"turns":2.0},{"damage":4.0,"enemies":"Red Slaver","floor":13.0,"turns":2.0},{"damage":6.0,"enemies":"Looter","floor":14.0,"turns":3.0},{"damage":29.0,"enemies":"The Guardian","floor":16.0,"turns":11.0},{"damage":31.0,"enemies":"3 Byrds","floor":18.0,"turns":5.0},{"damage":15.0,"enemies":"Spheric Guardian","floor":19.0,"turns":5.0},{"damage":2.0,"enemies":"Centurion and Healer","floor":22.0,"turns":8.0},{"damage":0.0,"enemies":"Snecko","floor":24.0,"turns":4.0},{"damage":8.0,"enemies":"Snake Plant","floor":27.0,"turns":3.0},{"damage":0.0,"enemies":"Cultist and Chosen","floor":28.0,"turns":8.0},{"damage":1.0,"enemies":"Shelled Parasite and Fungi","floor":29.0,"turns":5.0},{"damage":0.0,"enemies":"3 Cultists","floor":31.0,"turns":5.0},{"damage":21.0,"enemies":"Champ","floor":33.0,"turns":14.0},{"damage":15,"enemies":"3 Darklings","floor":35,"turns":8},{"damage":0,"enemies":"Orb Walker","floor":39,"turns":4},{"damage":0,"enemies":"Mind Bloom Boss Battle","floor":41,"turns":10},{"damage":0,"enemies":"Jaw Worm Horde","floor":46,"turns":7},{"damage":23,"enemies":"Time Eater","floor":50,"turns":16}],"seed_played":"8256301824225530883","potions_obtained":[{"floor":1.0,"key":"AttackPotion"},{"floor":6.0,"key":"Explosive Potion"},{"floor":12.0,"key":"SpeedPotion"}],"is_trial":false,"path_per_floor":["M","M","T","?","?","E","R","E","T","R","E","M","M","M","R","B",null,"M","M","?","$","M","R","M","R","T","M","M","M","?","M","R","B",null,"M","?","?","?","M","R","?","R","T","T","$","M","R","$","R","B",null],"character_chosen":"DEFECT","items_purchased":["Defragment","Shuriken","Pear"],"campfire_rested":5,"item_purchase_floors":[21,21,45],"current_hp_per_floor":[50,48,48,48,48,29,51,23,23,45,27,21,17,11,33,4,57,26,11,11,11,9,31,31,53,53,45,45,44,37,37,37,16,32,17,17,31,31,31,31,31,31,31,31,41,41,41,41,41,18],"gold":41,"neow_bonus":"REMOVE_TWO","is_prod":false,"is_daily":false,"chose_seed":false,"campfire_upgraded":5,"win_rate":0,"timestamp":1546575290,"path_taken":["M","M","?","?","?","E","R","E","T","R","E","M","M","M","R","BOSS","M","M","?","$","M","R","M","R","T","M","M","M","?","M","R","BOSS","M","?","?","?","M","R","?","R","T","?","?","M","R","?","R","BOSS"],"build_version":"2019-01-03v2","purchased_purges":2,"victory":true,"max_hp_per_floor":[75,75,75,75,75,75,75,75,75,75,75,75,75,75,75,75,75,75,75,75,75,75,75,75,75,75,75,75,75,37,37,37,37,37,37,35,31,31,31,31,31,31,31,31,41,41,41,41,41,41],"card_choices":[{"not_picked":["Melter","Leap"],"picked":"Sunder","floor":1.0},{"not_picked":["Chaos","Steam Power"],"picked":"Cold Snap","floor":2.0},{"not_picked":["Blizzard","Coolheaded"],"picked":"Go for the Eyes","floor":6.0},{"not_picked":["Double Energy","Rebound"],"picked":"Leap","floor":8.0},{"not_picked":["Beam Cell","Storm","Streamline"],"picked":"SKIP","floor":11.0},{"not_picked":["Tempest","Sweeping Beam"],"picked":"BootSequence","floor":12.0},{"not_picked":["Rip and Tear","Doom and Gloom"],"picked":"Fusion","floor":13.0},{"not_picked":["Cold Snap","Coolheaded"],"picked":"Leap","floor":14.0},{"not_picked":["Meteor Strike","Thunder Strike"],"picked":"Biased Cognition","floor":16.0},{"not_picked":["Scrape","Hello World"],"picked":"Leap","floor":18.0},{"not_picked":["BootSequence","Stack"],"picked":"Cold Snap+1","floor":19.0},{"not_picked":["Melter","Beam Cell","Steam"],"picked":"SKIP","floor":22.0},{"not_picked":["Streamline","Stack"],"picked":"Compile Driver","floor":24.0},{"not_picked":["Stack","Barrage"],"picked":"Coolheaded+1","floor":27.0},{"not_picked":["Barrage","Electrodynamics"],"picked":"Cold Snap+1","floor":28.0},{"not_picked":["Cold Snap","Barrage"],"picked":"Compile Driver","floor":29.0},{"not_picked":["Aggregate","Hologram","Go for the Eyes"],"picked":"SKIP","floor":31.0},{"not_picked":["Streamline","Turbo","Conserve Battery"],"picked":"SKIP","floor":35},{"not_picked":["Steam Power+1","Tempest"],"picked":"Cold Snap","floor":39},{"not_picked":["Compile Driver","Double Energy+1"],"picked":"Capacitor+1","floor":41},{"not_picked":["Turbo","White Noise"],"picked":"Darkness","floor":46}],"player_experience":324022,"relics_obtained":[{"floor":3.0,"key":"Ornamental Fan"},{"floor":6.0,"key":"Turnip"},{"floor":8.0,"key":"Omamori"},{"floor":9.0,"key":"Juzu Bracelet"},{"floor":11.0,"key":"Vajra"},{"floor":26.0,"key":"Oddly Smooth Stone"},{"floor":41,"key":"Unceasing Top"},{"floor":43,"key":"Bag of Marbles"},{"floor":44,"key":"Dodecahedron"}],"event_choices":[{"damage_healed":0.0,"max_hp_gain":0.0,"max_hp_loss":0.0,"gold_gain":0.0,"event_name":"Living Wall","player_choice":"Grow","floor":4.0,"gold_loss":0.0,"damage_taken":0.0,"cards_upgraded":["Sunder"]},{"damage_healed":0.0,"max_hp_gain":0.0,"max_hp_loss":0.0,"gold_gain":0.0,"event_name":"Accursed Blacksmith","player_choice":"Rummage","floor":5.0,"gold_loss":0.0,"damage_taken":0.0,"relics_obtained":["WarpedTongs"],"cards_obtained":["Pain"]},{"damage_healed":0.0,"max_hp_gain":0.0,"max_hp_loss":0.0,"gold_gain":0.0,"event_name":"Addict","player_choice":"Obtained Relic","floor":20.0,"gold_loss":85.0,"damage_taken":0.0,"relics_obtained":["Orichalcum"]},{"damage_healed":0.0,"max_hp_gain":0.0,"max_hp_loss":38.0,"gold_gain":0.0,"event_name":"Ghosts","player_choice":"Became a Ghost","floor":30.0,"gold_loss":0.0,"damage_taken":0.0,"cards_obtained":["Ghostly","Ghostly","Ghostly","Ghostly","Ghostly"]},{"damage_healed":0,"gold_gain":0,"player_choice":"Max HP","damage_taken":0,"max_hp_gain":0,"max_hp_loss":2,"event_name":"Winding Halls","floor":36,"gold_loss":0},{"damage_healed":31,"gold_gain":0,"player_choice":"Heal","damage_taken":0,"max_hp_gain":0,"max_hp_loss":4,"event_name":"The Moai Head","floor":37,"gold_loss":0},{"damage_healed":0,"gold_gain":0,"player_choice":"Ignored","damage_taken":0,"max_hp_gain":0,"max_hp_loss":0,"event_name":"SecretPortal","floor":38,"gold_loss":0},{"damage_healed":0,"gold_gain":0,"player_choice":"Fight","damage_taken":0,"max_hp_gain":0,"max_hp_loss":0,"event_name":"MindBloom","floor":41,"gold_loss":0}],"is_beta":false,"boss_relics":[{"not_picked":["Busted Crown","Lizard Tail"],"picked":"Sozu"},{"not_picked":["Black Star","Tiny House"],"picked":"Nuclear Battery"}],"items_purged_floors":[21,45],"is_endless":false,"potions_floor_spawned":[1,6,12,22,24,27,28,33],"ascension_level":7}