{"gold_per_floor":[217,17,30,30,43,73,73,99,99,99,112,31,46,46,46,141,141,158,169,169,16,16,16,16,16,16,16,32,32,113,125,125,230,230,248,267,267,278,294,294,309,309,391,391,491,491,508,157,157,157],"floor_reached":51,"playtime":1797,"items_purged":["Streamline","Doom and Gloom"],"score":720,"play_id":"a7920a45-c8fb-4189-bad2-fa0e43fc08f3","local_time":"20190101030453","is_ascension_mode":false,"campfire_choices":[{"data":"Dualcast","floor":7,"key":"SMITH"},{"data":"Zap","floor":10,"key":"SMITH"},{"data":"Ball Lightning","floor":15,"key":"SMITH"},{"data":"Echo Form","floor":23,"key":"SMITH"},{"data":"Capacitor","floor":27,"key":"SMITH"},{"floor":32,"key":"REST"},{"floor":40,"key":"REST"},{"data":"Creative AI","floor":42,"key":"SMITH"},{"data":"Barrage","floor":44,"key":"SMITH"},{"data":"Blizzard","floor":46,"key":"SMITH"},{"floor":49,"key":"REST"}],"neow_cost":"NONE","seed_source_timestamp":630232388837876,"circlet_count":0,"master_deck":["Zap+1","Dualcast+1","Conserve Battery","Cold Snap","BootSequence+1","Fusion+1","Ball Lightning+1","Reboot+1","Blizzard+1","Echo Form+1","Chaos+1","Fission+1","Capacitor+1","Conserve Battery+1","Steam+1","Undo+1","Darkness+1","Electrodynamics","Conserve Battery+1","Coolheaded+1","Hologram+1","Barrage+1","Creative AI+1","Capacitor+1","Auto Shields+1","White Noise+1","Discovery+1"],"relics":["Cracked Core","Runic Capacitor","Boot","Bag of Preparation","Toxic Egg 2","Pandora\u0027s Box","Shuriken","Ornamental Fan","Orrery","Pantograph","Ice Cream"],"potions_floor_usage":[50,50,50],"damage_taken":[{"damage":5,"enemies":"Small Slimes","floor":1,"turns":3},{"damage":6,"enemies":"Jaw Worm","floor":3,"turns":3},{"damage":0,"enemies":"Cultist","floor":5,"turns":4},{"damage":11,"enemies":"3 Sentries","floor":6,"turns":10},{"damage":6,"enemies":"Lots of Slimes","floor":11,"turns":3},{"damage":0,"enemies":"Red Slaver","floor":13,"turns":3},{"damage":23,"enemies":"Hexaghost","floor":16,"turns":11},{"damage":10,"enemies":"Spheric Guardian","floor":18,"turns":4},{"damage":9,"enemies":"Shell Parasite","floor":19,"turns":3},{"damage":0,"enemies":"Centurion and Healer","floor":28,"turns":4},{"damage":24,"enemies":"Colosseum Slavers","floor":29,"turns":4},{"damage":7,"enemies":"Snake Plant","floor":31,"turns":5},{"damage":18,"enemies":"Automaton","floor":33,"turns":9},{"damage":0,"enemies":"Orb Walker","floor":35,"turns":4},{"damage":2,"enemies":"3 Shapes","floor":36,"turns":2},{"damage":27,"enemies":"Jaw Worm Horde","floor":38,"turns":4},{"damage":0,"enemies":"Spire Growth","floor":39,"turns":6},{"damage":4,"enemies":"3 Darklings","floor":41,"turns":4},{"damage":15,"enemies":"Mind Bloom Boss Battle","floor":45,"turns":7},{"damage":0,"enemies":"Jaw Worm Horde","floor":47,"turns":4},{"damage":0,"enemies":"Donu and Deca","floor":50,"turns":9}],"seed_played":"8819338529141683463","potions_obtained":[{"floor":5,"key":"FearPotion"},{"floor":16,"key":"Dexterity Potion"},{"floor":19,"key":"Energy Potion"},{"floor":36,"key":"AttackPotion"},{"floor":45,"key":"Fire Potion"}],"is_trial":false,"path_per_floor":["M","$","M","?","M","E","R","T","T","R","M","$","M","$","R","B",null,"M","M","?","$","?","R","?","$","T","R","M","?","T","M","R","B",null,"M","M","?","M","M","R","M","R","T","R","?","R","M","$","R","B",null],"character_chosen":"DEFECT","items_purchased":["Runic Capacitor","Fusion+1","Undo+1","Auto Shields+1","White Noise+1","Dexterity Potion","Discovery+1"],"campfire_rested":3,"item_purchase_floors":[2,12,21,48,48,48,48],"current_hp_per_floor":[70,70,64,64,64,53,53,53,53,53,47,47,47,47,47,24,75,65,56,56,56,56,56,56,56,56,56,56,32,32,25,47,29,75,75,73,73,46,46,68,64,64,64,64,60,60,60,60,75,75],"gold":157,"neow_bonus":"HUNDRED_GOLD","is_prod":false,"is_daily":false,"chose_seed":false,"campfire_upgraded":8,"win_rate":0,"timestamp":1546311893,"path_taken":["M","$","M","?","M","E","R","?","T","R","?","$","M","?","R","BOSS","M","M","?","$","?","R","?","$","T","R","?","?","?","M","R","BOSS","M","?","?","M","M","R","M","R","T","R","?","R","?","$","R","BOSS"],"build_version":"2018-12-20","purchased_purges":2,"victory":true,"max_hp_per_floor":[75,75,75,75,75,75,75,75,75,75,75,75,75,75,75,75,75,75,75,75,75,75,75,75,75,75,75,75,75,75,75,75,75,75,75,75,75,75,75,75,75,75,75,75,75,75,75,75,75,75],"card_choices":[{"not_picked":["Steam","Self Repair"],"picked":"Conserve Battery","floor":1},{"not_picked":["Compile Driver","Redo","Beam Cell"],"picked":"SKIP","floor":3},{"not_picked":["Chaos","Doom and Gloom"],"picked":"Cold Snap","floor":5},{"not_picked":["Beam Cell","Hello World","Fusion"],"picked":"SKIP","floor":6},{"not_picked":["Cold Snap","Sweeping Beam"],"picked":"BootSequence+1","floor":11},{"not_picked":["Leap+1","Fusion+1"],"picked":"Ball Lightning","floor":13},{"not_picked":["Fission+1","Multi-Cast+1"],"picked":"Reboot+1","floor":16},{"not_picked":["Beam Cell","Streamline+1","Ball Lightning"],"picked":"SKIP","floor":18},{"not_picked":["Compile Driver+1","Beam Cell"],"picked":"Steam+1","floor":19},{"not_picked":["Steam+1","Streamline+1"],"picked":"Darkness+1","floor":28},{"not_picked":["Lockon","BootSequence+1","Reprogram+1"],"picked":"SKIP","floor":31},{"not_picked":["Multi-Cast+1","Seek+1"],"picked":"Electrodynamics","floor":33},{"not_picked":["Steam+1","Barrage"],"picked":"Conserve Battery+1","floor":34},{"not_picked":["Stack+1","Leap+1"],"picked":"Coolheaded+1","floor":34},{"not_picked":["Conserve Battery+1","Auto Shields+1"],"picked":"Hologram+1","floor":35},{"not_picked":["Storm","Stack+1"],"picked":"Barrage","floor":36},{"not_picked":["Creative AI","Heatsinks+1","Streamline"],"picked":"SKIP","floor":38},{"not_picked":["Heatsinks+1","Streamline"],"picked":"Creative AI","floor":38},{"not_picked":["Consume+1","Beam Cell+1","Turbo+1"],"picked":"SKIP","floor":39},{"not_picked":["Conserve Battery+1","Consume+1","Tempest+1"],"picked":"SKIP","floor":41},{"not_picked":["Conserve Battery+1","Darkness+1"],"picked":"Capacitor+1","floor":45},{"not_picked":["Rebound+1","Go for the Eyes","Reinforced Body+1"],"picked":"SKIP","floor":47}],"player_experience":932308,"relics_obtained":[{"floor":6,"key":"Boot"},{"floor":8,"key":"Bag of Preparation"},{"floor":9,"key":"Toxic Egg 2"},{"floor":26,"key":"Shuriken"},{"floor":30,"key":"Ornamental Fan"},{"floor":43,"key":"Pantograph"},{"floor":45,"key":"Ice Cream"}],"event_choices":[{"damage_healed":0,"gold_gain":0,"player_choice":"Ignored","damage_taken":0,"max_hp_gain":0,"max_hp_loss":0,"event_name":"Liars Game","floor":4,"gold_loss":0},{"damage_healed":0,"gold_gain":0,"player_choice":"Ignored","damage_taken":0,"max_hp_gain":0,"max_hp_loss":0,"event_name":"Vampires","floor":20,"gold_loss":0},{"damage_healed":0,"gold_gain":0,"player_choice":"Ignored","damage_taken":0,"max_hp_gain":0,"max_hp_loss":0,"event_name":"Cursed Tome","floor":22,"gold_loss":0},{"damage_healed":0,"gold_gain":0,"player_choice":"Ignored","damage_taken":0,"max_hp_gain":0,"max_hp_loss":0,"event_name":"Beggar","floor":24,"gold_loss":0},{"damage_healed":0,"gold_gain":0,"player_choice":"Fight","damage_taken":0,"max_hp_gain":0,"max_hp_loss":0,"event_name":"Colosseum","floor":29,"gold_loss":0},{"damage_healed":0,"gold_gain":0,"player_choice":"Fled From Nobs","damage_taken":0,"max_hp_gain":0,"max_hp_loss":0,"event_name":"Colosseum","floor":29,"gold_loss":0},{"damage_healed":0,"gold_gain":0,"player_choice":"Ignored","damage_taken":0,"max_hp_gain":0,"max_hp_loss":0,"event_name":"Tomb of Lord Red Mask","floor":37,"gold_loss":0},{"damage_healed":0,"gold_gain":0,"player_choice":"Fight","damage_taken":0,"max_hp_gain":0,"max_hp_loss":0,"event_name":"MindBloom","floor":45,"gold_loss":0}],"is_beta":false,"boss_relics":[{"not_picked":["Lizard Tail","Coffee Dripper"],"picked":"Pandora\u0027s Box"},{"not_picked":["Eternal Feather","Black Star"],"picked":"Orrery"}],"items_purged_floors":[21,48],"is_endless":false,"potions_floor_spawned":[5,16,19,28,36,39,45,47],"ascension_level":0}