{"gold_per_floor":[115,2,16,16,35,35,62,77,77,77,107,7,17,30,30,135,135,149,161,175,185,204,204,234,234,305,215,231,231,106,106,106,206,206,226,226,226,76,91,91,91,91,91,91,18,30,47,47,47,47],"floor_reached":51,"playtime":2483,"items_purged":["Strike_G","Strike_G","Strike_G","Strike_G"],"score":767,"play_id":"c0bbd7d0-c3ad-44e8-8b8b-80aa6c839c3c","local_time":"20190129111601","is_ascension_mode":true,"campfire_choices":[{"data":"Neutralize","floor":6.0,"key":"SMITH"},{"data":"Cloak And Dagger","floor":10.0,"key":"SMITH"},{"data":"Cloak And Dagger","floor":15.0,"key":"SMITH"},{"data":"Footwork","floor":23.0,"key":"SMITH"},{"floor":25.0,"key":"REST"},{"data":"Burst","floor":32.0,"key":"SMITH"},{"data":"Noxious Fumes","floor":40.0,"key":"SMITH"},{"data":"Madness","floor":42.0,"key":"SMITH"},{"data":"Quick Slash","floor":44.0,"key":"SMITH"},{"data":"Finisher","floor":49.0,"key":"SMITH"}],"neow_cost":"NONE","seed_source_timestamp":147336526715386,"circlet_count":0,"master_deck":["Defend_G","Defend_G","Defend_G+1","Defend_G","Survivor+1","Neutralize+1","Burst+1","Infinite Blades","Footwork+1","Noxious Fumes","Noxious Fumes+1","Cloak And Dagger+1","Backflip","Quick Slash","Cloak And Dagger+1","Blade Dance+1","Quick Slash+1","PiercingWail+1","Blade Dance+1","Madness+1","Madness","Prepared+1","Shame","Finisher+1"],"special_seed":0,"relics":["Ring of the Snake","Orichalcum","Snake Skull","Mercury Hourglass","Busted Crown","War Paint","Pantograph","Cursed Key","Dodecahedron"],"potions_floor_usage":[50,50],"damage_taken":[{"damage":7.0,"enemies":"Jaw Worm","floor":1.0,"turns":9.0},{"damage":1.0,"enemies":"Cultist","floor":3.0,"turns":5.0},{"damage":0.0,"enemies":"2 Louse","floor":5.0,"turns":4.0},{"damage":1.0,"enemies":"Lagavulin","floor":7.0,"turns":9.0},{"damage":1.0,"enemies":"Looter","floor":8.0,"turns":4.0},{"damage":21.0,"enemies":"Gremlin Nob","floor":11.0,"turns":5.0},{"damage":0.0,"enemies":"2 Fungi Beasts","floor":13.0,"turns":4.0},{"damage":0.0,"enemies":"Blue Slaver","floor":14.0,"turns":4.0},{"damage":26.0,"enemies":"Slime Boss","floor":16.0,"turns":10.0},{"damage":0.0,"enemies":"Chosen","floor":18.0,"turns":5.0},{"damage":5.0,"enemies":"Spheric Guardian","floor":19.0,"turns":4.0},{"damage":8.0,"enemies":"Snake Plant","floor":20.0,"turns":5.0},{"damage":20.0,"enemies":"Shelled Parasite and Fungi","floor":21.0,"turns":5.0},{"damage":7.0,"enemies":"Centurion and Healer","floor":22.0,"turns":6.0},{"damage":10.0,"enemies":"Gremlin Leader","floor":24.0,"turns":7.0},{"damage":0.0,"enemies":"Sentry and Sphere","floor":28.0,"turns":5.0},{"damage":4.0,"enemies":"Automaton","floor":33.0,"turns":10.0},{"damage":8.0,"enemies":"Orb Walker","floor":35.0,"turns":3.0},{"damage":0.0,"enemies":"3 Darklings","floor":39.0,"turns":4.0},{"damage":0.0,"enemies":"Jaw Worm Horde","floor":46.0,"turns":6.0},{"damage":10.0,"enemies":"Transient","floor":47.0,"turns":5.0},{"damage":25,"enemies":"Awakened One","floor":50,"turns":14}],"seed_played":"4869424832837244039","potions_obtained":[{"floor":1.0,"key":"Explosive Potion"},{"floor":4.0,"key":"SteroidPotion"},{"floor":4.0,"key":"Explosive Potion"},{"floor":8.0,"key":"SmokeBomb"},{"floor":11.0,"key":"EssenceOfSteel"},{"floor":13.0,"key":"Swift Potion"},{"floor":18.0,"key":"Weak Potion"},{"floor":19.0,"key":"GhostInAJar"},{"floor":39.0,"key":"SteroidPotion"}],"is_trial":false,"path_per_floor":["M","$","M","?","M","R","E","M","T","R","E","$","M","M","R","B",null,"M","M","M","M","M","R","E","R","T","?","M","?","$","?","R","B",null,"M","?","?","$","M","R","?","R","T","R","$","M","M","$","R","B",null],"character_chosen":"THE_SILENT","items_purchased":["Infinite Blades","Finisher"],"campfire_rested":1,"item_purchase_floors":[2,45],"current_hp_per_floor":[63,63,62,62,62,62,61,60,60,60,39,39,39,39,39,13,70,70,65,57,37,30,30,20,41,41,41,41,28,28,28,28,49,75,67,67,58,58,58,58,58,58,58,58,58,58,48,48,48,48],"gold":47,"neow_bonus":"ONE_RANDOM_RARE_CARD","is_prod":false,"is_daily":false,"chose_seed":false,"campfire_upgraded":9,"win_rate":0,"timestamp":1548756961,"path_taken":["M","$","M","?","M","R","E","?","T","R","E","$","M","M","R","BOSS","M","M","M","M","M","R","E","R","T","?","?","?","$","?","R","BOSS","M","?","?","$","M","R","?","R","T","R","$","M","M","?","R","BOSS"],"build_version":"2019-01-23","purchased_purges":4,"victory":true,"max_hp_per_floor":[70,70,70,70,70,70,70,70,70,70,70,70,70,70,70,70,70,70,70,70,70,70,70,70,70,70,70,70,75,75,75,75,75,75,75,75,75,75,75,75,75,75,75,75,75,75,75,75,75,75],"card_choices":[{"not_picked":["Riddle With Holes","Expertise","Dodge and Roll"],"picked":"SKIP","floor":1.0},{"not_picked":["Bane","Slice"],"picked":"Footwork","floor":3.0},{"not_picked":["Reflex","Endless Agony"],"picked":"Noxious Fumes","floor":5.0},{"not_picked":["Blur","Poisoned Stab"],"picked":"Noxious Fumes","floor":7.0},{"not_picked":["Distraction","Wraith Form v2"],"picked":"Cloak And Dagger","floor":8.0},{"not_picked":["Underhanded Strike","Bane"],"picked":"Backflip","floor":11.0},{"not_picked":["Deflect","Choke"],"picked":"Quick Slash","floor":13.0},{"not_picked":["Outmaneuver","Acrobatics"],"picked":"Cloak And Dagger","floor":14.0},{"not_picked":[],"picked":"Blade Dance+1","floor":18.0},{"not_picked":["All Out Attack"],"picked":"SKIP","floor":19.0},{"not_picked":[],"picked":"Quick Slash","floor":20.0},{"not_picked":[],"picked":"PiercingWail","floor":21.0},{"not_picked":["Blur"],"picked":"SKIP","floor":22.0},{"not_picked":[],"picked":"Blade Dance+1","floor":24.0},{"not_picked":["Masterful Stab+1"],"picked":"SKIP","floor":28.0},{"not_picked":[],"picked":"Noxious Fumes+1","floor":35.0},{"not_picked":[],"picked":"Prepared+1","floor":39.0},{"not_picked":["Acrobatics+1"],"picked":"SKIP","floor":46.0},{"not_picked":["Poisoned Stab"],"picked":"SKIP","floor":47.0}],"player_experience":24229,"relics_obtained":[{"floor":7.0,"key":"Orichalcum"},{"floor":9.0,"key":"Snake Skull"},{"floor":11.0,"key":"Mercury Hourglass"},{"floor":24.0,"key":"War Paint"},{"floor":26.0,"key":"Pantograph"},{"floor":43.0,"key":"Dodecahedron"}],"event_choices":[{"damage_healed":0.0,"max_hp_gain":0.0,"max_hp_loss":0.0,"gold_gain":0.0,"event_name":"Lab","player_choice":"Got Potions","floor":4.0,"gold_loss":0.0,"damage_taken":0.0},{"cards_removed":["Defend_G"],"damage_healed":0.0,"max_hp_gain":0.0,"max_hp_loss":0.0,"gold_gain":0.0,"event_name":"Designer","player_choice":"Upgrade and Remove","floor":27.0,"gold_loss":90.0,"damage_taken":0.0,"cards_upgraded":["Defend_G"]},{"damage_healed":0.0,"max_hp_gain":5.0,"max_hp_loss":0.0,"gold_gain":0.0,"event_name":"Forgotten Altar","player_choice":"Shed Blood","floor":29.0,"gold_loss":0.0,"damage_taken":18.0},{"cards_removed":["Strike_G"],"damage_healed":0.0,"max_hp_gain":0.0,"max_hp_loss":0.0,"gold_gain":0.0,"event_name":"Back to Basics","player_choice":"Elegance","floor":31.0,"gold_loss":0.0,"damage_taken":0.0},{"cards_removed":["Noxious Fumes"],"damage_healed":0.0,"max_hp_gain":0.0,"max_hp_loss":0.0,"gold_gain":0.0,"event_name":"Falling","player_choice":"Removed Power","floor":36.0,"gold_loss":0.0,"damage_taken":0.0},{"damage_healed":0.0,"max_hp_gain":0.0,"max_hp_loss":0.0,"gold_gain":0.0,"event_name":"Winding Halls","player_choice":"Embrace Madness","floor":37.0,"gold_loss":0.0,"damage_taken":9.0,"cards_obtained":["Madness","Madness"]},{"damage_healed":0.0,"max_hp_gain":0.0,"max_hp_loss":0.0,"gold_gain":0.0,"event_name":"Tomb of Lord Red Mask","player_choice":"Ignored","floor":41.0,"gold_loss":0.0,"damage_taken":0.0}],"is_beta":false,"boss_relics":[{"not_picked":["Coffee Dripper","Runic Dome"],"picked":"Busted Crown"},{"not_picked":["HoveringKite","Fusion Hammer"],"picked":"Cursed Key"}],"items_purged_floors":[2,12,30,38],"is_endless":false,"potions_floor_spawned":[1,5,8,11,13,18,19,20,33,39,46],"ascension_level":2}