{"gold_per_floor":[12,12,162,162,127,127,154,154,154,185,200,229,241,28,28,99,99,119,134,134,234,134,134,134,134,134,154,154,154,204,236,236,311,311,329,329,346,360,360,360,392,392,392,424,436,456,60,70,70,70,70,70,13,45,45],"floor_reached":55,"playtime":2701,"items_purged":["Strike_B","Strike_B","Writhe"],"score":1346,"play_id":"8b03b824-ad5c-434d-b3c8-88c671737776","local_time":"20190130005952","is_ascension_mode":true,"campfire_choices":[{"data":"1","floor":6,"key":"LIFT"},{"floor":8,"key":"REST"},{"data":"2","floor":15,"key":"LIFT"},{"data":"3","floor":23,"key":"LIFT"},{"data":"White Noise","floor":25,"key":"SMITH"},{"floor":29,"key":"RECALL"},{"data":"Zap","floor":32,"key":"SMITH"},{"data":"Seek","floor":40,"key":"SMITH"},{"data":"Loop","floor":42,"key":"SMITH"},{"data":"Go for the Eyes","floor":49,"key":"SMITH"},{"data":"Coolheaded","floor":52,"key":"SMITH"}],"neow_cost":"NO_GOLD","seed_source_timestamp":440648778780000,"circlet_count":0,"master_deck":["AscendersBane","Defend_B","Defend_B","Defend_B","Defend_B","Zap+1","Dualcast","Loop+1","BootSequence","Conserve Battery","Defragment+1","Self Repair+1","Cold Snap","White Noise+1","Gash","Machine Learning+1","Glacier","Gash","Biased Cognition+1","Capacitor+1","Seek+1","Go for the Eyes+1","Defragment+1","Coolheaded+1","Ball Lightning","Sweeping Beam+1"],"relics":["Cracked Core","Girya","Frozen Egg 2","Thread and Needle","Centennial Puzzle","Orichalcum","Bag of Preparation","Lizard Tail","Potion Belt","WingedGreaves","Ornamental Fan","Oddly Smooth Stone","Shuriken","Bag of Marbles","Eternal Feather","Darkstone Periapt","Omamori","Mummified Hand","Lantern"],"potions_floor_usage":[12,16,16,21,31,38,54,55,55],"damage_taken":[{"damage":7,"enemies":"Jaw Worm","floor":1,"turns":4},{"damage":40,"enemies":"Lagavulin","floor":7,"turns":5},{"damage":8,"enemies":"3 Sentries","floor":10,"turns":6},{"damage":0,"enemies":"Small Slimes","floor":11,"turns":3},{"damage":13,"enemies":"Gremlin Nob","floor":12,"turns":5},{"damage":0,"enemies":"2 Louse","floor":13,"turns":3},{"damage":4,"enemies":"Hexaghost","floor":16,"turns":10},{"damage":39,"enemies":"3 Byrds","floor":18,"turns":5},{"damage":7,"enemies":"2 Thieves","floor":19,"turns":4},{"damage":0,"enemies":"Colosseum Slavers","floor":21,"turns":5},{"damage":12,"enemies":"Colosseum Nobs","floor":21,"turns":5},{"damage":7,"enemies":"Shelled Parasite and Fungi","floor":27,"turns":6},{"damage":4,"enemies":"Book of Stabbing","floor":31,"turns":5},{"damage":7,"enemies":"Champ","floor":33,"turns":14},{"damage":11,"enemies":"Orb Walker","floor":35,"turns":3},{"damage":2,"enemies":"3 Shapes","floor":37,"turns":4},{"damage":10,"enemies":"Jaw Worm Horde","floor":38,"turns":3},{"damage":81,"enemies":"Reptomancer","floor":41,"turns":12},{"damage":0,"enemies":"Giant Head","floor":44,"turns":13},{"damage":0,"enemies":"Sphere and 2 Shapes","floor":45,"turns":9},{"damage":0,"enemies":"Spire Growth","floor":46,"turns":7},{"damage":0,"enemies":"Writhing Mass","floor":48,"turns":6},{"damage":18,"enemies":"Donu and Deca","floor":50,"turns":13},{"damage":61,"enemies":"Shield and Spear","floor":54,"turns":7},{"damage":22,"enemies":"The Heart","floor":55,"turns":3}],"seed_played":"-2184804988452302179","potions_obtained":[{"floor":7,"key":"Weak Potion"},{"floor":11,"key":"FearPotion"},{"floor":12,"key":"Explosive Potion"},{"floor":13,"key":"FocusPotion"},{"floor":18,"key":"Swift Potion"},{"floor":27,"key":"AttackPotion"},{"floor":37,"key":"AttackPotion"},{"floor":44,"key":"Explosive Potion"},{"floor":45,"key":"Ancient Potion"},{"floor":54,"key":"Energy Potion"}],"is_trial":false,"path_per_floor":["M","?","?","?","?","R","E","R","T","E","M","E","M","$","R","B",null,"M","M","?","?","$","R","?","R","T","M","T","R","?","E","R","B",null,"M","?","M","M","?","R","E","R","T","E","M","M","$","M","R","B",null,"R","$","E","B"],"character_chosen":"DEFECT","items_purchased":["White Noise","Gash","Mummified Hand","SkillPotion"],"campfire_rested":1,"item_purchase_floors":[14,14,47,53],"current_hp_per_floor":[57,52,52,45,62,62,22,43,43,35,35,22,32,32,32,38,63,34,37,37,45,45,45,45,45,45,48,48,48,48,54,54,57,68,67,67,71,71,71,71,45,57,57,67,71,71,71,71,71,63,69,71,71,20,0],"gold":45,"neow_bonus":"ONE_RARE_RELIC","is_prod":false,"is_daily":false,"chose_seed":false,"campfire_upgraded":6,"win_rate":0,"timestamp":1548838792,"path_taken":["M","?","?","?","?","R","E","R","T","E","?","E","M","$","R","BOSS","M","M","?","?","?","R","?","R","T","?","?","R","?","E","R","BOSS","M","?","?","M","?","R","E","R","T","E","M","M","$","M","R","BOSS","R","$","E","BOSS"],"build_version":"2019-01-23","purchased_purges":3,"victory":false,"max_hp_per_floor":[71,71,71,71,71,71,71,71,71,71,71,71,71,71,71,71,71,71,71,71,71,71,71,71,71,71,71,71,71,71,71,71,71,71,71,71,71,71,71,71,71,71,71,71,71,71,71,71,71,71,71,71,71,71,71],"card_choices":[{"not_picked":["Steam","Hologram"],"picked":"Loop","floor":1},{"not_picked":["Undo","Stack"],"picked":"BootSequence","floor":7},{"not_picked":["Streamline","Sweeping Beam"],"picked":"Conserve Battery","floor":10},{"not_picked":["Gash","Redo"],"picked":"Defragment+1","floor":11},{"not_picked":["Go for the Eyes","Turbo"],"picked":"Self Repair+1","floor":12},{"not_picked":["Stack","Redo"],"picked":"Cold Snap","floor":13},{"not_picked":["Fission","Meteor Strike"],"picked":"Machine Learning+1","floor":16},{"not_picked":["Turbo+1","Skim"],"picked":"Glacier","floor":18},{"not_picked":["Steam","Streamline"],"picked":"Gash","floor":19},{"not_picked":["Rip and Tear","Loop+1"],"picked":"Biased Cognition+1","floor":21},{"not_picked":["Darkness","Rebound","Fusion"],"picked":"SKIP","floor":27},{"not_picked":["Rebound","Go for the Eyes"],"picked":"Capacitor+1","floor":31},{"not_picked":["Amplify","Biased Cognition+1"],"picked":"Seek","floor":33},{"not_picked":["Streamline","Ball Lightning","Compile Driver+1"],"picked":"SKIP","floor":35},{"not_picked":["Recycle","Barrage"],"picked":"Go for the Eyes","floor":37},{"not_picked":["Leap","Gash+1"],"picked":"Defragment+1","floor":38},{"not_picked":["Beam Cell","Steam","Genetic Algorithm"],"picked":"SKIP","floor":41},{"not_picked":["Conserve Battery","Thunder Strike"],"picked":"Coolheaded","floor":44},{"not_picked":["Stack","Redo+1","Auto Shields"],"picked":"SKIP","floor":45},{"not_picked":["Steam","Sweeping Beam","Conserve Battery+1"],"picked":"SKIP","floor":46},{"not_picked":["Cold Snap+1","Sweeping Beam"],"picked":"Ball Lightning","floor":48},{"not_picked":["Turbo","Self Repair+1"],"picked":"Sweeping Beam+1","floor":54}],"player_experience":1211709,"relics_obtained":[{"floor":7,"key":"Thread and Needle"},{"floor":9,"key":"Centennial Puzzle"},{"floor":10,"key":"Orichalcum"},{"floor":12,"key":"Bag of Preparation"},{"floor":21,"key":"WingedGreaves"},{"floor":21,"key":"Ornamental Fan"},{"floor":26,"key":"Oddly Smooth Stone"},{"floor":28,"key":"Shuriken"},{"floor":31,"key":"Bag of Marbles"},{"floor":41,"key":"Darkstone Periapt"},{"floor":44,"key":"Omamori"},{"floor":54,"key":"Lantern"}],"event_choices":[{"damage_healed":0,"gold_gain":0,"player_choice":"Success","damage_taken":5,"relics_obtained":["Frozen Egg 2"],"max_hp_gain":0,"max_hp_loss":0,"event_name":"Scrap Ooze","floor":2,"gold_loss":0},{"damage_healed":0,"gold_gain":150,"player_choice":"AGREE","damage_taken":0,"max_hp_gain":0,"max_hp_loss":0,"event_name":"Liars Game","floor":3,"gold_loss":0,"cards_obtained":["Doubt"]},{"cards_removed":["Doubt"],"damage_healed":0,"gold_gain":0,"player_choice":"Card Removal","damage_taken":7,"max_hp_gain":0,"max_hp_loss":0,"event_name":"Golden Wing","floor":4,"gold_loss":0},{"damage_healed":17,"gold_gain":0,"player_choice":"Healed","damage_taken":0,"max_hp_gain":0,"max_hp_loss":0,"event_name":"The Cleric","floor":5,"gold_loss":35},{"damage_healed":0,"gold_gain":0,"player_choice":"Opened","damage_taken":0,"relics_obtained":["Potion Belt"],"max_hp_gain":0,"max_hp_loss":0,"event_name":"The Mausoleum","floor":20,"gold_loss":0,"cards_obtained":["Writhe"]},{"damage_healed":0,"gold_gain":0,"player_choice":"Fight","damage_taken":0,"max_hp_gain":0,"max_hp_loss":0,"event_name":"Colosseum","floor":21,"gold_loss":0},{"damage_healed":0,"gold_gain":0,"player_choice":"Fought Nobs","damage_taken":0,"max_hp_gain":0,"max_hp_loss":0,"event_name":"Colosseum","floor":21,"gold_loss":0},{"cards_removed":["Strike_B"],"damage_healed":0,"gold_gain":0,"player_choice":"Card Removal","damage_taken":0,"max_hp_gain":0,"max_hp_loss":0,"event_name":"Wheel of Change","floor":24,"gold_loss":0},{"damage_healed":0,"gold_gain":50,"player_choice":"Stole From Cult","damage_taken":0,"max_hp_gain":0,"max_hp_loss":0,"event_name":"Nest","floor":30,"gold_loss":0},{"cards_removed":["Strike_B"],"damage_healed":0,"gold_gain":0,"player_choice":"Offered Basic","damage_taken":0,"max_hp_gain":0,"max_hp_loss":0,"event_name":"Bonfire Elementals","floor":36,"gold_loss":0},{"damage_healed":0,"gold_gain":0,"player_choice":"Memory 1","damage_taken":0,"max_hp_gain":0,"max_hp_loss":0,"event_name":"SensoryStone","floor":39,"gold_loss":0}],"is_beta":false,"boss_relics":[{"not_picked":["Black Star","Pandora\u0027s Box"],"picked":"Lizard Tail"},{"not_picked":["Runic Dome","Nuclear Battery"],"picked":"Eternal Feather"}],"items_purged_floors":[14,22,47],"is_endless":false,"potions_floor_spawned":[7,11,12,13,18,27,37,44,45,54],"killed_by":"The Heart","ascension_level":16}