{"gold_per_floor":[119,119,37,312,331,331,360,360,360,360,227,227,242,275,275,349,349,362,362,362,372,386,386],"floor_reached":23,"playtime":1125,"items_purged":["Regret"],"score":400,"play_id":"2894d2a2-e5ba-40ad-802c-9eecd4309c04","local_time":"20190127141456","is_ascension_mode":true,"campfire_choices":[{"data":"Hyperbeam","floor":6,"key":"SMITH"},{"floor":8,"key":"REST"},{"data":"Hologram","floor":10,"key":"SMITH"},{"data":"Beam Cell","floor":12,"key":"SMITH"},{"data":"Go for the Eyes","floor":15,"key":"SMITH"}],"neow_cost":"NONE","seed_source_timestamp":230726381225400,"circlet_count":0,"master_deck":["AscendersBane","Strike_B","Strike_B","Strike_B","Defend_B","Defend_B","Defend_B","Defend_B","Zap+1","Dualcast","Cold Snap","Hyperbeam+1","Conserve Battery","Beam Cell+1","Hologram+1","Go for the Eyes+1","Sweeping Beam","Reboot","Leap","White Noise","Writhe"],"relics":["Cracked Core","Dead Branch","Dodecahedron","Lizard Tail","Anchor"],"potions_floor_usage":[16,21,22],"damage_taken":[{"damage":2,"enemies":"Jaw Worm","floor":1,"turns":3},{"damage":3,"enemies":"Cultist","floor":5,"turns":3},{"damage":41,"enemies":"Lagavulin","floor":7,"turns":7},{"damage":7,"enemies":"2 Louse","floor":13,"turns":3},{"damage":0,"enemies":"3 Sentries","floor":14,"turns":3},{"damage":12,"enemies":"The Guardian","floor":16,"turns":14},{"damage":0,"enemies":"3 Byrds","floor":18,"turns":4},{"damage":14,"enemies":"Spheric Guardian","floor":21,"turns":4},{"damage":52,"enemies":"Snecko","floor":22,"turns":7},{"damage":39,"enemies":"Gremlin Leader","floor":23,"turns":4}],"seed_played":"-9030626167122732337","potions_obtained":[{"floor":1,"key":"Poison Potion"},{"floor":7,"key":"Energy Potion"},{"floor":16,"key":"Weak Potion"},{"floor":18,"key":"Swift Potion"}],"is_trial":false,"path_per_floor":["M","?","$","?","M","R","E","R","T","R","$","R","M","E","R","B",null,"M","?","?","M","M","E"],"character_chosen":"DEFECT","items_purchased":["Conserve Battery","Beam Cell","Go for the Eyes"],"campfire_rested":1,"item_purchase_floors":[3,3,11],"current_hp_per_floor":[62,62,62,62,59,59,18,39,39,39,39,39,32,32,32,20,58,58,58,58,44,35,0],"gold":386,"neow_bonus":"UPGRADE_CARD","is_prod":false,"is_daily":false,"chose_seed":false,"campfire_upgraded":4,"win_rate":0,"timestamp":1548627296,"path_taken":["M","?","?","?","M","R","E","R","T","R","$","R","?","E","R","BOSS","M","?","?","M","M","E"],"build_version":"2019-01-23","purchased_purges":1,"victory":false,"max_hp_per_floor":[71,71,71,71,71,71,71,71,71,71,71,71,71,71,71,71,71,71,71,71,71,71,71],"card_choices":[{"not_picked":["Hello World","Scrape"],"picked":"Cold Snap","floor":1},{"not_picked":["Self Repair","Barrage"],"picked":"Hologram","floor":5},{"not_picked":["Streamline","Capacitor","Thunder Strike"],"picked":"SKIP","floor":7},{"not_picked":["Loop","Conserve Battery","Cold Snap"],"picked":"SKIP","floor":13},{"not_picked":["Electrodynamics","Turbo"],"picked":"Sweeping Beam","floor":14},{"not_picked":["Rainbow","Meteor Strike"],"picked":"Reboot","floor":16},{"not_picked":["Cold Snap","Sweeping Beam"],"picked":"Leap","floor":18},{"not_picked":["Stack","Beam Cell","Cold Snap"],"picked":"SKIP","floor":21},{"not_picked":["White Noise","Consume","Aggregate"],"picked":"SKIP","floor":22}],"player_experience":1206949,"relics_obtained":[{"floor":7,"key":"Dead Branch"},{"floor":14,"key":"Dodecahedron"}],"event_choices":[{"damage_healed":0,"gold_gain":0,"cards_transformed":["Strike_B"],"player_choice":"Transformed","damage_taken":0,"max_hp_gain":0,"max_hp_loss":0,"event_name":"Transmorgrifier","floor":2,"gold_loss":0,"cards_obtained":["Hyperbeam"]},{"damage_healed":0,"gold_gain":275,"player_choice":"Desecrate","damage_taken":0,"max_hp_gain":0,"max_hp_loss":0,"event_name":"Golden Shrine","floor":4,"gold_loss":0,"cards_obtained":["Regret"]},{"damage_healed":0,"gold_gain":0,"player_choice":"Read","damage_taken":0,"max_hp_gain":0,"max_hp_loss":0,"event_name":"The Library","floor":19,"gold_loss":0,"cards_obtained":["White Noise"]},{"damage_healed":0,"gold_gain":0,"player_choice":"Opened","damage_taken":0,"relics_obtained":["Anchor"],"max_hp_gain":0,"max_hp_loss":0,"event_name":"The Mausoleum","floor":20,"gold_loss":0,"cards_obtained":["Writhe"]}],"is_beta":false,"boss_relics":[{"not_picked":["Runic Pyramid","Inserter"],"picked":"Lizard Tail"}],"items_purged_floors":[11],"is_endless":false,"potions_floor_spawned":[1,7,16,18],"killed_by":"Gremlin Leader","ascension_level":16}