{"gold_per_floor":[116,116,136,136,146,146,74,86,112,144,144,177,188,208,208,305,305,315,414,324,339,339,339,367,381,407,419,356,366,366,382,382,480,480,496,496,2,22,22,22,22,22,48,48,59,72,72,90,90,90],"floor_reached":51,"playtime":3619,"items_purged":["Defend_R","Defend_R"],"score":627,"play_id":"631c4722-6688-4fc8-bfba-2802f008608b","local_time":"20181007103109","is_ascension_mode":false,"campfire_choices":[{"data":"Bash","floor":6.0,"key":"SMITH"},{"data":"Whirlwind","floor":11.0,"key":"SMITH"},{"floor":15.0,"key":"REST"},{"data":"Barricade","floor":23,"key":"SMITH"},{"data":"Flame Barrier","floor":30,"key":"SMITH"},{"floor":32,"key":"REST"},{"data":"True Grit","floor":40,"key":"SMITH"},{"data":"Whirlwind","floor":42,"key":"SMITH"},{"data":"Metallicize","floor":44,"key":"SMITH"},{"floor":49,"key":"REST"}],"neow_cost":"","seed_source_timestamp":0,"circlet_count":0,"master_deck":["Defend_R+1","Bash+1","Inflame","Whirlwind+1","Twin Strike","True Grit+1","Feed","Barricade+1","Flame Barrier+1","Metallicize+1","Metallicize","Feel No Pain+1","True Grit+1","Pommel Strike","Madness","Madness","Whirlwind+1","Shrug It Off","Shrug It Off+1"],"special_seed":0,"relics":["Burning Blood","Happy Flower","Bronze Scales","Orichalcum","Sozu","Bottled Lightning","MawBank","Velvet Choker","Oddly Smooth Stone","TheAbacus","Ancient Tea Set","Pocketwatch"],"potions_floor_usage":[],"damage_taken":[{"damage":6.0,"enemies":"Jaw Worm","floor":1.0,"turns":3.0},{"damage":5.0,"enemies":"2 Louse","floor":3.0,"turns":3.0},{"damage":10.0,"enemies":"Small Slimes","floor":5.0,"turns":5.0},{"damage":0.0,"enemies":"3 Louse","floor":8.0,"turns":2.0},{"damage":27.0,"enemies":"Gremlin Nob","floor":10.0,"turns":4.0},{"damage":21.0,"enemies":"Lagavulin","floor":12.0,"turns":5.0},{"damage":10.0,"enemies":"2 Fungi Beasts","floor":13.0,"turns":3.0},{"damage":6.0,"enemies":"Exordium Thugs","floor":14.0,"turns":3.0},{"damage":57.0,"enemies":"The Guardian","floor":16.0,"turns":14.0},{"damage":10,"enemies":"Spheric Guardian","floor":18,"turns":4},{"damage":3,"enemies":"Chosen","floor":21,"turns":4},{"damage":12,"enemies":"Gremlin Leader","floor":24,"turns":7},{"damage":22,"enemies":"3 Cultists","floor":25,"turns":5},{"damage":15,"enemies":"Snake Plant","floor":29,"turns":5},{"damage":9,"enemies":"Shelled Parasite and Fungi","floor":31,"turns":6},{"damage":54,"enemies":"Champ","floor":33,"turns":19},{"damage":9,"enemies":"3 Darklings","floor":35,"turns":5},{"damage":1,"enemies":"Orb Walker","floor":38,"turns":4},{"damage":15,"enemies":"3 Darklings","floor":45,"turns":4},{"damage":5,"enemies":"Spire Growth","floor":46,"turns":5},{"damage":10,"enemies":"Sphere and 2 Shapes","floor":48,"turns":4},{"damage":53,"enemies":"Awakened One","floor":50,"turns":14}],"seed_played":"4625365789105543686","potions_obtained":[{"floor":3.0,"key":"Weak Potion"},{"floor":5.0,"key":"SkillPotion"},{"floor":12.0,"key":"Strength Potion"}],"is_trial":false,"path_per_floor":["M","?","M","?","M","R","$","M","T","E","R","E","M","M","R","B",null,"M","?","?","M","?","R","E","M","T","?","$","M","R","M","R","B",null,"M","?","$","M","?","R","?","R","T","R","M","M","?","M","R","B"],"character_chosen":"IRONCLAD","items_purchased":["Whirlwind","Pommel Strike","Oddly Smooth Stone","TheAbacus"],"campfire_rested":3,"item_purchase_floors":[7,37,37,37],"current_hp_per_floor":[80,73,74,74,70,70,70,76,76,55,55,40,36,36,60,9,80,76,76,76,79,79,79,73,57,57,57,57,48,48,45,69,21,80,77,77,77,80,70,70,70,70,70,70,61,62,62,58,80,33],"gold":90,"neow_bonus":"","is_prod":false,"is_daily":false,"chose_seed":false,"campfire_upgraded":7,"win_rate":0.0,"timestamp":1538879469,"path_taken":["M","?","M","?","M","R","$","M","T","E","R","E","M","M","R","BOSS","M","?","?","M","?","R","E","?","T","?","$","?","R","M","R","BOSS","M","?","$","M","?","R","?","R","T","R","?","M","?","M","R","BOSS"],"build_version":"2018-10-04v2","purchased_purges":2,"victory":true,"max_hp_per_floor":[80,80,80,80,80,80,80,80,80,80,80,80,80,80,80,80,80,80,80,80,80,80,80,80,80,80,80,80,80,80,80,80,80,80,80,80,80,80,80,80,80,80,80,80,80,80,80,80,80,80],"card_choices":[{"not_picked":["Clothesline","Searing Blow","Flame Barrier"],"picked":"SKIP","floor":1.0},{"not_picked":["Flex","Bloodletting","Reckless Charge"],"picked":"SKIP","floor":3.0},{"not_picked":["Intimidate","True Grit"],"picked":"Inflame","floor":5.0},{"not_picked":["Warcry","Cleave"],"picked":"Twin Strike","floor":8.0},{"not_picked":["Headbutt","Anger","Reckless Charge"],"picked":"SKIP","floor":10.0},{"not_picked":["Brutality","Warcry","Perfected Strike"],"picked":"SKIP","floor":12.0},{"not_picked":["Feel No Pain","Anger"],"picked":"True Grit","floor":13.0},{"not_picked":["Warcry","Flex"],"picked":"Feed","floor":14.0},{"not_picked":["Berserk","Offering"],"picked":"Barricade","floor":16.0},{"not_picked":["Power Through","Flex"],"picked":"Flame Barrier","floor":18},{"not_picked":["Perfected Strike","Armaments+1"],"picked":"Metallicize","floor":21},{"not_picked":["Brutality","Burning Pact"],"picked":"Metallicize","floor":24},{"not_picked":["Headbutt","Thunderclap","Rampage"],"picked":"SKIP","floor":25},{"not_picked":["Headbutt","Armaments+1","Clothesline+1"],"picked":"SKIP","floor":29},{"not_picked":["Rage","Clothesline"],"picked":"Feel No Pain+1","floor":31},{"not_picked":["Armaments+1","Disarm+1"],"picked":"True Grit+1","floor":35},{"not_picked":["Armaments+1","Iron Wave+1","Sword Boomerang+1"],"picked":"SKIP","floor":38},{"not_picked":["Flex","Rampage+1","Rage+1"],"picked":"SKIP","floor":45},{"not_picked":["Armaments+1","Sever Soul"],"picked":"Shrug It Off","floor":46},{"not_picked":["Sword Boomerang+1","Corruption"],"picked":"Shrug It Off+1","floor":48}],"player_experience":0,"relics_obtained":[{"floor":9.0,"key":"Happy Flower"},{"floor":10.0,"key":"Bronze Scales"},{"floor":12.0,"key":"Orichalcum"},{"floor":24,"key":"Bottled Lightning"},{"floor":26,"key":"MawBank"},{"floor":43,"key":"Ancient Tea Set"}],"event_choices":[{"event_name":"Golden Wing","player_choice":"Card Removal","floor":2.0,"damage_taken":0.0},{"event_name":"Purifier","player_choice":"One Purge","floor":4.0,"damage_taken":0.0},{"event_name":"Nest","player_choice":"Stole From Cult","floor":19,"damage_taken":0},{"event_name":"Designer","player_choice":"Full Service","floor":20,"damage_taken":0},{"event_name":"Back to Basics","player_choice":"Elegance","floor":22,"damage_taken":0},{"event_name":"Purifier","player_choice":"One Purge","floor":27,"damage_taken":0},{"event_name":"SensoryStone","player_choice":"Memory 1","floor":36,"damage_taken":0},{"event_name":"Winding Halls","player_choice":"Embrace Madness","floor":39,"damage_taken":0},{"event_name":"Transmorgrifier","player_choice":"Transform","floor":41,"damage_taken":0},{"event_name":"WeMeetAgain","player_choice":"Potion","floor":47,"damage_taken":0}],"is_beta":false,"boss_relics":[{"not_picked":["Philosopher\u0027s Stone","Runic Pyramid"],"picked":"Sozu"},{"not_picked":["Black Blood","Fusion Hammer"],"picked":"Velvet Choker"}],"items_purged_floors":[28,37],"is_endless":false,"potions_floor_spawned":[3,5,12,13,24,25,29,31,33,38],"ascension_level":0}