{"gold_per_floor":[117,132,143,143,156,183,183,183,260,260,260,260,260,295,295,398,398,409,409,419,432,531,558,558,558],"floor_reached":25,"playtime":2989,"items_purged":[],"score":265,"play_id":"a3cae8dd-4c9f-499a-b96d-4e31205cbec5","local_time":"20180702112716","is_ascension_mode":true,"campfire_choices":[{"floor":7.0,"key":"REST"},{"data":"White Noise","floor":10.0,"key":"SMITH"},{"data":"Loop","floor":12.0,"key":"SMITH"},{"floor":15.0,"key":"REST"},{"floor":24,"key":"REST"}],"neow_cost":"","seed_source_timestamp":0,"circlet_count":0,"master_deck":["Defend_B+1","Defend_B","Defend_B","Defend_B","Zap","Dualcast+1","Conserve Battery","Ball Lightning","White Noise+1","Doom and Gloom","Loop+1","Beam Cell","Meteor Strike","Redo+1","Bite","Bite","Bite","Bite","Bite","Static Discharge+1","Reinforced Body","Coolheaded"],"special_seed":0,"relics":["Cracked Core","War Paint","Turnip","Pear","Ancient Tea Set","Shuriken","Nuclear Battery","Ornamental Fan"],"potions_floor_usage":[20,25],"damage_taken":[{"damage":0.0,"enemies":"Small Slimes","floor":1.0,"turns":2.0},{"damage":0.0,"enemies":"2 Louse","floor":2.0,"turns":3.0},{"damage":0.0,"enemies":"Cultist","floor":3.0,"turns":3.0},{"damage":6.0,"enemies":"2 Fungi Beasts","floor":5.0,"turns":4.0},{"damage":14.0,"enemies":"Lagavulin","floor":6.0,"turns":5.0},{"damage":25.0,"enemies":"Gremlin Nob","floor":14.0,"turns":4.0},{"damage":34.0,"enemies":"The Guardian","floor":16.0,"turns":7.0},{"damage":20,"enemies":"2 Thieves","floor":18,"turns":3},{"damage":0,"enemies":"Chosen","floor":20,"turns":4},{"damage":30,"enemies":"3 Cultists","floor":21,"turns":4},{"damage":36,"enemies":"Slavers","floor":23,"turns":4},{"damage":30,"enemies":"Slaver and Parasite","floor":25,"turns":2}],"seed_played":"6098728570319577002","potions_obtained":[{"floor":1.0,"key":"SteroidPotion"},{"floor":5.0,"key":"FearPotion"},{"floor":6.0,"key":"AttackPotion"},{"floor":14.0,"key":"GamblersBrew"},{"floor":18,"key":"PowerPotion"},{"floor":21,"key":"Swift Potion"},{"floor":23,"key":"AttackPotion"}],"is_trial":false,"path_per_floor":["M","M","M","$","M","E","R","?","T","R","?","R","?","E","R","B",null,"M","?","M","M","?","E","R"],"character_chosen":"DEFECT","items_purchased":[],"campfire_rested":3,"item_purchase_floors":[],"current_hp_per_floor":[75,75,75,75,69,55,75,75,85,85,78,78,83,65,90,56,90,77,63,63,37,37,5,23,0],"gold":558,"neow_bonus":"","is_prod":false,"is_daily":false,"chose_seed":false,"campfire_upgraded":2,"win_rate":0,"timestamp":1530545236,"path_taken":["M","M","M","$","M","E","R","?","T","R","?","R","?","E","R","BOSS","M","?","M","?","?","E","R","?"],"build_version":"2018-06-28","purchased_purges":0,"victory":false,"max_hp_per_floor":[75,75,75,75,75,75,75,75,85,85,85,85,90,90,90,90,90,90,63,63,63,63,63,63,63],"card_choices":[{"not_picked":["Undo","Beam Cell"],"picked":"Conserve Battery","floor":1.0},{"not_picked":["Rebound","Beam Cell"],"picked":"Ball Lightning","floor":2.0},{"not_picked":["Recycle","Force Field"],"picked":"White Noise","floor":3.0},{"not_picked":["FTL","Compile Driver"],"picked":"Doom and Gloom","floor":5.0},{"not_picked":["Turbo","Stack"],"picked":"Loop","floor":6.0},{"not_picked":["Fission","Hello World"],"picked":"Beam Cell","floor":14.0},{"not_picked":["Buffer","Machine Learning"],"picked":"Meteor Strike","floor":16.0},{"not_picked":["Cold Snap+1","Go for the Eyes"],"picked":"Redo+1","floor":18},{"not_picked":["Reprogram","Stack"],"picked":"Static Discharge+1","floor":20},{"not_picked":["Compile Driver","Ball Lightning"],"picked":"Reinforced Body","floor":21},{"not_picked":["Compile Driver+1","Stack"],"picked":"Coolheaded","floor":23}],"player_experience":177911,"relics_obtained":[{"floor":6.0,"key":"Turnip"},{"floor":9.0,"key":"Pear"},{"floor":14.0,"key":"Shuriken"},{"floor":23,"key":"Ornamental Fan"}],"event_choices":[{"event_name":"The Cleric","player_choice":"Leave","floor":8.0,"damage_taken":0.0},{"event_name":"Scrap Ooze","player_choice":"success","floor":11.0,"damage_taken":7.0},{"event_name":"Big Fish","player_choice":"Donut","floor":13.0,"damage_taken":0.0},{"event_name":"Vampires","player_choice":"Became a vampire","floor":19,"damage_taken":0},{"event_name":"Nest","player_choice":"Stole From Cult","floor":22,"damage_taken":0}],"boss_relics":[{"not_picked":["White Beast Statue","Runic Dome"],"picked":"Nuclear Battery"}],"items_purged_floors":[],"is_endless":false,"potions_floor_spawned":[1,5,6,14,18,21,23],"killed_by":"Slaver and Parasite","ascension_level":1}