{"gold_per_floor":[119,44,44,64,83,112,112,130,154,154,182,182],"floor_reached":12,"playtime":308,"items_purged":[],"score":163,"play_id":"8f53519c-f7ea-4383-8483-d17bbe2fadf1","local_time":"20190204233423","is_ascension_mode":true,"campfire_choices":[{"floor":7,"key":"REST"},{"data":"Sunder","floor":10,"key":"SMITH"}],"neow_cost":"NONE","seed_source_timestamp":956324012354600,"circlet_count":0,"master_deck":["AscendersBane","Strike_B","Strike_B","Strike_B","Defend_B","Defend_B","Defend_B","Defend_B","Zap+1","Dualcast","Sweeping Beam","Sunder+1","Beam Cell","Ball Lightning"],"relics":["Cracked Core","Oddly Smooth Stone","Lantern","Orichalcum"],"potions_floor_usage":[6,11],"damage_taken":[{"damage":1,"enemies":"2 Louse","floor":1,"turns":3},{"damage":1,"enemies":"Cultist","floor":4,"turns":3},{"damage":4,"enemies":"Jaw Worm","floor":5,"turns":3},{"damage":46,"enemies":"Gremlin Nob","floor":6,"turns":5},{"damage":8,"enemies":"Blue Slaver","floor":8,"turns":4},{"damage":17,"enemies":"Lagavulin","floor":11,"turns":5}],"seed_played":"5034418272959072853","potions_obtained":[{"floor":5,"key":"Weak Potion"},{"floor":6,"key":"Energy Potion"},{"floor":8,"key":"AttackPotion"}],"is_trial":false,"path_per_floor":["M","?","?","M","M","E","R","M","T","R","E","?"],"character_chosen":"DEFECT","items_purchased":[],"campfire_rested":1,"item_purchase_floors":[],"current_hp_per_floor":[70,70,70,69,65,19,42,34,34,34,17,0],"gold":182,"neow_bonus":"TEN_PERCENT_HP_BONUS","is_prod":false,"is_daily":false,"chose_seed":false,"campfire_upgraded":1,"win_rate":0,"timestamp":1549352063,"path_taken":["M","?","?","M","?","E","R","M","T","R","E","?"],"build_version":"2019-01-23","purchased_purges":0,"victory":false,"max_hp_per_floor":[78,78,78,78,78,78,78,78,78,78,78,78],"card_choices":[{"not_picked":["Consume","Rebound"],"picked":"Sweeping Beam","floor":1},{"not_picked":["Rebound","Beam Cell"],"picked":"Sunder","floor":4},{"not_picked":["Force Field","Streamline","Redo"],"picked":"SKIP","floor":5},{"not_picked":["Redo","Tempest"],"picked":"Beam Cell","floor":6},{"not_picked":["Turbo","Reprogram"],"picked":"Ball Lightning","floor":8},{"not_picked":["Force Field","Meteor Strike","Streamline"],"picked":"SKIP","floor":11}],"player_experience":1235609,"relics_obtained":[{"floor":6,"key":"Oddly Smooth Stone"},{"floor":9,"key":"Lantern"},{"floor":11,"key":"Orichalcum"}],"event_choices":[{"cards_removed":["Strike_B"],"damage_healed":0,"gold_gain":0,"player_choice":"Card Removal","damage_taken":0,"max_hp_gain":0,"max_hp_loss":0,"event_name":"The Cleric","floor":2,"gold_loss":75},{"damage_healed":0,"gold_gain":0,"player_choice":"Upgraded","damage_taken":0,"max_hp_gain":0,"max_hp_loss":0,"event_name":"Upgrade Shrine","floor":3,"gold_loss":0,"cards_upgraded":["Zap"]}],"is_beta":false,"boss_relics":[],"items_purged_floors":[],"is_endless":false,"potions_floor_spawned":[5,6,8],"ascension_level":17}