{"gold_per_floor":[111,128,139,156,176,176,204,204,252,252,277,277,277,33,33,137,137,154,154,179,89,104,135,145,145,145,145,161,175,175,205,205,304,304,320,336,336,336,353,353,373,373,373,407,422,422,435,8,8,8],"floor_reached":51,"playtime":5230,"items_purged":["Strike_R"],"score":913,"play_id":"0aa2f86f-4350-43d4-a883-65857812b3f0","local_time":"20190126113258","is_ascension_mode":true,"campfire_choices":[{"data":"True Grit","floor":6,"key":"SMITH"},{"floor":10,"key":"REST"},{"data":"True Grit","floor":12,"key":"SMITH"},{"data":"Havoc","floor":15,"key":"SMITH"},{"data":"Limit Break","floor":25,"key":"SMITH"},{"data":"Shockwave","floor":27,"key":"SMITH"},{"data":"Heavy Blade","floor":30,"key":"SMITH"},{"data":"Dark Embrace","floor":32,"key":"SMITH"},{"data":"Battle Trance","floor":40,"key":"SMITH"},{"data":"Feel No Pain","floor":42,"key":"SMITH"},{"data":"Disarm","floor":46,"key":"SMITH"},{"data":"Feel No Pain","floor":49,"key":"SMITH"}],"neow_cost":"NONE","seed_source_timestamp":136631077827200,"circlet_count":0,"master_deck":["Defend_R","Defend_R","Defend_R","Defend_R","Bash","True Grit+1","Shockwave+1","Inflame+1","Disarm+1","Dark Embrace+1","True Grit+1","Feel No Pain+1","Havoc+1","Ghostly Armor","Limit Break+1","Battle Trance+1","Pommel Strike+1","Heavy Blade+1","Corruption","Headbutt","Reaper","Shockwave+1","Offering+1","Bloodletting+1","Metallicize+1","Warcry+1","Feel No Pain+1","Parasite","Metallicize+1","Feel No Pain+1"],"relics":["Burning Blood","Bottled Lightning","Ancient Tea Set","Ornamental Fan","Pen Nib","Velvet Choker","Vajra","Pocketwatch","Blue Candle","Art of War","Astrolabe","Pantograph","Bag of Marbles","Dodecahedron"],"potions_floor_usage":[11,23,29,31,33,47,50,50],"damage_taken":[{"damage":1,"enemies":"Cultist","floor":1,"turns":4},{"damage":2,"enemies":"Jaw Worm","floor":2,"turns":3},{"damage":0,"enemies":"2 Louse","floor":3,"turns":2},{"damage":27,"enemies":"Blue Slaver","floor":4,"turns":5},{"damage":16,"enemies":"Exordium Thugs","floor":5,"turns":4},{"damage":42,"enemies":"Gremlin Nob","floor":7,"turns":5},{"damage":10,"enemies":"3 Sentries","floor":11,"turns":6},{"damage":22,"enemies":"Hexaghost","floor":16,"turns":10},{"damage":5,"enemies":"Chosen","floor":18,"turns":6},{"damage":8,"enemies":"3 Byrds","floor":22,"turns":6},{"damage":22,"enemies":"Gremlin Leader","floor":23,"turns":6},{"damage":6,"enemies":"Cultist and Chosen","floor":24,"turns":5},{"damage":0,"enemies":"Snecko","floor":28,"turns":3},{"damage":9,"enemies":"Centurion and Healer","floor":29,"turns":5},{"damage":12,"enemies":"Slavers","floor":31,"turns":4},{"damage":24,"enemies":"Champ","floor":33,"turns":7},{"damage":13,"enemies":"3 Darklings","floor":35,"turns":5},{"damage":6,"enemies":"Orb Walker","floor":36,"turns":3},{"damage":22,"enemies":"Maw","floor":39,"turns":7},{"damage":36,"enemies":"4 Shapes","floor":41,"turns":7},{"damage":13,"enemies":"Giant Head","floor":44,"turns":6},{"damage":9,"enemies":"Writhing Mass","floor":45,"turns":4},{"damage":12,"enemies":"Maw","floor":47,"turns":6},{"damage":71,"enemies":"Awakened One","floor":50,"turns":8}],"seed_played":"-636886447206313483","potions_obtained":[{"floor":7,"key":"AttackPotion"},{"floor":16,"key":"Poison Potion"},{"floor":24,"key":"Swift Potion"},{"floor":28,"key":"Fire Potion"},{"floor":31,"key":"AttackPotion"},{"floor":41,"key":"Energy Potion"},{"floor":44,"key":"Explosive Potion"},{"floor":45,"key":"BloodPotion"}],"is_trial":false,"path_per_floor":["M","M","M","M","M","R","E","?","T","R","E","R","?","$","R","B",null,"M","?","T","?","M","E","M","R","T","R","M","M","R","E","R","B",null,"M","M","?","?","M","R","M","R","T","E","M","R","M","$","R","B",null],"character_chosen":"IRONCLAD","items_purchased":["Feel No Pain","Havoc","Ghostly Armor","Feel No Pain","Dodecahedron","Dexterity Potion","FearPotion"],"campfire_rested":1,"item_purchase_floors":[14,14,14,48,48,48,48],"current_hp_per_floor":[85,88,88,67,57,57,21,21,21,47,43,43,40,40,40,24,72,73,73,73,73,71,55,55,55,55,55,61,58,58,52,52,34,75,88,88,88,88,78,78,80,80,80,73,70,70,88,88,88,74],"gold":8,"neow_bonus":"TEN_PERCENT_HP_BONUS","is_prod":false,"is_daily":false,"chose_seed":false,"campfire_upgraded":11,"win_rate":0,"timestamp":1548498778,"path_taken":["M","M","?","M","M","R","E","?","T","R","E","R","?","$","R","BOSS","M","?","?","?","M","E","M","R","T","R","M","M","R","E","R","BOSS","M","M","?","?","M","R","M","R","T","E","M","R","M","$","R","BOSS"],"build_version":"2019-01-23","purchased_purges":1,"victory":true,"max_hp_per_floor":[88,88,88,88,88,88,88,88,88,88,88,88,88,88,88,88,88,88,88,88,88,88,88,88,88,88,88,88,88,88,88,88,88,88,88,88,88,88,88,88,88,88,88,88,88,88,88,88,88,88],"card_choices":[{"not_picked":["Warcry","Thunderclap"],"picked":"Headbutt","floor":1},{"not_picked":["Reckless Charge","Clash"],"picked":"True Grit","floor":2},{"not_picked":["Shrug It Off","Cleave"],"picked":"Shockwave","floor":3},{"not_picked":["Flex","Anger"],"picked":"Inflame","floor":4},{"not_picked":["Entrench","Wild Strike"],"picked":"Disarm","floor":5},{"not_picked":["Twin Strike","Sever Soul"],"picked":"Dark Embrace","floor":7},{"not_picked":["Warcry","Rage"],"picked":"True Grit","floor":11},{"not_picked":["Impervious","Feed"],"picked":"Limit Break","floor":16},{"not_picked":["Uppercut","Sword Boomerang"],"picked":"Battle Trance","floor":18},{"not_picked":["Sever Soul","Wild Strike"],"picked":"Pommel Strike+1","floor":22},{"not_picked":["Armaments","Hemokinesis+1"],"picked":"Heavy Blade","floor":23},{"not_picked":["Sword Boomerang","Searing Blow"],"picked":"Corruption","floor":24},{"not_picked":["Clash","Sword Boomerang","True Grit"],"picked":"SKIP","floor":28},{"not_picked":["Rage","Sentinel","Sever Soul"],"picked":"SKIP","floor":29},{"not_picked":["Metallicize+1","Rage+1"],"picked":"Headbutt","floor":31},{"not_picked":["Fiend Fire","Bludgeon"],"picked":"Reaper","floor":33},{"not_picked":["Iron Wave+1","True Grit"],"picked":"Metallicize+1","floor":35},{"not_picked":["Bloodletting+1","Second Wind"],"picked":"Warcry+1","floor":36},{"not_picked":["Iron Wave","Headbutt+1"],"picked":"Feel No Pain+1","floor":39},{"not_picked":["Warcry","True Grit+1","Heavy Blade+1"],"picked":"SKIP","floor":41},{"not_picked":["Flex","Fire Breathing","Sever Soul+1"],"picked":"SKIP","floor":44},{"not_picked":["Wild Strike+1","Iron Wave+1"],"picked":"Metallicize+1","floor":45},{"not_picked":["Sentinel","Reckless Charge","Armaments+1"],"picked":"SKIP","floor":47}],"player_experience":99955,"relics_obtained":[{"floor":7,"key":"Bottled Lightning"},{"floor":9,"key":"Ancient Tea Set"},{"floor":11,"key":"Ornamental Fan"},{"floor":20,"key":"Vajra"},{"floor":23,"key":"Pocketwatch"},{"floor":26,"key":"Blue Candle"},{"floor":31,"key":"Art of War"},{"floor":43,"key":"Pantograph"},{"floor":44,"key":"Bag of Marbles"}],"event_choices":[{"damage_healed":0,"gold_gain":0,"player_choice":"Grow","damage_taken":0,"max_hp_gain":0,"max_hp_loss":0,"event_name":"Living Wall","floor":8,"gold_loss":0,"cards_upgraded":["Inflame"]},{"damage_healed":0,"gold_gain":0,"player_choice":"Success","damage_taken":3,"relics_obtained":["Pen Nib"],"max_hp_gain":0,"max_hp_loss":0,"event_name":"Scrap Ooze","floor":13,"gold_loss":0},{"damage_healed":0,"gold_gain":0,"player_choice":"Ignored","damage_taken":0,"max_hp_gain":0,"max_hp_loss":0,"event_name":"Ghosts","floor":19,"gold_loss":0},{"cards_removed":["Strike_R"],"damage_healed":0,"gold_gain":0,"player_choice":"Upgrade and Remove","damage_taken":0,"max_hp_gain":0,"max_hp_loss":0,"event_name":"Designer","floor":21,"gold_loss":90,"cards_upgraded":["Strike_R"]},{"cards_removed":["Headbutt"],"damage_healed":0,"gold_gain":0,"player_choice":"Removed Attack","damage_taken":0,"max_hp_gain":0,"max_hp_loss":0,"event_name":"Falling","floor":37,"gold_loss":0},{"damage_healed":0,"gold_gain":0,"player_choice":"Ignored","damage_taken":0,"max_hp_gain":0,"max_hp_loss":0,"event_name":"Tomb of Lord Red Mask","floor":38,"gold_loss":0}],"is_beta":false,"boss_relics":[{"not_picked":["Fusion Hammer","Empty Cage"],"picked":"Velvet Choker"},{"not_picked":["Busted Crown","Eternal Feather"],"picked":"Astrolabe"}],"items_purged_floors":[14],"is_endless":false,"potions_floor_spawned":[7,16,24,28,31,41,44,45],"ascension_level":6}