{"gold_per_floor":[114,126,126,126,141,141,174,174,174,210,210,226,226,244,244,337,337,350,475,475],"floor_reached":20,"playtime":1924,"items_purged":[],"score":429,"play_id":"806bb293-9724-40fe-b919-55ad955f2c0e","local_time":"20190208230036","is_ascension_mode":true,"campfire_choices":[{"data":"Carnage","floor":6,"key":"SMITH"},{"data":"Immolate","floor":8,"key":"SMITH"},{"data":"Hemokinesis","floor":11,"key":"SMITH"},{"data":"Bash","floor":15,"key":"SMITH"}],"neow_cost":"TEN_PERCENT_HP_LOSS","seed_source_timestamp":304051681373100,"circlet_count":0,"master_deck":["AscendersBane","Strike_R","Strike_R","Strike_R","Strike_R","Strike_R","Defend_R+1","Defend_R","Defend_R","Defend_R","Bash+1","Reaper+1","Pommel Strike","Perfected Strike","Carnage+1","Immolate+1","Hemokinesis+1","Reaper","True Grit","Disarm"],"relics":["Burning Blood","Golden Idol","Meat on the Bone","Matryoshka","Bronze Scales","Letter Opener","Oddly Smooth Stone","Runic Cube","Champion Belt","Mummified Hand"],"potions_floor_usage":[7,16,19],"damage_taken":[{"damage":8,"enemies":"2 Louse","floor":1,"turns":5},{"damage":12,"enemies":"Jaw Worm","floor":2,"turns":2},{"damage":7,"enemies":"Small Slimes","floor":5,"turns":3},{"damage":25,"enemies":"Lagavulin","floor":7,"turns":5},{"damage":15,"enemies":"3 Sentries","floor":10,"turns":4},{"damage":14,"enemies":"Exordium Thugs","floor":12,"turns":2},{"damage":13,"enemies":"Blue Slaver","floor":14,"turns":2},{"damage":2,"enemies":"Slime Boss","floor":16,"turns":5},{"damage":39,"enemies":"Shell Parasite","floor":18,"turns":4},{"damage":33,"enemies":"Colosseum Slavers","floor":19,"turns":4},{"damage":34,"enemies":"Colosseum Nobs","floor":19,"turns":4},{"damage":34,"enemies":"Spheric Guardian","floor":20,"turns":4}],"seed_played":"4298478863045871322","potions_obtained":[{"floor":2,"key":"Fire Potion"},{"floor":12,"key":"BloodPotion"},{"floor":14,"key":"PowerPotion"}],"is_trial":false,"path_per_floor":["M","M","?","?","M","R","E","R","T","E","R","M","?","M","R","B",null,"M","?","M"],"character_chosen":"IRONCLAD","items_purchased":[],"campfire_rested":0,"item_purchase_floors":[],"current_hp_per_floor":[68,62,62,51,58,58,39,39,39,42,42,42,23,28,28,44,58,37,24,0],"gold":475,"neow_bonus":"THREE_RARE_CARDS","is_prod":false,"is_daily":false,"chose_seed":false,"campfire_upgraded":4,"win_rate":0,"timestamp":1549663236,"path_taken":["M","M","?","?","M","R","E","R","T","E","R","M","?","?","R","BOSS","M","?","M"],"build_version":"2019-01-23","purchased_purges":0,"victory":false,"max_hp_per_floor":[68,68,62,62,62,62,62,62,62,62,62,62,62,62,62,62,62,62,62,62],"card_choices":[{"not_picked":["Double Tap","Impervious"],"picked":"Reaper","floor":0},{"not_picked":["Shrug It Off","Searing Blow"],"picked":"Pommel Strike","floor":1},{"not_picked":["True Grit","Power Through"],"picked":"Perfected Strike","floor":2},{"not_picked":["Anger","Shockwave"],"picked":"Carnage","floor":5},{"not_picked":["Anger","Cleave"],"picked":"Immolate","floor":7},{"not_picked":["Reaper","Uppercut"],"picked":"Hemokinesis","floor":10},{"not_picked":["Body Slam","Clothesline","Headbutt"],"picked":"SKIP","floor":12},{"not_picked":["Twin Strike","Warcry","Thunderclap"],"picked":"SKIP","floor":14},{"not_picked":["Dark Embrace","Impervious"],"picked":"Reaper","floor":16},{"not_picked":["Havoc+1","Uppercut"],"picked":"True Grit","floor":18},{"not_picked":["Armaments","True Grit"],"picked":"Disarm","floor":19}],"player_experience":487628,"relics_obtained":[{"floor":7,"key":"Matryoshka"},{"floor":9,"key":"Bronze Scales"},{"floor":9,"key":"Letter Opener"},{"floor":10,"key":"Oddly Smooth Stone"},{"floor":19,"key":"Champion Belt"},{"floor":19,"key":"Mummified Hand"}],"event_choices":[{"damage_healed":0,"gold_gain":0,"player_choice":"Lose Max HP","damage_taken":0,"relics_obtained":["Golden Idol"],"max_hp_gain":0,"max_hp_loss":6,"event_name":"Golden Idol","floor":3,"gold_loss":0},{"damage_healed":0,"gold_gain":0,"player_choice":"Success","damage_taken":11,"relics_obtained":["Meat on the Bone"],"max_hp_gain":0,"max_hp_loss":0,"event_name":"Scrap Ooze","floor":4,"gold_loss":0},{"damage_healed":0,"gold_gain":0,"player_choice":"Entered Light","damage_taken":19,"max_hp_gain":0,"max_hp_loss":0,"event_name":"Shining Light","floor":13,"gold_loss":0,"cards_upgraded":["Reaper","Defend_R"]},{"damage_healed":0,"gold_gain":0,"player_choice":"Fight","damage_taken":0,"max_hp_gain":0,"max_hp_loss":0,"event_name":"Colosseum","floor":19,"gold_loss":0},{"damage_healed":0,"gold_gain":0,"player_choice":"Fought Nobs","damage_taken":0,"max_hp_gain":0,"max_hp_loss":0,"event_name":"Colosseum","floor":19,"gold_loss":0}],"is_beta":false,"boss_relics":[{"not_picked":["Fusion Hammer","Runic Pyramid"],"picked":"Runic Cube"}],"items_purged_floors":[],"is_endless":false,"potions_floor_spawned":[2,12,14],"killed_by":"Spheric Guardian","ascension_level":17}