{"gold_per_floor":[110,110,126,126,146,177,21,40,119,119,119,132,132,132,132,230,230,242,253,74,87,12,12,12],"floor_reached":24,"playtime":608,"items_purged":["Strike_R","Strike_R"],"score":255,"play_id":"aaaa96e3-6779-48eb-a8e6-a29b32534ae9","local_time":"20190208005131","is_ascension_mode":true,"campfire_choices":[{"floor":10,"key":"REST"},{"data":"Carnage","floor":13,"key":"SMITH"},{"floor":15,"key":"REST"},{"floor":23,"key":"REST"}],"neow_cost":"NONE","seed_source_timestamp":180445586010619,"circlet_count":0,"master_deck":["Strike_R","Defend_R","Defend_R","Defend_R","Defend_R","Bash","Cleave","Pommel Strike","Shrug It Off","Thunderclap","Carnage+1","Evolve","Inflame","Juggernaut","Iron Wave","Seeing Red","Metallicize","Armaments+1"],"relics":["Burning Blood","Omamori","Du-Vu Doll","NlothsMask","Red Skull","Cursed Key"],"potions_floor_usage":[21,24],"damage_taken":[{"damage":9,"enemies":"Small Slimes","floor":1,"turns":4},{"damage":1,"enemies":"Cultist","floor":3,"turns":3},{"damage":0,"enemies":"2 Louse","floor":5,"turns":2},{"damage":59,"enemies":"Lagavulin","floor":6,"turns":7},{"damage":6,"enemies":"Looter","floor":8,"turns":2},{"damage":1,"enemies":"Exordium Wildlife","floor":12,"turns":3},{"damage":46,"enemies":"Slime Boss","floor":16,"turns":7},{"damage":2,"enemies":"Chosen","floor":18,"turns":4},{"damage":32,"enemies":"Spheric Guardian","floor":19,"turns":5},{"damage":46,"enemies":"Snecko","floor":21,"turns":5},{"damage":43,"enemies":"Shelled Parasite and Fungi","floor":24,"turns":3}],"seed_played":"-8335576992823437298","potions_obtained":[{"floor":6,"key":"Ancient Potion"},{"floor":8,"key":"Poison Potion"},{"floor":16,"key":"Regen Potion"},{"floor":21,"key":"Dexterity Potion"}],"is_trial":false,"path_per_floor":["M","?","M","?","M","E","$","M","T","R","?","M","R","?","R","B",null,"M","M","$","M","?","R","M"],"character_chosen":"IRONCLAD","items_purchased":["Carnage","Metallicize"],"campfire_rested":3,"item_purchase_floors":[7,20],"current_hp_per_floor":[69,57,62,62,68,15,15,15,15,39,32,37,37,37,61,21,65,69,43,43,17,17,41,0],"gold":12,"neow_bonus":"RANDOM_COMMON_RELIC","is_prod":false,"is_daily":false,"chose_seed":false,"campfire_upgraded":1,"win_rate":0,"timestamp":1549554691,"path_taken":["M","?","M","?","M","E","$","?","T","R","?","M","R","?","R","BOSS","M","M","$","M","?","R","M"],"build_version":"2019-01-23","purchased_purges":2,"victory":false,"max_hp_per_floor":[80,80,80,80,80,80,80,80,80,80,80,80,80,80,80,80,80,80,80,80,80,80,80,80],"card_choices":[{"not_picked":["Wild Strike","Iron Wave"],"picked":"Cleave","floor":1},{"not_picked":["Sword Boomerang","Flex"],"picked":"Pommel Strike","floor":3},{"not_picked":["Clothesline","Sentinel"],"picked":"Shrug It Off","floor":5},{"not_picked":["Fiend Fire","Warcry"],"picked":"Thunderclap","floor":6},{"not_picked":["Iron Wave","Infernal Blade"],"picked":"Evolve","floor":8},{"not_picked":["Wild Strike","Twin Strike"],"picked":"Inflame","floor":12},{"not_picked":["Reaper","Fiend Fire"],"picked":"Juggernaut","floor":16},{"not_picked":["Searing Blow","Burning Pact+1"],"picked":"Iron Wave","floor":18},{"not_picked":["Wild Strike+1","Heavy Blade"],"picked":"Seeing Red","floor":19},{"not_picked":["Sword Boomerang","Power Through"],"picked":"Armaments+1","floor":21}],"player_experience":833750,"relics_obtained":[{"floor":6,"key":"Red Skull"}],"event_choices":[{"damage_healed":0,"gold_gain":0,"player_choice":"Success","damage_taken":12,"relics_obtained":["Du-Vu Doll"],"max_hp_gain":0,"max_hp_loss":0,"event_name":"Scrap Ooze","floor":2,"gold_loss":0},{"damage_healed":0,"gold_gain":0,"player_choice":"Trade","damage_taken":0,"relics_obtained":["NlothsMask"],"max_hp_gain":0,"max_hp_loss":0,"event_name":"FaceTrader","floor":4,"gold_loss":0},{"cards_removed":["Strike_R"],"damage_healed":0,"gold_gain":0,"player_choice":"Card Removal","damage_taken":7,"max_hp_gain":0,"max_hp_loss":0,"event_name":"Golden Wing","floor":11,"gold_loss":0},{"damage_healed":0,"gold_gain":0,"player_choice":"Ignored","damage_taken":0,"max_hp_gain":0,"max_hp_loss":0,"event_name":"Liars Game","floor":14,"gold_loss":0},{"cards_removed":["Strike_R"],"damage_healed":0,"gold_gain":0,"player_choice":"Gave Gold","damage_taken":0,"max_hp_gain":0,"max_hp_loss":0,"event_name":"Beggar","floor":22,"gold_loss":75}],"is_beta":false,"boss_relics":[{"not_picked":["Empty Cage","Black Star"],"picked":"Cursed Key"}],"items_purged_floors":[7,20],"is_endless":false,"potions_floor_spawned":[6,8,16,21],"killed_by":"Shelled Parasite and Fungi","ascension_level":6}