{"gold_per_floor":[115,127,127,137,155,189,189,215,240,251,251,20,20,43,43,166,166,180,305,305,325,424,424,67,15,15,90,111,111,145,161,161,161],"floor_reached":33,"playtime":1247,"items_purged":["Strike_R","Strike_R"],"score":255,"play_id":"7e1ebc6d-72bc-438b-b4a3-cdd94da8276a","local_time":"20190210002739","is_ascension_mode":false,"campfire_choices":[{"data":"Bash","floor":7,"key":"SMITH"},{"data":"True Grit","floor":11,"key":"SMITH"},{"floor":15,"key":"REST"},{"data":"Juggernaut","floor":23,"key":"SMITH"},{"data":"Evolve","floor":32,"key":"SMITH"}],"neow_cost":"PERCENT_DAMAGE","seed_source_timestamp":716557442379630,"circlet_count":0,"master_deck":["Strike_R","Strike_R","Defend_R","Defend_R","Defend_R","Defend_R","Bash+1","True Grit+1","Cleave","Offering","Juggernaut+1","Impervious","Pommel Strike+1","Iron Wave","Evolve+1"],"relics":["Burning Blood","Turnip","Orichalcum","Vajra","Juzu Bracelet","Golden Idol","Sozu","Ginger","Bottled Lightning","Kunai","Omamori","Red Mask"],"potions_floor_usage":[8,16,16,33],"damage_taken":[{"damage":1,"enemies":"Jaw Worm","floor":1,"turns":5},{"damage":3,"enemies":"Small Slimes","floor":2,"turns":4},{"damage":0,"enemies":"2 Louse","floor":4,"turns":4},{"damage":10,"enemies":"Looter","floor":5,"turns":3},{"damage":39,"enemies":"3 Sentries","floor":6,"turns":8},{"damage":19,"enemies":"Gremlin Nob","floor":8,"turns":6},{"damage":11,"enemies":"Gremlin Gang","floor":10,"turns":6},{"damage":21,"enemies":"Exordium Thugs","floor":14,"turns":5},{"damage":32,"enemies":"The Guardian","floor":16,"turns":11},{"damage":6,"enemies":"3 Byrds","floor":18,"turns":6},{"damage":21,"enemies":"Colosseum Slavers","floor":19,"turns":5},{"damage":8,"enemies":"Colosseum Nobs","floor":19,"turns":4},{"damage":6,"enemies":"Chosen","floor":21,"turns":4},{"damage":20,"enemies":"Centurion and Healer","floor":28,"turns":6},{"damage":6,"enemies":"Masked Bandits","floor":30,"turns":3},{"damage":6,"enemies":"Chosen and Byrds","floor":31,"turns":6},{"damage":41,"enemies":"Collector","floor":33,"turns":8}],"seed_played":"-4524675983341468128","potions_obtained":[{"floor":2,"key":"Regen Potion"},{"floor":4,"key":"Block Potion"},{"floor":6,"key":"SkillPotion"},{"floor":16,"key":"Dexterity Potion"}],"is_trial":false,"path_per_floor":["M","M","?","M","M","E","R","E","T","M","R","$","?","M","R","B",null,"M","?","?","M","?","R","$","$","T","?","M","T","?","M","R","B"],"character_chosen":"IRONCLAD","items_purchased":["Juggernaut","Kunai","Iron Wave"],"campfire_rested":1,"item_purchase_floors":[12,24,25],"current_hp_per_floor":[61,64,69,75,71,38,38,39,39,34,34,34,34,19,42,16,79,79,62,62,62,62,62,62,62,62,55,41,41,41,41,41,0],"gold":161,"neow_bonus":"ONE_RARE_RELIC","is_prod":false,"is_daily":false,"chose_seed":false,"campfire_upgraded":4,"win_rate":0,"timestamp":1549729659,"path_taken":["M","M","?","M","M","E","R","E","T","M","R","$","?","M","R","BOSS","M","?","?","M","?","R","?","$","T","?","M","?","?","M","R","BOSS"],"build_version":"2019-01-23","purchased_purges":2,"victory":false,"max_hp_per_floor":[80,80,85,85,85,85,85,85,85,85,85,85,79,79,79,79,79,79,79,79,79,79,79,79,79,79,79,79,79,79,79,79,79],"card_choices":[{"not_picked":["Clothesline","Warcry","Armaments"],"picked":"SKIP","floor":1},{"not_picked":["Armaments","Sword Boomerang"],"picked":"True Grit","floor":2},{"not_picked":["Body Slam","Perfected Strike","Corruption"],"picked":"SKIP","floor":4},{"not_picked":["Havoc","Reaper"],"picked":"Cleave","floor":5},{"not_picked":["Flex","Infernal Blade","Perfected Strike"],"picked":"SKIP","floor":6},{"not_picked":["Heavy Blade","Flex"],"picked":"Offering","floor":8},{"not_picked":["Havoc","Perfected Strike","Armaments"],"picked":"SKIP","floor":10},{"not_picked":["Entrench","Fire Breathing","Searing Blow"],"picked":"SKIP","floor":14},{"not_picked":["Juggernaut","Reaper"],"picked":"Impervious","floor":16},{"not_picked":["Warcry","Battle Trance"],"picked":"Pommel Strike+1","floor":18},{"not_picked":["True Grit+1","Anger","Cleave"],"picked":"SKIP","floor":21},{"not_picked":["Dual Wield","Headbutt+1","Thunderclap+1"],"picked":"SKIP","floor":28},{"not_picked":["Searing Blow","Anger"],"picked":"Evolve","floor":30},{"not_picked":["Clothesline","Searing Blow","Fire Breathing"],"picked":"SKIP","floor":31}],"player_experience":223673,"relics_obtained":[{"floor":6,"key":"Orichalcum"},{"floor":8,"key":"Vajra"},{"floor":9,"key":"Juzu Bracelet"},{"floor":19,"key":"Ginger"},{"floor":19,"key":"Bottled Lightning"},{"floor":29,"key":"Omamori"},{"floor":30,"key":"Red Mask"}],"event_choices":[{"damage_healed":0,"gold_gain":0,"player_choice":"Donut","damage_taken":0,"max_hp_gain":5,"max_hp_loss":0,"event_name":"Big Fish","floor":3,"gold_loss":0},{"damage_healed":0,"gold_gain":0,"player_choice":"Lose Max HP","damage_taken":0,"relics_obtained":["Golden Idol"],"max_hp_gain":0,"max_hp_loss":6,"event_name":"Golden Idol","floor":13,"gold_loss":0},{"damage_healed":0,"gold_gain":0,"player_choice":"Fight","damage_taken":0,"max_hp_gain":0,"max_hp_loss":0,"event_name":"Colosseum","floor":19,"gold_loss":0},{"damage_healed":0,"gold_gain":0,"player_choice":"Fought Nobs","damage_taken":0,"max_hp_gain":0,"max_hp_loss":0,"event_name":"Colosseum","floor":19,"gold_loss":0},{"cards_removed":["Strike_R"],"damage_healed":0,"gold_gain":0,"player_choice":"Elegance","damage_taken":0,"max_hp_gain":0,"max_hp_loss":0,"event_name":"Back to Basics","floor":20,"gold_loss":0},{"damage_healed":0,"gold_gain":99,"player_choice":"Stole From Cult","damage_taken":0,"max_hp_gain":0,"max_hp_loss":0,"event_name":"Nest","floor":22,"gold_loss":0},{"damage_healed":0,"gold_gain":75,"player_choice":"Touch","damage_taken":7,"max_hp_gain":0,"max_hp_loss":0,"event_name":"FaceTrader","floor":27,"gold_loss":0},{"damage_healed":0,"gold_gain":0,"player_choice":"Fought Bandits","damage_taken":0,"max_hp_gain":0,"max_hp_loss":0,"event_name":"Masked Bandits","floor":30,"gold_loss":0}],"is_beta":false,"boss_relics":[{"not_picked":["Orrery","Runic Cube"],"picked":"Sozu"}],"items_purged_floors":[12,24],"is_endless":false,"potions_floor_spawned":[2,4,6,16,18,28,30],"killed_by":"Collector","ascension_level":0}