{"gold_per_floor":[111,111,186,206,206,245,266,266],"floor_reached":8,"playtime":265,"items_purged":[],"score":101,"play_id":"aebaa63c-d85f-4bb8-aa05-e8b2f9f80bb6","local_time":"20190127195129","is_ascension_mode":true,"campfire_choices":[],"neow_cost":"NONE","seed_source_timestamp":251781579614500,"circlet_count":0,"master_deck":["AscendersBane","Strike_B","Strike_B","Strike_B","Defend_B","Defend_B","Defend_B","Defend_B","Zap","Dualcast","Tempest","Coolheaded","Turbo","Go for the Eyes"],"relics":["Cracked Core","Golden Idol","Calipers"],"potions_floor_usage":[6,7],"damage_taken":[{"damage":1,"enemies":"Cultist","floor":1,"turns":4},{"damage":7,"enemies":"Jaw Worm","floor":4,"turns":3},{"damage":37,"enemies":"Gremlin Nob","floor":6,"turns":5},{"damage":0,"enemies":"2 Louse","floor":7,"turns":3},{"damage":16,"enemies":"Exordium Wildlife","floor":8,"turns":2}],"seed_played":"7411674586586688620","potions_obtained":[{"floor":1,"key":"Dexterity Potion"},{"floor":4,"key":"Strength Potion"}],"is_trial":false,"path_per_floor":["M","?","?","M","?","E","M","M"],"character_chosen":"DEFECT","items_purchased":[],"campfire_rested":0,"item_purchase_floors":[],"current_hp_per_floor":[70,70,59,52,45,8,8,0],"gold":266,"neow_bonus":"TEN_PERCENT_HP_BONUS","is_prod":false,"is_daily":false,"chose_seed":false,"campfire_upgraded":0,"win_rate":0,"timestamp":1548647489,"path_taken":["M","?","?","M","?","E","?","M"],"build_version":"2019-01-23","purchased_purges":0,"victory":false,"max_hp_per_floor":[78,71,71,71,71,71,71,71],"card_choices":[{"not_picked":["Hello World","Gash"],"picked":"Tempest","floor":1},{"not_picked":["Leap","Streamline"],"picked":"Coolheaded","floor":4},{"not_picked":["Coolheaded","Compile Driver"],"picked":"Turbo","floor":6},{"not_picked":["Steam","Gash"],"picked":"Go for the Eyes","floor":7}],"player_experience":1209456,"relics_obtained":[{"floor":6,"key":"Calipers"}],"event_choices":[{"damage_healed":0,"gold_gain":0,"player_choice":"Lose Max HP","damage_taken":0,"relics_obtained":["Golden Idol"],"max_hp_gain":0,"max_hp_loss":7,"event_name":"Golden Idol","floor":2,"gold_loss":0},{"damage_healed":0,"gold_gain":75,"player_choice":"Gather Gold","damage_taken":11,"max_hp_gain":0,"max_hp_loss":0,"event_name":"World of Goop","floor":3,"gold_loss":0},{"cards_removed":["Strike_B"],"damage_healed":0,"gold_gain":0,"player_choice":"Card Removal","damage_taken":7,"max_hp_gain":0,"max_hp_loss":0,"event_name":"Golden Wing","floor":5,"gold_loss":0}],"is_beta":false,"boss_relics":[],"items_purged_floors":[],"is_endless":false,"potions_floor_spawned":[1,4],"killed_by":"Exordium Wildlife","ascension_level":16}