{"gold_per_floor":[111,61,61,74,41,72,72,72,72,72,105,105,105,119,119,214,214,234,246,256,5,5],"floor_reached":22,"playtime":972,"items_purged":[],"score":259,"play_id":"0b8aaac8-6a62-42d9-89f2-91e29685f1c8","local_time":"20190209201710","is_ascension_mode":true,"campfire_choices":[{"floor":7,"key":"REST"},{"data":"Clothesline","floor":8,"key":"SMITH"},{"data":"Bash","floor":10,"key":"SMITH"},{"floor":13,"key":"REST"},{"data":"Inflame","floor":15,"key":"SMITH"}],"neow_cost":"PERCENT_DAMAGE","seed_source_timestamp":91072639129006,"circlet_count":0,"master_deck":["Strike_R","Strike_R","Strike_R","Defend_R","Defend_R","Defend_R","Defend_R","Bash+1","Anger","Clothesline+1","Evolve","Shrug It Off","Inflame+1","Barricade","True Grit+1","Armaments","Sword Boomerang"],"relics":["Burning Blood","WingedGreaves","Smiling Mask","Matryoshka","Art of War","Oddly Smooth Stone","Dodecahedron","Philosopher\u0027s Stone","Kunai"],"potions_floor_usage":[16,19,19,20],"damage_taken":[{"damage":1,"enemies":"Cultist","floor":1,"turns":4},{"damage":0,"enemies":"Small Slimes","floor":4,"turns":4},{"damage":40,"enemies":"3 Sentries","floor":6,"turns":7},{"damage":32,"enemies":"Lagavulin","floor":11,"turns":6},{"damage":3,"enemies":"Jaw Worm","floor":14,"turns":2},{"damage":10,"enemies":"The Guardian","floor":16,"turns":10},{"damage":26,"enemies":"Spheric Guardian","floor":18,"turns":5},{"damage":36,"enemies":"Shell Parasite","floor":19,"turns":8},{"damage":18,"enemies":"Centurion and Healer","floor":20,"turns":9},{"damage":13,"enemies":"Chosen and Byrds","floor":22,"turns":1}],"seed_played":"2378106587245936182","potions_obtained":[{"floor":6,"key":"Fire Potion"},{"floor":11,"key":"Weak Potion"},{"floor":16,"key":"Poison Potion"},{"floor":18,"key":"Poison Potion"}],"is_trial":false,"path_per_floor":["M","?","?","M","$","E","R","R","T","R","E","?","R","M","R","B",null,"M","M","M","$","M"],"character_chosen":"IRONCLAD","items_purchased":["Evolve","Kunai"],"campfire_rested":2,"item_purchase_floors":[5,21],"current_hp_per_floor":[56,56,44,50,50,16,40,40,40,40,14,14,38,41,41,37,69,49,19,7,7,0],"gold":5,"neow_bonus":"ONE_RARE_RELIC","is_prod":false,"is_daily":false,"chose_seed":false,"campfire_upgraded":3,"win_rate":0,"timestamp":1549711030,"path_taken":["M","?","?","?","$","E","R","R","T","R","E","?","R","M","R","BOSS","M","M","?","$","M"],"build_version":"2019-01-23","purchased_purges":0,"victory":false,"max_hp_per_floor":[80,80,80,80,80,80,80,80,80,80,80,80,80,80,80,80,80,80,80,80,80,80],"card_choices":[{"not_picked":["Sword Boomerang","Power Through"],"picked":"Anger","floor":1},{"not_picked":["Combust","Entrench"],"picked":"Clothesline","floor":4},{"not_picked":["Wild Strike","Twin Strike","Clash"],"picked":"SKIP","floor":6},{"not_picked":["Twin Strike","Cleave"],"picked":"Shrug It Off","floor":11},{"not_picked":["Blood for Blood","Whirlwind"],"picked":"Inflame","floor":14},{"not_picked":["Offering","Feed"],"picked":"Barricade","floor":16},{"not_picked":["Heavy Blade","Perfected Strike"],"picked":"True Grit+1","floor":18},{"not_picked":["Spot Weakness","Thunderclap+1"],"picked":"Armaments","floor":19},{"not_picked":["Rupture","Warcry+1"],"picked":"Sword Boomerang","floor":20}],"player_experience":846657,"relics_obtained":[{"floor":6,"key":"Matryoshka"},{"floor":9,"key":"Art of War"},{"floor":9,"key":"Oddly Smooth Stone"},{"floor":11,"key":"Dodecahedron"}],"event_choices":[{"cards_removed":["Strike_R"],"damage_healed":0,"gold_gain":0,"player_choice":"Card Removal","damage_taken":0,"max_hp_gain":0,"max_hp_loss":0,"event_name":"The Cleric","floor":2,"gold_loss":50},{"damage_healed":0,"gold_gain":0,"player_choice":"Success","damage_taken":12,"relics_obtained":["Smiling Mask"],"max_hp_gain":0,"max_hp_loss":0,"event_name":"Scrap Ooze","floor":3,"gold_loss":0},{"cards_removed":["Strike_R"],"damage_healed":0,"gold_gain":0,"player_choice":"Offered Basic","damage_taken":0,"max_hp_gain":0,"max_hp_loss":0,"event_name":"Bonfire Elementals","floor":12,"gold_loss":0}],"is_beta":false,"boss_relics":[{"not_picked":["Eternal Feather","Velvet Choker"],"picked":"Philosopher\u0027s Stone"}],"items_purged_floors":[],"is_endless":false,"potions_floor_spawned":[6,11,16,18],"killed_by":"Chosen and Byrds","ascension_level":7}