{"gold_per_floor":[119,119,136,136,16,45,59,87,166,199,199,217,217,251,251,349,399,414,268,285,302,313,313,333,333,333,333,343,368,368,368,368,471,471,489,489,505,505,519,519,537,537,564,1,1,20,20,30,30,30],"floor_reached":50,"playtime":4821,"items_purged":["Strike_R","Strike_R"],"score":672,"play_id":"97ece720-e344-47bb-bf43-23ed26a7f4b1","local_time":"20190124103518","is_ascension_mode":true,"campfire_choices":[{"data":"Clothesline","floor":11,"key":"SMITH"},{"data":"Warcry","floor":13,"key":"SMITH"},{"data":"Flex","floor":15,"key":"SMITH"},{"floor":23,"key":"REST"},{"floor":25,"key":"REST"},{"data":"Inflame","floor":27,"key":"SMITH"},{"data":"1","floor":30,"key":"LIFT"},{"data":"2","floor":32,"key":"LIFT"},{"floor":40,"key":"REST"},{"data":"Limit Break","floor":45,"key":"SMITH"},{"floor":49,"key":"REST"}],"neow_cost":"NONE","seed_source_timestamp":123550658454800,"circlet_count":0,"master_deck":["Strike_R","Strike_R","Defend_R","Defend_R+1","Defend_R","Defend_R","Bash","Thunderclap","Twin Strike","Flex+1","Iron Wave","Havoc","Warcry+1","Clothesline+1","Brutality","Inflame+1","Shockwave","Shrug It Off+1","Armaments+1","Limit Break+1","Iron Wave+1","Demon Form","True Grit+1","Thunderclap+1","Ghostly Armor","Flame Barrier"],"relics":["Burning Blood","NeowsBlessing","StoneCalendar","Oddly Smooth Stone","Omamori","Self Forming Clay","Calipers","Matryoshka","Tiny House","Juzu Bracelet","Gremlin Horn","Girya","Mark of Pain","Bronze Scales","Lantern","Bag of Preparation","Bottled Tornado"],"potions_floor_usage":[8,10,10,14,16,20,24,24,28,33,46,46,48],"damage_taken":[{"damage":0,"enemies":"2 Louse","floor":1,"turns":1},{"damage":0,"enemies":"Jaw Worm","floor":3,"turns":1},{"damage":0,"enemies":"Lagavulin","floor":6,"turns":1},{"damage":0,"enemies":"Cultist","floor":7,"turns":3},{"damage":28,"enemies":"3 Sentries","floor":8,"turns":7},{"damage":10,"enemies":"Gremlin Nob","floor":10,"turns":3},{"damage":4,"enemies":"2 Fungi Beasts","floor":12,"turns":4},{"damage":20,"enemies":"Lagavulin","floor":14,"turns":6},{"damage":16,"enemies":"Slime Boss","floor":16,"turns":7},{"damage":28,"enemies":"Spheric Guardian","floor":18,"turns":4},{"damage":6,"enemies":"3 Byrds","floor":20,"turns":6},{"damage":13,"enemies":"Snecko","floor":21,"turns":5},{"damage":22,"enemies":"Centurion and Healer","floor":22,"turns":7},{"damage":27,"enemies":"Sentry and Sphere","floor":24,"turns":6},{"damage":20,"enemies":"3 Cultists","floor":28,"turns":5},{"damage":15,"enemies":"Gremlin Leader","floor":29,"turns":7},{"damage":56,"enemies":"Collector","floor":33,"turns":9},{"damage":22,"enemies":"3 Darklings","floor":35,"turns":5},{"damage":12,"enemies":"3 Shapes","floor":37,"turns":4},{"damage":38,"enemies":"Transient","floor":39,"turns":5},{"damage":23,"enemies":"Jaw Worm Horde","floor":41,"turns":5},{"damage":14,"enemies":"Sphere and 2 Shapes","floor":46,"turns":5},{"damage":25,"enemies":"Spire Growth","floor":48,"turns":4},{"damage":38,"enemies":"Donu and Deca","floor":50,"turns":4}],"seed_played":"-123262039968200897","potions_obtained":[{"floor":6,"key":"PowerPotion"},{"floor":8,"key":"Fire Potion"},{"floor":10,"key":"EssenceOfSteel"},{"floor":12,"key":"Weak Potion"},{"floor":16,"key":"AttackPotion"},{"floor":17,"key":"SpeedPotion"},{"floor":20,"key":"Strength Potion"},{"floor":22,"key":"Block Potion"},{"floor":28,"key":"FairyPotion"},{"floor":29,"key":"Weak Potion"},{"floor":39,"key":"Ancient Potion"},{"floor":41,"key":"LiquidBronze"},{"floor":46,"key":"FearPotion"}],"is_trial":false,"path_per_floor":["M","?","M","?","$","E","M","E","T","E","R","M","R","E","R","B",null,"M","$","M","M","M","R","M","R","T","R","M","E","R","?","R","B",null,"M","?","M","?","M","R","M","?","T","$","R","M","?","M","R","B"],"character_chosen":"IRONCLAD","items_purchased":["FearPotion","Flex","Iron Wave","Inflame","Bag of Preparation","Bottled Tornado","Weak Potion"],"campfire_rested":4,"item_purchase_floors":[5,5,5,19,44,44,44],"current_hp_per_floor":[78,75,80,72,72,78,80,58,58,54,54,56,56,42,42,32,73,51,51,51,44,28,53,32,57,57,57,43,34,34,62,62,12,67,51,51,45,45,13,37,20,20,20,20,20,12,12,14,38,0],"gold":30,"neow_bonus":"THREE_ENEMY_KILL","is_prod":false,"is_daily":false,"chose_seed":false,"campfire_upgraded":5,"win_rate":0,"timestamp":1548322518,"path_taken":["M","?","M","?","$","E","M","E","T","E","R","?","R","E","R","BOSS","M","$","M","M","M","R","M","R","T","R","M","E","R","?","R","BOSS","M","?","M","?","M","R","M","?","T","$","R","M","?","M","R","BOSS"],"build_version":"2019-01-23","purchased_purges":2,"victory":false,"max_hp_per_floor":[80,80,80,80,80,80,80,80,80,80,80,80,80,80,80,80,85,85,85,85,85,85,85,85,85,85,85,85,85,85,85,85,85,85,85,85,85,81,81,81,81,81,81,81,81,81,81,81,81,81],"card_choices":[{"not_picked":["Armaments","Perfected Strike"],"picked":"Thunderclap","floor":1},{"not_picked":["Flex","Iron Wave"],"picked":"Twin Strike","floor":3},{"not_picked":["Brutality","Cleave"],"picked":"Havoc","floor":6},{"not_picked":["Cleave","Sword Boomerang"],"picked":"Warcry","floor":7},{"not_picked":["Sword Boomerang","Berserk","Body Slam"],"picked":"SKIP","floor":8},{"not_picked":["Sever Soul","Double Tap"],"picked":"Clothesline","floor":10},{"not_picked":["Anger","Iron Wave","Second Wind"],"picked":"SKIP","floor":12},{"not_picked":["Wild Strike","Body Slam","Bloodletting"],"picked":"SKIP","floor":14},{"not_picked":["Barricade","Bludgeon"],"picked":"Brutality","floor":16},{"not_picked":["Armaments","Iron Wave","Headbutt"],"picked":"SKIP","floor":18},{"not_picked":["Dual Wield","Cleave+1"],"picked":"Shockwave","floor":20},{"not_picked":["Cleave","Clash+1"],"picked":"Shrug It Off+1","floor":21},{"not_picked":["Clothesline+1","Immolate","Twin Strike"],"picked":"SKIP","floor":22},{"not_picked":["Body Slam","Wild Strike"],"picked":"Armaments+1","floor":24},{"not_picked":["Sever Soul","Cleave"],"picked":"Limit Break","floor":28},{"not_picked":["Sword Boomerang","Clash+1"],"picked":"Iron Wave+1","floor":29},{"not_picked":["Immolate","Fiend Fire"],"picked":"Demon Form","floor":33},{"not_picked":["Searing Blow+1","Warcry"],"picked":"True Grit+1","floor":35},{"not_picked":["Clothesline","Seeing Red"],"picked":"Thunderclap+1","floor":37},{"not_picked":["Second Wind+1","Clothesline+1","Thunderclap"],"picked":"SKIP","floor":39},{"not_picked":["Anger+1","Sword Boomerang+1"],"picked":"Ghostly Armor","floor":41},{"not_picked":["Body Slam","Sword Boomerang+1","Double Tap"],"picked":"SKIP","floor":46},{"not_picked":["Anger+1","Uppercut"],"picked":"Flame Barrier","floor":48}],"player_experience":41566,"relics_obtained":[{"floor":6,"key":"Oddly Smooth Stone"},{"floor":8,"key":"Omamori"},{"floor":9,"key":"Self Forming Clay"},{"floor":10,"key":"Calipers"},{"floor":14,"key":"Matryoshka"},{"floor":26,"key":"Juzu Bracelet"},{"floor":26,"key":"Gremlin Horn"},{"floor":29,"key":"Girya"},{"floor":43,"key":"Bronze Scales"},{"floor":43,"key":"Lantern"}],"event_choices":[{"damage_healed":0,"gold_gain":0,"player_choice":"Success","damage_taken":3,"relics_obtained":["StoneCalendar"],"max_hp_gain":0,"max_hp_loss":0,"event_name":"Scrap Ooze","floor":2,"gold_loss":0},{"damage_healed":0,"gold_gain":0,"player_choice":"Damaged","damage_taken":8,"max_hp_gain":0,"max_hp_loss":0,"event_name":"Wheel of Change","floor":4,"gold_loss":0},{"damage_healed":28,"gold_gain":0,"player_choice":"Heal","damage_taken":0,"max_hp_gain":0,"max_hp_loss":0,"event_name":"The Library","floor":31,"gold_loss":0},{"damage_healed":0,"gold_gain":0,"player_choice":"Leave","damage_taken":0,"max_hp_gain":0,"max_hp_loss":0,"event_name":"FaceTrader","floor":36,"gold_loss":0},{"damage_healed":0,"gold_gain":0,"player_choice":"Max HP","damage_taken":0,"max_hp_gain":0,"max_hp_loss":4,"event_name":"Winding Halls","floor":38,"gold_loss":0},{"damage_healed":0,"gold_gain":0,"player_choice":"Ignored","damage_taken":0,"max_hp_gain":0,"max_hp_loss":0,"event_name":"Tomb of Lord Red Mask","floor":42,"gold_loss":0},{"cards_removed":["Strike_R"],"damage_healed":0,"gold_gain":0,"player_choice":"Purged","damage_taken":0,"max_hp_gain":0,"max_hp_loss":0,"event_name":"Purifier","floor":47,"gold_loss":0}],"is_beta":false,"boss_relics":[{"not_picked":["Lizard Tail","White Beast Statue"],"picked":"Tiny House"},{"not_picked":["Fusion Hammer","Sozu"],"picked":"Mark of Pain"}],"items_purged_floors":[19,44],"is_endless":false,"potions_floor_spawned":[6,8,10,12,16,20,22,28,29,39,41,46],"killed_by":"Donu and Deca","ascension_level":6}