{"gold_per_floor":[110,124,2,13,13,13,30,30,30,3,3,33],"floor_reached":12,"playtime":408,"items_purged":["Strike_R"],"score":82,"play_id":"ef9a07ff-9cb0-4318-8283-6c33362d1bcf","local_time":"20190210211218","is_ascension_mode":true,"campfire_choices":[{"data":"Bash","floor":6,"key":"SMITH"},{"data":"Dual Wield","floor":8,"key":"SMITH"},{"data":"Disarm","floor":11,"key":"SMITH"}],"neow_cost":"NONE","seed_source_timestamp":1222019958161198,"circlet_count":0,"master_deck":["Strike_R","Strike_R","Strike_R","Defend_R","Defend_R","Defend_R","Defend_R","Bash+1","Shrug It Off","Disarm+1","Dual Wield+1","Shrug It Off"],"special_seed":0,"relics":["Burning Blood","Kunai","Gremlin Horn"],"potions_floor_usage":[12],"damage_taken":[{"damage":12.0,"enemies":"Jaw Worm","floor":1.0,"turns":5.0},{"damage":1.0,"enemies":"Cultist","floor":2.0,"turns":3.0},{"damage":5,"enemies":"2 Louse","floor":4,"turns":3},{"damage":8,"enemies":"Looter","floor":7,"turns":3},{"damage":64,"enemies":"3 Sentries","floor":12,"turns":13}],"seed_played":"8702126432202550391","potions_obtained":[{"floor":1.0,"key":"AttackPotion"},{"floor":2.0,"key":"PowerPotion"},{"floor":7,"key":"Swift Potion"}],"is_trial":false,"path_per_floor":["M","M","$","M","?","R","M","R","T","$","R","E"],"character_chosen":"IRONCLAD","items_purchased":["Shrug It Off","Shrug It Off"],"campfire_rested":0,"item_purchase_floors":[3,10],"current_hp_per_floor":[82,87,87,88,88,88,86,86,86,86,86,28],"gold":33,"neow_bonus":"TEN_PERCENT_HP_BONUS","is_prod":false,"is_daily":false,"chose_seed":false,"campfire_upgraded":3,"win_rate":0,"timestamp":1549829538,"path_taken":["M","M","$","M","?","R","?","R","T","$","R","E"],"build_version":"2019-01-23","purchased_purges":1,"victory":false,"max_hp_per_floor":[88,88,88,88,88,88,88,88,88,88,88,88],"card_choices":[{"not_picked":["Blood for Blood","Second Wind","Wild Strike"],"picked":"SKIP","floor":1.0},{"not_picked":["Corruption","Warcry","Iron Wave"],"picked":"SKIP","floor":2.0},{"not_picked":["Perfected Strike","Blood for Blood","Havoc"],"picked":"SKIP","floor":4},{"not_picked":["Pummel","Searing Blow"],"picked":"Dual Wield","floor":7},{"not_picked":["Sword Boomerang","Perfected Strike","Clothesline"],"picked":"SKIP","floor":12}],"player_experience":52018,"relics_obtained":[{"floor":9,"key":"Kunai"},{"floor":12,"key":"Gremlin Horn"}],"event_choices":[{"damage_healed":0,"gold_gain":0,"cards_transformed":["Strike_R"],"player_choice":"Transformed","damage_taken":0,"max_hp_gain":0,"max_hp_loss":0,"event_name":"Transmorgrifier","floor":5,"gold_loss":0,"cards_obtained":["Disarm"]}],"is_beta":false,"boss_relics":[],"items_purged_floors":[3],"is_endless":false,"potions_floor_spawned":[1,2,7],"killed_by":"3 Sentries","ascension_level":1}