{"gold_per_floor":[116,127,127,49,49,93,93,127,180,180,180,204,204,220,220,346,346,366,384,384,398,169,169,192,192,238,5,5,5,104,122,122,242,242,262,10,25,25,25,25,39,39,63,63,88,88,112,35,35,35],"floor_reached":51,"playtime":1628,"items_purged":["Defend_B","Defend_B"],"score":703,"play_id":"6ad16a90-848e-4f54-b6fc-42daea78c5fd","local_time":"20190109183433","is_ascension_mode":false,"campfire_choices":[{"data":"Chaos","floor":7.0,"key":"SMITH"},{"data":"Sunder","floor":10.0,"key":"SMITH"},{"data":"Zap","floor":15.0,"key":"SMITH"},{"data":"Defragment","floor":23.0,"key":"SMITH"},{"data":"Rainbow","floor":25.0,"key":"SMITH"},{"data":"Apotheosis","floor":28.0,"key":"SMITH"},{"floor":32.0,"key":"REST"},{"data":"Seek","floor":40.0,"key":"SMITH"},{"data":"Capacitor","floor":42.0,"key":"SMITH"},{"data":"Go for the Eyes","floor":46.0,"key":"SMITH"},{"floor":49.0,"key":"REST"}],"neow_cost":"NONE","seed_source_timestamp":0,"circlet_count":0,"master_deck":["Strike_B","Strike_B","Defend_B","Defend_B","Zap+1","Dualcast+1","Chill","Capacitor+1","Chaos+1","Sunder+1","Go for the Eyes+1","Seek+1","Rainbow+1","Conserve Battery","Defragment+1","Undo","Conserve Battery","Hologram+1","Apotheosis+1","Glacier","Ball Lightning","Glacier+1","Blizzard"],"special_seed":0,"relics":["Cracked Core","Golden Idol","Strawberry","Boot","Omamori","Emotion Chip","Cursed Key","Pen Nib","Empty Cage","Lantern","Regal Pillow"],"potions_floor_usage":[],"damage_taken":[{"damage":1.0,"enemies":"Cultist","floor":1.0,"turns":4.0},{"damage":1.0,"enemies":"2 Louse","floor":2.0,"turns":3.0},{"damage":17.0,"enemies":"3 Sentries","floor":6.0,"turns":10.0},{"damage":13.0,"enemies":"Lagavulin","floor":8.0,"turns":8.0},{"damage":1.0,"enemies":"Small Slimes","floor":12.0,"turns":3.0},{"damage":0.0,"enemies":"3 Louse","floor":14.0,"turns":3.0},{"damage":17.0,"enemies":"Hexaghost","floor":16.0,"turns":7.0},{"damage":2.0,"enemies":"Shell Parasite","floor":18.0,"turns":5.0},{"damage":0.0,"enemies":"2 Thieves","floor":19.0,"turns":4.0},{"damage":16.0,"enemies":"Centurion and Healer","floor":21.0,"turns":7.0},{"damage":6.0,"enemies":"Snake Plant","floor":24.0,"turns":4.0},{"damage":7.0,"enemies":"Cultist and Chosen","floor":31.0,"turns":6.0},{"damage":0.0,"enemies":"Automaton","floor":33.0,"turns":10.0},{"damage":0.0,"enemies":"3 Shapes","floor":35.0,"turns":4.0},{"damage":0.0,"enemies":"3 Darklings","floor":37.0,"turns":5.0},{"damage":2.0,"enemies":"Maw","floor":41.0,"turns":9.0},{"damage":2.0,"enemies":"4 Shapes","floor":45.0,"turns":6.0},{"damage":7.0,"enemies":"Spire Growth","floor":47.0,"turns":5.0},{"damage":10.0,"enemies":"Time Eater","floor":50.0,"turns":13.0}],"seed_played":"-1155887141625264263","potions_obtained":[{"floor":1.0,"key":"Block Potion"},{"floor":2.0,"key":"LiquidBronze"},{"floor":8.0,"key":"SpeedPotion"},{"floor":19.0,"key":"Swift Potion"},{"floor":31.0,"key":"SteroidPotion"},{"floor":33.0,"key":"FearPotion"}],"is_trial":false,"path_per_floor":["M","M","?","$","?","E","R","E","T","R","?","M","?","M","R","B",null,"M","M","?","M","$","R","M","R","T","$","R","$","?","M","R","B",null,"M","$","M","?","?","R","M","R","T","T","M","R","M","$","R","B",null],"character_chosen":"DEFECT","items_purchased":["Capacitor","Defragment","Undo","Conserve Battery","Apotheosis","Glacier","Lantern","Blizzard"],"campfire_rested":2,"item_purchase_floors":[4,22,22,22,27,27,36,48],"current_hp_per_floor":[81,80,80,80,60,50,50,37,37,37,19,18,18,18,18,1,89,87,87,87,71,71,71,65,65,65,65,65,65,65,58,84,84,89,89,89,89,89,85,85,83,83,83,83,81,81,74,74,85,75],"gold":35,"neow_bonus":"TEN_PERCENT_HP_BONUS","is_prod":false,"is_daily":false,"chose_seed":false,"campfire_upgraded":9,"win_rate":0,"timestamp":1547058873,"path_taken":["M","?","?","$","?","E","R","E","T","R","?","M","?","M","R","BOSS","M","?","?","M","$","R","M","R","T","$","R","?","?","M","R","BOSS","M","$","M","?","?","R","M","R","T","?","M","R","M","$","R","BOSS"],"build_version":"2019-01-03v4","purchased_purges":2,"victory":true,"max_hp_per_floor":[82,82,82,82,82,89,89,89,89,89,89,89,89,89,89,89,89,89,89,89,89,89,89,89,89,89,89,89,89,89,89,89,89,89,89,89,89,89,85,85,85,85,85,85,85,85,85,85,85,85],"card_choices":[{"not_picked":["Stack","Rebound"],"picked":"Chill","floor":1.0},{"not_picked":["Leap","Steam","Sweeping Beam"],"picked":"SKIP","floor":2.0},{"not_picked":["Hello World","Turbo"],"picked":"Chaos","floor":6.0},{"not_picked":["Leap","Hologram"],"picked":"Sunder","floor":8.0},{"not_picked":["Scrape","FTL"],"picked":"Go for the Eyes","floor":12.0},{"not_picked":["Doom and Gloom","Gash"],"picked":"Seek","floor":14.0},{"not_picked":["Amplify","Creative AI"],"picked":"Rainbow","floor":16.0},{"not_picked":["Gash","Consume","Steam"],"picked":"SKIP","floor":18.0},{"not_picked":["Steam","Scrape+1","Compile Driver"],"picked":"SKIP","floor":19.0},{"not_picked":["Rebound","Turbo"],"picked":"Conserve Battery","floor":21.0},{"not_picked":["Cold Snap","Sweeping Beam"],"picked":"Hologram+1","floor":24.0},{"not_picked":["Reinforced Body","Barrage"],"picked":"Ball Lightning","floor":31.0},{"not_picked":["Hologram","Cold Snap+1"],"picked":"Glacier+1","floor":35.0},{"not_picked":["Redo","Tempest+1","Genetic Algorithm+1"],"picked":"SKIP","floor":37.0},{"not_picked":["Tempest+1","All For One","Hologram+1"],"picked":"SKIP","floor":41.0},{"not_picked":["Tempest+1","Rebound","Hologram"],"picked":"SKIP","floor":45.0},{"not_picked":["Redo","Rebound","Streamline+1"],"picked":"SKIP","floor":47.0}],"player_experience":955722,"relics_obtained":[{"floor":6.0,"key":"Strawberry"},{"floor":8.0,"key":"Boot"},{"floor":9.0,"key":"Omamori"},{"floor":26.0,"key":"Pen Nib"},{"floor":43.0,"key":"Regal Pillow"}],"event_choices":[{"damage_healed":0.0,"max_hp_gain":0.0,"max_hp_loss":0.0,"gold_gain":0.0,"event_name":"Living Wall","player_choice":"Grow","floor":3.0,"gold_loss":0.0,"damage_taken":0.0,"cards_upgraded":["Dualcast"]},{"damage_healed":0.0,"max_hp_gain":0.0,"max_hp_loss":0.0,"gold_gain":0.0,"event_name":"Golden Idol","player_choice":"Take Damage","floor":5.0,"gold_loss":0.0,"damage_taken":20.0,"relics_obtained":["Golden Idol"]},{"damage_healed":0.0,"max_hp_gain":0.0,"max_hp_loss":0.0,"gold_gain":0.0,"event_name":"Scrap Ooze","player_choice":"Success","floor":11.0,"gold_loss":0.0,"damage_taken":18.0,"relics_obtained":["Emotion Chip"]},{"damage_healed":0.0,"max_hp_gain":0.0,"max_hp_loss":0.0,"gold_gain":0.0,"event_name":"The Woman in Blue","player_choice":"Bought 0 Potions","floor":13.0,"gold_loss":0.0,"damage_taken":0.0},{"damage_healed":0.0,"max_hp_gain":0.0,"max_hp_loss":0.0,"gold_gain":0.0,"event_name":"Vampires","player_choice":"Ignored","floor":20.0,"gold_loss":0.0,"damage_taken":0.0},{"damage_healed":0.0,"max_hp_gain":0.0,"max_hp_loss":0.0,"gold_gain":99.0,"event_name":"Nest","player_choice":"Stole From Cult","floor":30.0,"gold_loss":0.0,"damage_taken":0.0},{"damage_healed":0.0,"max_hp_gain":0.0,"max_hp_loss":0.0,"gold_gain":0.0,"event_name":"Mysterious Sphere","player_choice":"Ignored","floor":38.0,"gold_loss":0.0,"damage_taken":0.0},{"damage_healed":0.0,"max_hp_gain":0.0,"max_hp_loss":4.0,"gold_gain":0.0,"event_name":"Winding Halls","player_choice":"Max HP","floor":39.0,"gold_loss":0.0,"damage_taken":0.0}],"is_beta":false,"boss_relics":[{"not_picked":["Ectoplasm","Fusion Hammer"],"picked":"Cursed Key"},{"not_picked":["Philosopher\u0027s Stone","FrozenCore"],"picked":"Empty Cage"}],"items_purged_floors":[22,36],"is_endless":false,"potions_floor_spawned":[1,2,8,19,31,33,41],"ascension_level":0}