{"gold_per_floor":[118,118,128,145,159,159,174,99,99,111,124,135,135,155,155,155],"floor_reached":16,"playtime":1040,"items_purged":["Strike_G"],"score":167,"play_id":"e1c60e05-10a0-40c8-b746-0296858134ad","local_time":"20181124150235","is_ascension_mode":true,"campfire_choices":[{"data":"Crippling Poison","floor":6,"key":"SMITH"},{"data":"Deadly Poison","floor":13,"key":"SMITH"},{"data":"Expertise","floor":15,"key":"SMITH"}],"neow_cost":"TEN_PERCENT_HP_LOSS","seed_source_timestamp":345552818529876,"circlet_count":0,"master_deck":["AscendersBane","Defend_G","Defend_G","Defend_G","Defend_G","Defend_G","Strike_G","Strike_G","Strike_G","Strike_G","Survivor","Neutralize+1","Masterful Stab","Expertise+1","Deflect","Crippling Poison+1","Backflip","Deadly Poison+1","Prepared"],"relics":["Ring of the Snake","Incense Burner","Boot"],"potions_floor_usage":[16,16],"damage_taken":[{"damage":1,"enemies":"Small Slimes","floor":1,"turns":4},{"damage":0,"enemies":"Cultist","floor":3,"turns":4},{"damage":0,"enemies":"Jaw Worm","floor":4,"turns":7},{"damage":0,"enemies":"Blue Slaver","floor":5,"turns":4},{"damage":0,"enemies":"Exordium Thugs","floor":7,"turns":5},{"damage":2,"enemies":"Exordium Wildlife","floor":10,"turns":5},{"damage":1,"enemies":"Looter","floor":11,"turns":4},{"damage":15,"enemies":"Lots of Slimes","floor":12,"turns":3},{"damage":11,"enemies":"Red Slaver","floor":14,"turns":5},{"damage":32,"enemies":"Slime Boss","floor":16,"turns":10}],"seed_played":"-2660102532263381299","potions_obtained":[{"floor":3,"key":"GhostInAJar"},{"floor":4,"key":"GhostInAJar"}],"is_trial":false,"path_per_floor":["M","?","M","M","M","R","M","$","T","M","M","M","R","M","R","B"],"character_chosen":"THE_SILENT","items_purchased":[],"campfire_rested":0,"item_purchase_floors":[],"current_hp_per_floor":[58,58,58,58,58,58,58,58,58,56,55,40,40,29,29,0],"gold":155,"neow_bonus":"ONE_RARE_RELIC","is_prod":false,"is_daily":false,"chose_seed":false,"campfire_upgraded":3,"win_rate":0,"timestamp":1543100555,"path_taken":["M","?","M","M","M","R","?","$","T","M","M","M","R","M","R","BOSS"],"build_version":"2018-11-15","purchased_purges":1,"victory":false,"max_hp_per_floor":[60,60,60,60,60,60,60,60,60,60,60,60,60,60,60,60],"card_choices":[{"not_picked":["PiercingWail","Blade Dance"],"picked":"Masterful Stab","floor":1},{"not_picked":["Dagger Spray","PiercingWail"],"picked":"Expertise","floor":3},{"not_picked":["PiercingWail","Expertise"],"picked":"Deflect","floor":4},{"not_picked":["PiercingWail","Setup"],"picked":"Crippling Poison","floor":5},{"not_picked":["Bane","Accuracy"],"picked":"Backflip","floor":7},{"not_picked":["Poisoned Stab","Backflip","Crippling Poison"],"picked":"SKIP","floor":10},{"not_picked":["Dagger Spray","Crippling Poison"],"picked":"Deadly Poison","floor":11},{"not_picked":["Bane","Terror","Flechettes"],"picked":"SKIP","floor":12},{"not_picked":["Flying Knee","Finisher"],"picked":"Prepared","floor":14}],"player_experience":142432,"relics_obtained":[{"floor":9,"key":"Boot"}],"event_choices":[{"damage_healed":0,"gold_gain":0,"player_choice":"Upgraded","damage_taken":0,"max_hp_gain":0,"max_hp_loss":0,"event_name":"Upgrade Shrine","floor":2,"gold_loss":0,"cards_upgraded":["Neutralize"]}],"is_beta":false,"boss_relics":[],"items_purged_floors":[8],"is_endless":false,"potions_floor_spawned":[3,4,5,11,14],"killed_by":"Slime Boss","ascension_level":14}