{"gold_per_floor":[112,112,112,126,141,141,173,173,173,205,218,87,87],"floor_reached":13,"playtime":378,"items_purged":["Strike_B"],"score":172,"play_id":"8954a1db-69f4-48c4-a92a-e0bc52c7ebe4","local_time":"20190203232813","is_ascension_mode":true,"campfire_choices":[{"data":"Zap","floor":6,"key":"SMITH"},{"data":"Hologram","floor":8,"key":"SMITH"}],"neow_cost":"NONE","seed_source_timestamp":869481028136100,"circlet_count":0,"master_deck":["AscendersBane","Strike_B","Strike_B","Defend_B","Defend_B","Defend_B","Defend_B","Zap+1","Dualcast","Go for the Eyes","Doom and Gloom","Hologram+1","Seek","Ball Lightning"],"relics":["Cracked Core","Ornamental Fan","Omamori","Singing Bowl"],"potions_floor_usage":[11],"damage_taken":[{"damage":9,"enemies":"2 Louse","floor":1,"turns":3},{"damage":2,"enemies":"Jaw Worm","floor":4,"turns":4},{"damage":0,"enemies":"Cultist","floor":5,"turns":4},{"damage":21,"enemies":"Gremlin Nob","floor":7,"turns":4},{"damage":30,"enemies":"Lagavulin","floor":10,"turns":6},{"damage":7,"enemies":"Exordium Wildlife","floor":11,"turns":2},{"damage":7,"enemies":"Gremlin Nob","floor":13,"turns":3}],"seed_played":"-4377938465731075571","potions_obtained":[{"floor":4,"key":"Ancient Potion"},{"floor":10,"key":"FocusPotion"}],"is_trial":false,"path_per_floor":["M","?","?","M","M","R","E","R","T","E","M","$","E"],"character_chosen":"DEFECT","items_purchased":["Ball Lightning"],"campfire_rested":0,"item_purchase_floors":[12],"current_hp_per_floor":[62,62,62,60,60,60,39,39,39,9,4,4,0],"gold":87,"neow_bonus":"TEN_PERCENT_HP_BONUS","is_prod":false,"is_daily":false,"chose_seed":false,"campfire_upgraded":2,"win_rate":0,"timestamp":1549265293,"path_taken":["M","?","?","M","?","R","E","R","T","E","M","$","E"],"build_version":"2019-01-23","purchased_purges":1,"victory":false,"max_hp_per_floor":[78,78,78,78,78,78,78,78,78,78,80,80,80],"card_choices":[{"not_picked":["Barrage","Steam"],"picked":"Go for the Eyes","floor":1},{"not_picked":["Reprogram","Reinforced Body","Rebound"],"picked":"SKIP","floor":4},{"not_picked":["Compile Driver","Double Energy"],"picked":"Doom and Gloom","floor":5},{"not_picked":["Lockon","Sunder"],"picked":"Hologram","floor":7},{"not_picked":["Steam","Compile Driver"],"picked":"Seek","floor":10},{"not_picked":["Hologram","Hello World","Rebound"],"picked":"Singing Bowl","floor":11}],"player_experience":1234779,"relics_obtained":[{"floor":7,"key":"Ornamental Fan"},{"floor":9,"key":"Omamori"},{"floor":10,"key":"Singing Bowl"}],"event_choices":[{"damage_healed":0,"gold_gain":0,"player_choice":"Ignored","damage_taken":0,"max_hp_gain":0,"max_hp_loss":0,"event_name":"Liars Game","floor":2,"gold_loss":0},{"cards_removed":["Strike_B"],"damage_healed":0,"gold_gain":0,"player_choice":"Card Removal","damage_taken":0,"max_hp_gain":0,"max_hp_loss":0,"event_name":"Wheel of Change","floor":3,"gold_loss":0}],"is_beta":false,"boss_relics":[],"items_purged_floors":[12],"is_endless":false,"potions_floor_spawned":[4,10],"killed_by":"Gremlin Nob","ascension_level":17}