{"gold_per_floor":[114,131,15,28,28,28,63,80,107,107,123,123,136,147,147,245,245,259,275,99,99,119,119,136,136,205,221,221,26,26,26,26,127,127,146,166,185,203,76,76,90,103,103,121,121,121,121,1,1,1],"floor_reached":51,"playtime":5958,"items_purged":["Madness"],"score":628,"play_id":"b8a9784d-5eca-40dc-b4bb-085ec4795540","local_time":"20180815173640","is_ascension_mode":false,"campfire_choices":[{"data":"Zap","floor":6,"key":"SMITH"},{"floor":10,"key":"REST"},{"data":"Hologram","floor":12,"key":"SMITH"},{"data":"Leap","floor":15,"key":"SMITH"},{"data":"Go for the Eyes","floor":23,"key":"SMITH"},{"data":"Multi-Cast","floor":25,"key":"SMITH"},{"data":"Steam","floor":28,"key":"SMITH"},{"floor":32,"key":"REST"},{"data":"Meteor Strike","floor":40,"key":"SMITH"},{"data":"Consume","floor":46,"key":"SMITH"},{"data":"Rainbow","floor":49,"key":"SMITH"}],"neow_cost":"PERCENT_DAMAGE","seed_source_timestamp":344823673785117,"circlet_count":0,"master_deck":["Strike_B+1","Strike_B+1","Strike_B+1","Strike_B+1","Defend_B+1","Defend_B+1","Defend_B+1","Defend_B+1","Zap+1","Dualcast","Multi-Cast+1","Turbo+1","Hologram+1","Self Repair","Steam+1","Reboot","Cold Snap","Leap+1","Chill","Seek+1","Melter+1","Capacitor+1","Go for the Eyes+1","Cold Snap","Doom and Gloom+1","Chaos","Necronomicurse","Meteor Strike+1","Streamline+1","Rainbow+1","Tempest","Hologram","Consume+1","Transmutation","Hologram"],"relics":["Cracked Core","DataDisk","Potion Belt","Sozu","War Paint","Cables","Happy Flower","Necronomicon","Snecko Eye","Kunai"],"potions_floor_usage":[8,8,18],"damage_taken":[{"damage":0,"enemies":"Small Slimes","floor":1,"turns":2},{"damage":1,"enemies":"2 Louse","floor":2,"turns":2},{"damage":1,"enemies":"Cultist","floor":4,"turns":4},{"damage":40,"enemies":"3 Sentries","floor":7,"turns":9},{"damage":1,"enemies":"Exordium Thugs","floor":8,"turns":4},{"damage":8,"enemies":"Red Slaver","floor":11,"turns":2},{"damage":7,"enemies":"Blue Slaver","floor":13,"turns":3},{"damage":10,"enemies":"Lots of Slimes","floor":14,"turns":5},{"damage":3,"enemies":"The Guardian","floor":16,"turns":14},{"damage":9,"enemies":"3 Byrds","floor":18,"turns":7},{"damage":0,"enemies":"Spheric Guardian","floor":19,"turns":2},{"damage":13,"enemies":"Snake Plant","floor":22,"turns":3},{"damage":4,"enemies":"Chosen and Byrds","floor":24,"turns":8},{"damage":5,"enemies":"Cultist and Chosen","floor":27,"turns":6},{"damage":4,"enemies":"Automaton","floor":33,"turns":6},{"damage":6,"enemies":"3 Shapes","floor":35,"turns":3},{"damage":8,"enemies":"Flame Bruiser 1 Orb","floor":36,"turns":3},{"damage":8,"enemies":"4 Shapes","floor":37,"turns":5},{"damage":0,"enemies":"Spire Growth","floor":38,"turns":2},{"damage":0,"enemies":"Maw","floor":41,"turns":5},{"damage":1,"enemies":"Sphere and 2 Shapes","floor":42,"turns":2},{"damage":5,"enemies":"Transient","floor":44,"turns":5},{"damage":24,"enemies":"Donu and Deca","floor":50,"turns":7}],"seed_played":"-5094108245598182218","potions_obtained":[{"floor":1,"key":"SmokeBomb"},{"floor":2,"key":"Weak Potion"},{"floor":7,"key":"Swift Potion"},{"floor":16,"key":"Block Potion"}],"is_trial":false,"path_per_floor":["M","M","$","M","?","R","E","M","T","R","M","R","M","M","R","B",null,"M","M","$","?","M","R","M","R","T","M","R","$","?","?","R","B",null,"M","M","M","M","$","R","M","M","T","M","?","R","?","$","R","B"],"character_chosen":"DEFECT","items_purchased":["Hologram","Self Repair","Go for the Eyes","War Paint","Happy Flower","Chaos","Tempest","Hologram","Hologram"],"campfire_rested":2,"item_purchase_floors":[3,3,20,20,29,29,39,39,48],"current_hp_per_floor":[54,53,53,59,59,59,26,25,25,47,46,46,46,43,43,47,75,73,73,73,73,67,67,70,70,70,72,72,72,72,56,75,75,75,75,67,66,73,73,73,75,75,75,75,66,66,66,66,66,42],"gold":1,"neow_bonus":"THREE_RARE_CARDS","is_prod":false,"is_daily":false,"chose_seed":false,"campfire_upgraded":9,"win_rate":0,"timestamp":1534369000,"path_taken":["M","M","$","M","?","R","E","M","T","R","M","R","?","M","R","BOSS","M","M","$","?","M","R","M","R","T","M","R","$","?","?","R","BOSS","M","M","M","M","$","R","M","M","T","M","?","R","?","?","R","BOSS"],"build_version":"2018-08-09","purchased_purges":1,"victory":true,"max_hp_per_floor":[75,75,75,75,75,75,75,75,75,75,75,75,75,75,75,75,75,75,75,75,75,75,75,75,75,75,75,75,75,75,75,75,75,75,75,75,75,75,75,75,75,75,75,75,75,75,75,75,75,75],"card_choices":[{"not_picked":["Machine Learning","Reboot"],"picked":"Multi-Cast","floor":0},{"not_picked":["Undo","White Noise"],"picked":"Turbo","floor":1},{"not_picked":["Gash","Stack","Compile Driver"],"picked":"SKIP","floor":2},{"not_picked":["Streamline","Stack","Reinforced Body"],"picked":"SKIP","floor":4},{"not_picked":["Rebound","Scrape"],"picked":"Steam","floor":7},{"not_picked":["Coolheaded","Force Field"],"picked":"Reboot","floor":8},{"not_picked":["Sweeping Beam","Storm"],"picked":"Cold Snap","floor":11},{"not_picked":["Lockon","Force Field"],"picked":"Leap","floor":13},{"not_picked":["Doom and Gloom","Force Field"],"picked":"Chill","floor":14},{"not_picked":["Core Surge","Hyperbeam"],"picked":"Seek","floor":16},{"not_picked":["Force Field","Gash"],"picked":"Melter+1","floor":18},{"not_picked":["Conserve Battery+1","Steam"],"picked":"Capacitor+1","floor":19},{"not_picked":["Storm+1","Go for the Eyes"],"picked":"Cold Snap","floor":22},{"not_picked":["Rip and Tear","Gash","Rebound+1"],"picked":"SKIP","floor":24},{"not_picked":["Beam Cell","Undo"],"picked":"Doom and Gloom+1","floor":27},{"not_picked":["Biased Cognition","All For One"],"picked":"Meteor Strike","floor":33},{"not_picked":["Steam+1","Beam Cell+1"],"picked":"Streamline+1","floor":35},{"not_picked":["Genetic Algorithm+1","Sweeping Beam+1","Ball Lightning"],"picked":"SKIP","floor":36},{"not_picked":["Sweeping Beam","Turbo+1"],"picked":"Rainbow","floor":37},{"not_picked":["Barrage","Coolheaded+1","Redo+1"],"picked":"SKIP","floor":38},{"not_picked":["Cold Snap","Aggregate+1","Go for the Eyes+1"],"picked":"SKIP","floor":41},{"not_picked":["Go for the Eyes","Steam+1","Hello World"],"picked":"SKIP","floor":42},{"not_picked":["Redo+1","Blizzard"],"picked":"Consume","floor":44}],"player_experience":2208490,"relics_obtained":[{"floor":7,"key":"DataDisk"},{"floor":9,"key":"Potion Belt"},{"floor":26,"key":"Cables"},{"floor":31,"key":"Necronomicon"},{"floor":43,"key":"Kunai"}],"event_choices":[{"event_name":"The Cleric","player_choice":"Leave","floor":5,"damage_taken":0},{"event_name":"Back to Basics","player_choice":"Simplicity","floor":21,"damage_taken":0},{"event_name":"Drug Dealer","player_choice":"Ignored","floor":30,"damage_taken":0},{"event_name":"Cursed Tome","player_choice":"Obtained Book","floor":31,"damage_taken":0},{"event_name":"Winding Halls","player_choice":"Embrace Madness","floor":45,"damage_taken":0},{"event_name":"Transmorgrifier","player_choice":"Transform","floor":47,"damage_taken":0}],"is_beta":false,"boss_relics":[{"not_picked":["Tiny House","Eternal Feather"],"picked":"Sozu"},{"not_picked":["Empty Cage","Pandora\u0027s Box"],"picked":"Snecko Eye"}],"items_purged_floors":[48],"is_endless":false,"potions_floor_spawned":[1,2,7,16,22,27,33,35,37,38,42],"ascension_level":0}