{"gold_per_floor":[111,125,137,156,176,176,203,203,203,218,246,276,289,364,364,460,460,476,486,486,127,157,157],"floor_reached":23,"playtime":1674,"items_purged":["Bite"],"score":350,"play_id":"5102e070-7b23-478d-aa15-b4dbd147739d","local_time":"20190122000320","is_ascension_mode":true,"campfire_choices":[{"data":"Capacitor","floor":6,"key":"SMITH"},{"floor":8,"key":"REST"},{"data":"Coolheaded","floor":15,"key":"SMITH"}],"neow_cost":"NONE","seed_source_timestamp":1001461804280073,"circlet_count":0,"master_deck":["AscendersBane","Defend_B","Defend_B","Defend_B","Defend_B","Zap+1","Dualcast","Cold Snap","Ball Lightning","Capacitor+1","Coolheaded+1","Genetic Algorithm","Consume","Hologram","Seek","Bite","Bite","Bite","Bite","Defragment"],"relics":["FrozenCore","Dead Branch","Pantograph","Bottled Lightning","Letter Opener","Chemical X","Red Mask"],"potions_floor_usage":[7,22],"damage_taken":[{"damage":0,"enemies":"Small Slimes","floor":1,"turns":3},{"damage":7,"enemies":"2 Louse","floor":2,"turns":2},{"damage":0,"enemies":"Cultist","floor":3,"turns":3},{"damage":5,"enemies":"3 Louse","floor":4,"turns":3},{"damage":13,"enemies":"Lots of Slimes","floor":5,"turns":4},{"damage":21,"enemies":"Lagavulin","floor":7,"turns":6},{"damage":2,"enemies":"Looter","floor":10,"turns":3},{"damage":11,"enemies":"3 Sentries","floor":11,"turns":7},{"damage":4,"enemies":"Blue Slaver","floor":13,"turns":3},{"damage":20,"enemies":"Hexaghost","floor":16,"turns":13},{"damage":13,"enemies":"Chosen","floor":18,"turns":6},{"damage":4,"enemies":"3 Byrds","floor":19,"turns":6},{"damage":32,"enemies":"Masked Bandits","floor":22,"turns":4},{"damage":27,"enemies":"Book of Stabbing","floor":23,"turns":5}],"seed_played":"-2595202364074262942","potions_obtained":[{"floor":4,"key":"SteroidPotion"},{"floor":7,"key":"GamblersBrew"},{"floor":11,"key":"Fire Potion"},{"floor":16,"key":"Dexterity Potion"}],"is_trial":false,"path_per_floor":["M","M","M","M","M","R","E","R","T","M","E","?","M","?","R","B",null,"M","M","?","$","?","E"],"character_chosen":"DEFECT","items_purchased":["Defragment","Chemical X"],"campfire_rested":1,"item_purchase_floors":[21,21],"current_hp_per_floor":[68,61,61,56,43,43,22,44,44,42,31,31,27,16,16,21,62,49,45,45,45,21,0],"gold":157,"neow_bonus":"UPGRADE_CARD","is_prod":false,"is_daily":false,"chose_seed":false,"campfire_upgraded":2,"win_rate":0,"timestamp":1548144200,"path_taken":["M","M","M","M","M","R","E","R","T","M","E","?","M","?","R","BOSS","M","M","?","$","?","E"],"build_version":"2019-01-17v2","purchased_purges":1,"victory":false,"max_hp_per_floor":[75,75,75,75,75,75,75,75,75,75,75,75,75,75,75,75,75,75,75,52,52,52,52],"card_choices":[{"not_picked":["Stack","White Noise"],"picked":"Cold Snap","floor":1},{"not_picked":["Steam","Streamline"],"picked":"Ball Lightning","floor":2},{"not_picked":["Turbo","Stack","Skim"],"picked":"SKIP","floor":3},{"not_picked":["Steam","Compile Driver","Gash"],"picked":"SKIP","floor":4},{"not_picked":["Scrape","Compile Driver"],"picked":"Capacitor","floor":5},{"not_picked":["Doom and Gloom","Darkness"],"picked":"Coolheaded","floor":7},{"not_picked":["Capacitor","Meteor Strike"],"picked":"Genetic Algorithm","floor":10},{"not_picked":["Genetic Algorithm","Barrage"],"picked":"Consume","floor":11},{"not_picked":["Cold Snap","Sweeping Beam"],"picked":"Hologram","floor":13},{"not_picked":["Reboot","Creative AI"],"picked":"Seek","floor":16},{"not_picked":["Reprogram","Sweeping Beam","Melter"],"picked":"SKIP","floor":18},{"not_picked":["Coolheaded","Undo","Turbo"],"picked":"SKIP","floor":19}],"player_experience":452935,"relics_obtained":[{"floor":7,"key":"Dead Branch"},{"floor":9,"key":"Pantograph"},{"floor":11,"key":"Bottled Lightning"},{"floor":22,"key":"Red Mask"}],"event_choices":[{"damage_healed":0,"gold_gain":30,"player_choice":"Searched \u00272\u0027 times","damage_taken":0,"relics_obtained":["Letter Opener"],"max_hp_gain":0,"max_hp_loss":0,"event_name":"Dead Adventurer","floor":12,"gold_loss":0},{"damage_healed":0,"gold_gain":75,"player_choice":"Gather Gold","damage_taken":11,"max_hp_gain":0,"max_hp_loss":0,"event_name":"World of Goop","floor":14,"gold_loss":0},{"damage_healed":0,"gold_gain":0,"player_choice":"Became a vampire","damage_taken":0,"max_hp_gain":0,"max_hp_loss":23,"event_name":"Vampires","floor":20,"gold_loss":0,"cards_obtained":["Bite","Bite","Bite","Bite","Bite"]},{"damage_healed":0,"gold_gain":0,"player_choice":"Fought Bandits","damage_taken":0,"max_hp_gain":0,"max_hp_loss":0,"event_name":"Masked Bandits","floor":22,"gold_loss":0}],"is_beta":false,"boss_relics":[{"not_picked":["Runic Dome","Busted Crown"],"picked":"FrozenCore"}],"items_purged_floors":[21],"is_endless":false,"potions_floor_spawned":[4,7,11,16],"killed_by":"Book of Stabbing","ascension_level":12}