{"gold_per_floor":[118,134,153,2,17,17,51,51,51,51,70,105,121,152,152,248,248,261,261,281,281,31,31,43,43,69,88,88,88,115,130,130,231,231,242,242,242,261,7,33,33,43,43,43,43],"floor_reached":45,"playtime":6148,"items_purged":["Strike_G","Strike_G"],"score":559,"play_id":"01925933-9744-4907-b4cd-22dd8473b0a2","local_time":"20190125065627","is_ascension_mode":true,"campfire_choices":[{"data":"A Thousand Cuts","floor":6,"key":"SMITH"},{"data":"Neutralize","floor":8,"key":"SMITH"},{"data":"Adrenaline","floor":15,"key":"SMITH"},{"data":"Well Laid Plans","floor":23,"key":"SMITH"},{"floor":25,"key":"REST"},{"floor":29,"key":"REST"},{"floor":32,"key":"REST"},{"floor":41,"key":"REST"},{"floor":44,"key":"REST"}],"neow_cost":"TEN_PERCENT_HP_LOSS","seed_source_timestamp":32731699009500,"circlet_count":0,"master_deck":["Defend_G","Defend_G","Defend_G","Defend_G","Defend_G","Strike_G","Survivor","Neutralize+1","A Thousand Cuts+1","Heel Hook","Escape Plan","Dagger Throw","Well Laid Plans+1","Adrenaline+1","Leg Sweep","Dash","Dagger Spray+1","Die Die Die+1","Infinite Blades+1","Noxious Fumes+1","Slice+1","Slice+1","Noxious Fumes+1","Blade Dance","Escape Plan+1","Shame","Blade Dance","RitualDagger+1","Dodge and Roll","After Image+1","Cloak And Dagger","Noxious Fumes+1","Crippling Poison+1","Cloak And Dagger"],"relics":["Ring of the Snake","Ice Cream","Molten Egg 2","Gremlin Horn","Boot","Frozen Egg 2","Orrery","Omamori","Bottled Flame","Art of War","Pen Nib","Velvet Choker","Singing Bowl","Ginger"],"potions_floor_usage":[11,27,30,31,33,33,42,45,45],"damage_taken":[{"damage":0,"enemies":"Small Slimes","floor":1,"turns":5},{"damage":1,"enemies":"2 Louse","floor":2,"turns":5},{"damage":0,"enemies":"Jaw Worm","floor":3,"turns":4},{"damage":0,"enemies":"2 Fungi Beasts","floor":5,"turns":4},{"damage":9,"enemies":"3 Sentries","floor":7,"turns":9},{"damage":1,"enemies":"Exordium Thugs","floor":11,"turns":4},{"damage":4,"enemies":"Gremlin Nob","floor":12,"turns":4},{"damage":0,"enemies":"Red Slaver","floor":13,"turns":3},{"damage":0,"enemies":"3 Sentries","floor":14,"turns":5},{"damage":2,"enemies":"The Guardian","floor":16,"turns":11},{"damage":0,"enemies":"3 Byrds","floor":18,"turns":2},{"damage":21,"enemies":"2 Thieves","floor":20,"turns":3},{"damage":16,"enemies":"Shelled Parasite and Fungi","floor":24,"turns":3},{"damage":21,"enemies":"Snake Plant","floor":27,"turns":5},{"damage":30,"enemies":"Book of Stabbing","floor":30,"turns":5},{"damage":0,"enemies":"Chosen and Byrds","floor":31,"turns":3},{"damage":37,"enemies":"Collector","floor":33,"turns":8},{"damage":42,"enemies":"3 Darklings","floor":35,"turns":6},{"damage":3,"enemies":"3 Shapes","floor":38,"turns":4},{"damage":35,"enemies":"Reptomancer","floor":40,"turns":5},{"damage":28,"enemies":"Jaw Worm Horde","floor":42,"turns":5},{"damage":23,"enemies":"Giant Head","floor":45,"turns":9}],"seed_played":"1393877976748738506","potions_obtained":[{"floor":1,"key":"Fire Potion"},{"floor":5,"key":"SpeedPotion"},{"floor":11,"key":"GamblersBrew"},{"floor":13,"key":"AttackPotion"},{"floor":14,"key":"FearPotion"},{"floor":30,"key":"SkillPotion"},{"floor":31,"key":"Regen Potion"},{"floor":33,"key":"Dexterity Potion"},{"floor":42,"key":"EssenceOfSteel"}],"is_trial":false,"path_per_floor":["M","M","M","$","M","R","E","R","T","?","M","E","M","E","R","B",null,"M","?","M","?","$","R","M","R","T","M","?","R","E","M","R","B",null,"M","?","?","M","$","E","R","M","T","R","E"],"character_chosen":"THE_SILENT","items_purchased":["Adrenaline","Bottled Flame","Noxious Fumes+1","Ancient Potion"],"campfire_rested":5,"item_purchase_floors":[4,22,39,39],"current_hp_per_floor":[63,62,62,62,62,62,53,53,53,50,49,45,45,45,45,43,63,63,63,42,42,42,42,26,44,44,23,17,35,5,5,23,1,63,21,21,55,52,52,17,33,5,5,21,0],"gold":43,"neow_bonus":"TRANSFORM_TWO_CARDS","is_prod":false,"is_daily":false,"chose_seed":false,"campfire_upgraded":4,"win_rate":0,"timestamp":1548395787,"path_taken":["M","M","M","$","M","R","E","R","T","?","M","E","M","E","R","BOSS","M","?","M","?","$","R","M","R","T","M","?","R","E","M","R","BOSS","M","?","?","?","$","E","R","M","T","R","E"],"build_version":"2019-01-23","purchased_purges":2,"victory":false,"max_hp_per_floor":[63,63,63,63,63,63,63,63,63,63,63,63,63,63,63,63,63,63,63,63,63,63,63,63,63,63,63,63,63,63,63,63,63,63,63,63,55,55,55,55,55,55,55,55,55],"card_choices":[{"not_picked":["Deflect","Skewer"],"picked":"Escape Plan","floor":1},{"not_picked":["Predator","Blade Dance"],"picked":"Dagger Throw","floor":2},{"not_picked":["Acrobatics","Flechettes"],"picked":"Well Laid Plans","floor":3},{"not_picked":["Catalyst","Underhanded Strike"],"picked":"Leg Sweep","floor":5},{"not_picked":["Distraction","Slice"],"picked":"Dash","floor":7},{"not_picked":["Prepared","Riddle With Holes+1","Flying Knee+1"],"picked":"SKIP","floor":11},{"not_picked":["Reflex","Finisher+1","Quick Slash+1"],"picked":"SKIP","floor":12},{"not_picked":["Underhanded Strike+1","Deadly Poison"],"picked":"Dagger Spray+1","floor":13},{"not_picked":["Envenom","Bane+1","Expertise"],"picked":"SKIP","floor":14},{"not_picked":["Malaise","Bullet Time"],"picked":"Die Die Die+1","floor":16},{"not_picked":["Prepared","Flying Knee+1"],"picked":"Infinite Blades+1","floor":17},{"not_picked":["Acrobatics","Crippling Poison"],"picked":"Noxious Fumes+1","floor":17},{"not_picked":["Reflex","Quick Slash+1"],"picked":"Slice+1","floor":17},{"not_picked":["Outmaneuver","Finisher+1"],"picked":"Slice+1","floor":17},{"not_picked":["Night Terror","Poisoned Stab+1"],"picked":"Noxious Fumes+1","floor":18},{"not_picked":["Prepared","Sucker Punch+1"],"picked":"Escape Plan+1","floor":20},{"not_picked":["Leg Sweep+1","Flying Knee+1"],"picked":"Blade Dance","floor":24},{"not_picked":["Infinite Blades+1","Blur","Quick Slash+1"],"picked":"SKIP","floor":27},{"not_picked":["Masterful Stab+1","Well Laid Plans+1","Skewer+1"],"picked":"SKIP","floor":30},{"not_picked":["Acrobatics","Flying Knee+1"],"picked":"Dodge and Roll","floor":31},{"not_picked":["Adrenaline","Phantasmal Killer"],"picked":"After Image+1","floor":33},{"not_picked":["Quick Slash+1","Masterful Stab+1"],"picked":"Cloak And Dagger","floor":35},{"not_picked":["Flying Knee+1","Outmaneuver+1","Acrobatics"],"picked":"SKIP","floor":38},{"not_picked":["Leg Sweep","Backstab+1"],"picked":"Crippling Poison+1","floor":40},{"not_picked":["Accuracy+1","Outmaneuver+1"],"picked":"Cloak And Dagger","floor":42}],"player_experience":66328,"relics_obtained":[{"floor":7,"key":"Ice Cream"},{"floor":9,"key":"Molten Egg 2"},{"floor":12,"key":"Boot"},{"floor":14,"key":"Frozen Egg 2"},{"floor":26,"key":"Art of War"},{"floor":30,"key":"Pen Nib"},{"floor":40,"key":"Singing Bowl"},{"floor":43,"key":"Ginger"}],"event_choices":[{"damage_healed":0,"gold_gain":0,"player_choice":"Success","damage_taken":3,"relics_obtained":["Gremlin Horn"],"max_hp_gain":0,"max_hp_loss":0,"event_name":"Scrap Ooze","floor":10,"gold_loss":0},{"damage_healed":0,"gold_gain":0,"player_choice":"Read","damage_taken":0,"max_hp_gain":0,"max_hp_loss":0,"event_name":"The Library","floor":19,"gold_loss":0,"cards_obtained":["Blade Dance"]},{"damage_healed":0,"gold_gain":0,"player_choice":"Stole Relic","damage_taken":0,"relics_obtained":["Omamori"],"max_hp_gain":0,"max_hp_loss":0,"event_name":"Addict","floor":21,"gold_loss":0,"cards_obtained":["Shame"]},{"damage_healed":0,"gold_gain":0,"player_choice":"Joined the Cult","damage_taken":6,"max_hp_gain":0,"max_hp_loss":0,"event_name":"Nest","floor":28,"gold_loss":0,"cards_obtained":["RitualDagger"]},{"damage_healed":0,"gold_gain":0,"player_choice":"Ignored","damage_taken":0,"max_hp_gain":0,"max_hp_loss":0,"event_name":"Mysterious Sphere","floor":36,"gold_loss":0},{"damage_healed":55,"gold_gain":0,"player_choice":"Heal","damage_taken":0,"max_hp_gain":0,"max_hp_loss":8,"event_name":"The Moai Head","floor":37,"gold_loss":0}],"is_beta":false,"boss_relics":[{"not_picked":["HoveringKite","Coffee Dripper"],"picked":"Orrery"},{"not_picked":["Pandora\u0027s Box","Eternal Feather"],"picked":"Velvet Choker"}],"items_purged_floors":[4,39],"is_endless":false,"potions_floor_spawned":[1,5,11,13,14,24,30,31,33,42],"killed_by":"Giant Head","ascension_level":2}