{"gold_per_floor":[113,125,141,141,155,184,184,334,334,334,334,348,362,10,10,89,89,103,76,76,86,136,136],"floor_reached":23,"playtime":1681,"items_purged":["Doubt"],"score":462,"play_id":"d5fe9cb2-d80c-4976-bb5f-90344c821e54","local_time":"20181221210724","is_ascension_mode":true,"campfire_choices":[{"data":"Sucker Punch","floor":7.0,"key":"SMITH"},{"data":"Dodge and Roll","floor":11.0,"key":"SMITH"},{"data":"Noxious Fumes","floor":15,"key":"SMITH"}],"neow_cost":"NONE","seed_source_timestamp":383887896414591,"circlet_count":0,"master_deck":["AscendersBane","Defend_G","Defend_G","Defend_G","Defend_G","Defend_G","Strike_G","Strike_G","Strike_G","Survivor","Neutralize","Deadly Poison","Backflip","Quick Slash","Sucker Punch+1","Dodge and Roll+1","Deadly Poison","Dagger Spray","Noxious Fumes+1","Dodge and Roll","Night Terror","Leg Sweep+1","Backstab+1","Noxious Fumes+1"],"special_seed":0,"relics":["Coffee Dripper","Boot","Pen Nib","MealTicket","Runic Dome"],"potions_floor_usage":[],"damage_taken":[{"damage":2.0,"enemies":"Cultist","floor":1.0,"turns":5.0},{"damage":2.0,"enemies":"Jaw Worm","floor":2.0,"turns":4.0},{"damage":0.0,"enemies":"2 Louse","floor":3.0,"turns":2.0},{"damage":3.0,"enemies":"Exordium Wildlife","floor":5.0,"turns":5.0},{"damage":17.0,"enemies":"Gremlin Nob","floor":6.0,"turns":4.0},{"damage":2.0,"enemies":"Gremlin Gang","floor":12.0,"turns":6.0},{"damage":0.0,"enemies":"2 Fungi Beasts","floor":13.0,"turns":3.0},{"damage":0,"enemies":"Hexaghost","floor":16,"turns":9},{"damage":13,"enemies":"Shell Parasite","floor":18,"turns":5},{"damage":16,"enemies":"2 Thieves","floor":19,"turns":4},{"damage":21,"enemies":"Snake Plant","floor":21,"turns":5},{"damage":21,"enemies":"Gremlin Leader","floor":23,"turns":7}],"seed_played":"7330061404958662696","potions_obtained":[{"floor":1.0,"key":"SpeedPotion"},{"floor":3.0,"key":"FearPotion"},{"floor":16,"key":"Ancient Potion"},{"floor":19,"key":"Dexterity Potion"},{"floor":21,"key":"GhostInAJar"}],"is_trial":false,"path_per_floor":["M","M","M","?","M","E","R","?","T","?","R","M","M","$","R","B",null,"M","M","$","M","?","E"],"character_chosen":"THE_SILENT","items_purchased":["MealTicket","Dodge and Roll"],"campfire_rested":0,"item_purchase_floors":[14,14],"current_hp_per_floor":[57,55,55,48,45,28,28,28,28,28,28,26,26,26,26,26,56,43,27,37,16,16,0],"gold":136,"neow_bonus":"BOSS_RELIC","is_prod":false,"is_daily":false,"chose_seed":false,"campfire_upgraded":3,"win_rate":0,"timestamp":1545455244,"path_taken":["M","M","?","?","M","E","R","?","T","?","R","?","M","$","R","BOSS","M","?","$","M","?","E"],"build_version":"2018-12-20","purchased_purges":1,"victory":false,"max_hp_per_floor":[66,66,66,66,66,66,66,66,66,66,66,66,66,66,66,66,66,66,66,66,66,66,66],"card_choices":[{"not_picked":["Escape Plan","Underhanded Strike"],"picked":"Deadly Poison","floor":1.0},{"not_picked":["Blade Dance","Prepared"],"picked":"Backflip","floor":2.0},{"not_picked":["Finisher","Flying Knee"],"picked":"Quick Slash","floor":3.0},{"not_picked":["Distraction","Grand Finale"],"picked":"Sucker Punch","floor":5.0},{"not_picked":["Quick Slash","Accuracy"],"picked":"Dodge and Roll","floor":6.0},{"not_picked":["Well Laid Plans","Acrobatics"],"picked":"Dagger Spray","floor":12.0},{"not_picked":["Backstab","Distraction"],"picked":"Noxious Fumes","floor":13.0},{"not_picked":["Envenom","Venomology"],"picked":"Night Terror","floor":16},{"not_picked":["Poisoned Stab","Endless Agony"],"picked":"Leg Sweep+1","floor":18},{"not_picked":["Tactician","Sucker Punch"],"picked":"Backstab+1","floor":19},{"not_picked":["Blade Dance","Envenom"],"picked":"Noxious Fumes+1","floor":21}],"player_experience":178657,"relics_obtained":[{"floor":6.0,"key":"Boot"},{"floor":9.0,"key":"Pen Nib"}],"event_choices":[{"cards_removed":["Strike_G"],"damage_healed":0.0,"max_hp_gain":0.0,"max_hp_loss":0.0,"gold_gain":0.0,"event_name":"Golden Wing","player_choice":"Card Removal","floor":4.0,"gold_loss":0.0,"damage_taken":7.0},{"damage_healed":0.0,"max_hp_gain":0.0,"max_hp_loss":0.0,"gold_gain":150.0,"event_name":"Liars Game","player_choice":"AGREE","floor":8.0,"gold_loss":0.0,"damage_taken":0.0,"cards_obtained":["Doubt"]},{"damage_healed":0.0,"max_hp_gain":0.0,"max_hp_loss":0.0,"gold_gain":0.0,"cards_transformed":["Strike_G"],"event_name":"Living Wall","player_choice":"Change","floor":10.0,"gold_loss":0.0,"damage_taken":0.0,"cards_obtained":["Deadly Poison"]},{"damage_healed":0,"gold_gain":50,"player_choice":"Stole From Cult","damage_taken":0,"max_hp_gain":0,"max_hp_loss":0,"event_name":"Nest","floor":22,"gold_loss":0}],"is_beta":false,"boss_relics":[{"not_picked":["Calling Bell","Empty Cage"],"picked":"Runic Dome"}],"items_purged_floors":[14],"is_endless":false,"potions_floor_spawned":[1,3,16,19,21],"killed_by":"Gremlin Leader","ascension_level":18}