{"gold_per_floor":[115,135,60,60,14,14,27,60,85,101,111,121,296,296,296,296],"floor_reached":16,"playtime":419,"items_purged":["Strike_R"],"score":153,"play_id":"7904c4b2-c8ca-4a5b-9dbf-153d7a9184ff","local_time":"20190210034620","is_ascension_mode":true,"campfire_choices":[{"data":"Flex","floor":6,"key":"SMITH"},{"data":"Uppercut","floor":15,"key":"SMITH"}],"neow_cost":"TEN_PERCENT_HP_LOSS","seed_source_timestamp":47181520887200,"circlet_count":0,"master_deck":["AscendersBane","Strike_R","Strike_R","Strike_R+1","Strike_R","Defend_R","Defend_R+1","Defend_R","Defend_R","Bash","Limit Break","Uppercut+1","Flex+1","Battle Trance","Doubt"],"relics":["Burning Blood","Strawberry","Potion Belt"],"potions_floor_usage":[16,16,16],"damage_taken":[{"damage":10,"enemies":"Jaw Worm","floor":1,"turns":6},{"damage":4,"enemies":"Cultist","floor":2,"turns":3},{"damage":7,"enemies":"Small Slimes","floor":7,"turns":3},{"damage":21,"enemies":"Gremlin Nob","floor":8,"turns":4},{"damage":14,"enemies":"Looter","floor":10,"turns":4},{"damage":19,"enemies":"3 Louse","floor":11,"turns":3},{"damage":8,"enemies":"Red Slaver","floor":12,"turns":4},{"damage":25,"enemies":"Hexaghost","floor":16,"turns":11}],"seed_played":"6704377411718517131","potions_obtained":[{"floor":1,"key":"LiquidBronze"},{"floor":2,"key":"PowerPotion"},{"floor":10,"key":"SmokeBomb"},{"floor":11,"key":"SpeedPotion"}],"is_trial":false,"path_per_floor":["M","M","$","?","$","R","M","E","T","M","M","M","?","?","R","B"],"character_chosen":"IRONCLAD","items_purchased":["Flex"],"campfire_rested":0,"item_purchase_floors":[5],"current_hp_per_floor":[68,70,70,70,70,70,69,61,61,53,40,38,38,22,22,0],"gold":296,"neow_bonus":"THREE_RARE_CARDS","is_prod":false,"is_daily":false,"chose_seed":false,"campfire_upgraded":2,"win_rate":0,"timestamp":1549763180,"path_taken":["M","M","$","?","?","R","?","E","T","M","?","?","?","?","R","BOSS"],"build_version":"2019-01-23","purchased_purges":1,"victory":false,"max_hp_per_floor":[72,72,72,72,72,72,72,79,79,79,79,79,79,79,79,79],"card_choices":[{"not_picked":["Juggernaut","Double Tap"],"picked":"Limit Break","floor":0},{"not_picked":["Carnage","True Grit"],"picked":"Uppercut","floor":1},{"not_picked":["Armaments","Power Through","Carnage"],"picked":"SKIP","floor":2},{"not_picked":["Thunderclap","Clothesline","Clash"],"picked":"SKIP","floor":7},{"not_picked":["Power Through","Whirlwind"],"picked":"Battle Trance","floor":8},{"not_picked":["Body Slam","Intimidate","True Grit"],"picked":"SKIP","floor":10},{"not_picked":["Clothesline","Corruption","Iron Wave"],"picked":"SKIP","floor":11},{"not_picked":["Clash","Clothesline","Demon Form"],"picked":"SKIP","floor":12}],"player_experience":685766,"relics_obtained":[{"floor":8,"key":"Strawberry"},{"floor":9,"key":"Potion Belt"}],"event_choices":[{"damage_healed":0,"gold_gain":0,"player_choice":"0 cards matched","damage_taken":0,"max_hp_gain":0,"max_hp_loss":0,"event_name":"Match and Keep!","floor":4,"gold_loss":0,"cards_obtained":[]},{"damage_healed":0,"gold_gain":175,"player_choice":"AGREE","damage_taken":0,"max_hp_gain":0,"max_hp_loss":0,"event_name":"Liars Game","floor":13,"gold_loss":0,"cards_obtained":["Doubt"]},{"damage_healed":0,"gold_gain":0,"player_choice":"Entered Light","damage_taken":16,"max_hp_gain":0,"max_hp_loss":0,"event_name":"Shining Light","floor":14,"gold_loss":0,"cards_upgraded":["Strike_R","Defend_R"]}],"is_beta":false,"boss_relics":[],"items_purged_floors":[3],"is_endless":false,"potions_floor_spawned":[1,2,10,11],"killed_by":"Hexaghost","ascension_level":10}