{"gold_per_floor":[113,113,132,150,120,155,155,183,183,200,215,231,11,31,31,127,127,141,41,41,71,87,112,112,112,139,89,102,102,122,136,136,234,234,245,2,2,12,12,38,8,8,35,35,89,101,101],"floor_reached":47,"playtime":2669,"items_purged":["Strike_R","Berserk","Normality"],"score":485,"play_id":"def16acf-3b76-46d5-9931-441b1161a6b1","local_time":"20190210102621","is_ascension_mode":false,"campfire_choices":[{"data":"Bash","floor":7,"key":"SMITH"},{"data":"Limit Break","floor":15,"key":"SMITH"},{"data":"Spot Weakness","floor":29,"key":"SMITH"},{"data":"Battle Trance","floor":32,"key":"SMITH"},{"data":"Shockwave","floor":42,"key":"SMITH"},{"data":"Double Tap","floor":44,"key":"SMITH"}],"neow_cost":"NONE","seed_source_timestamp":574835953447758,"circlet_count":0,"master_deck":["Strike_R+1","Defend_R+1","Defend_R+1","Defend_R+1","Defend_R+1","Bash+1","Inflame","Cleave","Perfected Strike","Limit Break+1","Battle Trance+1","Clothesline","Shrug It Off","Double Tap+1","Inflame","Reaper","Offering","Spot Weakness+1","Shockwave+1","Rampage","Decay","Sword Boomerang","Feed","Armaments+1","Madness","Madness","True Grit+1","Shockwave","Clumsy","Injury","Rage+1"],"relics":["Burning Blood","NeowsBlessing","War Paint","Ginger","Gremlin Horn","Cursed Key","Tiny Chest","Bottled Lightning","WingedGreaves","The Courier","Smiling Mask","Empty Cage","Turnip","Mummified Hand","Bag of Marbles","Lantern"],"potions_floor_usage":[6,8,16,16,18,33,33,33,40],"damage_taken":[{"damage":0,"enemies":"Small Slimes","floor":1,"turns":1},{"damage":0,"enemies":"Cultist","floor":3,"turns":1},{"damage":0,"enemies":"Jaw Worm","floor":4,"turns":1},{"damage":22,"enemies":"3 Sentries","floor":6,"turns":5},{"damage":24,"enemies":"Lagavulin","floor":8,"turns":6},{"damage":9,"enemies":"Exordium Thugs","floor":10,"turns":5},{"damage":7,"enemies":"Looter","floor":11,"turns":4},{"damage":0,"enemies":"Lots of Slimes","floor":12,"turns":2},{"damage":0,"enemies":"Large Slime","floor":14,"turns":3},{"damage":43,"enemies":"Hexaghost","floor":16,"turns":10},{"damage":14,"enemies":"Chosen","floor":18,"turns":5},{"damage":16,"enemies":"2 Thieves","floor":22,"turns":4},{"damage":37,"enemies":"Book of Stabbing","floor":23,"turns":5},{"damage":30,"enemies":"Centurion and Healer","floor":28,"turns":6},{"damage":22,"enemies":"3 Cultists","floor":30,"turns":5},{"damage":2,"enemies":"Snecko","floor":31,"turns":5},{"damage":73,"enemies":"Automaton","floor":33,"turns":9},{"damage":38,"enemies":"3 Darklings","floor":35,"turns":6},{"damage":16,"enemies":"3 Shapes","floor":38,"turns":3},{"damage":35,"enemies":"Reptomancer","floor":40,"turns":5},{"damage":47,"enemies":"Jaw Worm Horde","floor":46,"turns":4},{"damage":87,"enemies":"Nemesis","floor":47,"turns":10}],"seed_played":"4156673553824234956","potions_obtained":[{"floor":4,"key":"SkillPotion"},{"floor":5,"key":"Block Potion"},{"floor":5,"key":"AttackPotion"},{"floor":6,"key":"FearPotion"},{"floor":10,"key":"SpeedPotion"},{"floor":14,"key":"Fruit Juice"},{"floor":16,"key":"Block Potion"},{"floor":28,"key":"Block Potion"},{"floor":30,"key":"SteroidPotion"},{"floor":31,"key":"EssenceOfSteel"},{"floor":33,"key":"Weak Potion"},{"floor":40,"key":"SteroidPotion"}],"is_trial":false,"path_per_floor":["M","?","M","M","?","E","R","E","T","M","M","M","$","M","R","B",null,"M","$","?","?","M","E","?","T","T","$","M","R","M","M","R","B",null,"M","$","?","M","$","E","$","R","T","R","T","M","E"],"character_chosen":"IRONCLAD","items_purchased":["Double Tap","Inflame","Turnip","Shockwave"],"campfire_rested":0,"item_purchase_floors":[13,13,36,41],"current_hp_per_floor":[80,80,80,80,80,64,64,46,46,43,42,48,48,54,54,52,85,77,77,77,77,79,75,75,75,75,75,69,69,77,81,81,14,85,79,79,68,72,72,88,88,88,88,88,88,60,0],"gold":101,"neow_bonus":"THREE_ENEMY_KILL","is_prod":false,"is_daily":false,"chose_seed":false,"campfire_upgraded":6,"win_rate":0.0,"timestamp":1549790781,"path_taken":["M","?","M","?","?","E","R","E","T","M","M","M","$","M","R","BOSS","M","$","?","?","?","E","?","?","T","$","M","R","M","M","R","BOSS","M","?","?","M","?","E","$","R","T","R","?","M","E"],"build_version":"2019-01-23","purchased_purges":3,"victory":false,"max_hp_per_floor":[80,80,80,80,80,80,80,80,80,80,80,80,80,80,80,85,85,85,85,85,85,85,85,85,85,85,85,85,85,85,85,85,85,85,85,85,85,88,88,88,88,88,88,88,88,88,88],"card_choices":[{"not_picked":["Perfected Strike","Dual Wield"],"picked":"Inflame","floor":1},{"not_picked":["Twin Strike","Inflame"],"picked":"Cleave","floor":3},{"not_picked":["Metallicize","Twin Strike"],"picked":"Perfected Strike","floor":4},{"not_picked":["Sentinel","Warcry"],"picked":"Limit Break","floor":6},{"not_picked":["Anger","Wild Strike"],"picked":"Battle Trance","floor":8},{"not_picked":["Body Slam","Thunderclap","Dual Wield"],"picked":"SKIP","floor":10},{"not_picked":["Armaments","Headbutt"],"picked":"Clothesline","floor":11},{"not_picked":["Pommel Strike","Flex"],"picked":"Shrug It Off","floor":12},{"not_picked":["True Grit","Sword Boomerang"],"picked":"Reaper","floor":14},{"not_picked":["Impervious","Double Tap"],"picked":"Offering","floor":16},{"not_picked":["Carnage","Wild Strike"],"picked":"Spot Weakness","floor":18},{"not_picked":["Spot Weakness","Iron Wave"],"picked":"Shockwave","floor":22},{"not_picked":["Pommel Strike","Bludgeon"],"picked":"Rampage","floor":23},{"not_picked":["Intimidate","Flex","Pommel Strike"],"picked":"SKIP","floor":28},{"not_picked":["Thunderclap+1","Anger"],"picked":"Sword Boomerang","floor":30},{"not_picked":["Carnage","Second Wind","Clash+1"],"picked":"SKIP","floor":31},{"not_picked":["Reaper","Fiend Fire"],"picked":"Feed","floor":33},{"not_picked":["Spot Weakness","Sword Boomerang"],"picked":"Armaments+1","floor":35},{"not_picked":["Clash+1","Inflame","Cleave+1"],"picked":"SKIP","floor":38},{"not_picked":["Evolve+1","Rupture+1"],"picked":"True Grit+1","floor":40},{"not_picked":["Clothesline+1","Pummel+1"],"picked":"Rage+1","floor":46}],"player_experience":93986,"relics_obtained":[{"floor":6,"key":"War Paint"},{"floor":8,"key":"Ginger"},{"floor":9,"key":"Gremlin Horn"},{"floor":23,"key":"Bottled Lightning"},{"floor":25,"key":"The Courier"},{"floor":26,"key":"Smiling Mask"},{"floor":40,"key":"Mummified Hand"},{"floor":43,"key":"Bag of Marbles"},{"floor":45,"key":"Lantern"}],"event_choices":[{"damage_healed":0,"gold_gain":0,"cards_transformed":["Strike_R"],"player_choice":"Transformed","damage_taken":0,"max_hp_gain":0,"max_hp_loss":0,"event_name":"Transmorgrifier","floor":2,"gold_loss":0,"cards_obtained":["Berserk"]},{"damage_healed":0,"gold_gain":0,"player_choice":"Bought 2 Potions","damage_taken":0,"max_hp_gain":0,"max_hp_loss":0,"event_name":"The Woman in Blue","floor":5,"gold_loss":0},{"damage_healed":0,"gold_gain":0,"player_choice":"Simplicity","damage_taken":0,"max_hp_gain":0,"max_hp_loss":0,"event_name":"Back to Basics","floor":20,"gold_loss":0,"cards_upgraded":["Strike_R","Strike_R","Strike_R","Defend_R","Defend_R"]},{"damage_healed":0,"gold_gain":0,"player_choice":"Gave Potion","damage_taken":0,"relics_obtained":["Tiny Chest"],"max_hp_gain":0,"max_hp_loss":0,"event_name":"WeMeetAgain","floor":21,"gold_loss":0},{"damage_healed":0,"gold_gain":0,"player_choice":"Opened","damage_taken":0,"relics_obtained":["WingedGreaves"],"max_hp_gain":0,"max_hp_loss":0,"event_name":"The Mausoleum","floor":24,"gold_loss":0},{"damage_healed":0,"gold_gain":0,"player_choice":"Embrace Madness","damage_taken":11,"max_hp_gain":0,"max_hp_loss":0,"event_name":"Winding Halls","floor":37,"gold_loss":0,"cards_obtained":["Madness","Madness"]}],"is_beta":false,"boss_relics":[{"not_picked":["Runic Cube","Tiny House"],"picked":"Cursed Key"},{"not_picked":["Velvet Choker","Sozu"],"picked":"Empty Cage"}],"items_purged_floors":[13,19,27],"is_endless":false,"potions_floor_spawned":[4,6,10,11,14,16,28,30,31,33,40],"killed_by":"Nemesis","ascension_level":0}