{"gold_per_floor":[113,66,84,104,124,124,140,170,170,189,110,110,110,60,60,162,162,174,174,174,184,198,198,125,125,125,155,155,181,181,181,181,282,282,293,293,308,323,340,340,353,28,28,28,28,48,66,84,84,84],"floor_reached":51,"playtime":1740,"items_purged":[],"score":689,"play_id":"4f4e1d74-10b5-4d09-ac36-d6928c3e3df0","local_time":"20181127202506","is_ascension_mode":false,"campfire_choices":[{"data":"Dualcast","floor":6.0,"key":"SMITH"},{"data":"Defragment","floor":13.0,"key":"SMITH"},{"data":"Zap","floor":15.0,"key":"SMITH"},{"data":"Electrodynamics","floor":23.0,"key":"SMITH"},{"data":"Go for the Eyes","floor":25.0,"key":"SMITH"},{"floor":28,"key":"REST"},{"floor":32,"key":"REST"},{"floor":40,"key":"REST"},{"floor":45,"key":"REST"},{"floor":49,"key":"REST"}],"neow_cost":"NONE","seed_source_timestamp":862346296307651,"circlet_count":0,"master_deck":["Strike_B+1","Strike_B+1","Strike_B+1","Strike_B+1","Defend_B+1","Defend_B+1","Defend_B+1","Zap+1","Dualcast+1","Beam Cell","Ball Lightning+1","Cold Snap","Go for the Eyes+1","Auto Shields","Capacitor","Defragment+1","Electrodynamics+1","Conserve Battery","Capacitor+1","Defragment+1","BootSequence","Creative AI","Capacitor","Glacier+1","Barrage+1","Defragment","Force Field+1"],"special_seed":0,"relics":["Cracked Core","Orichalcum","Letter Opener","White Beast Statue","Unceasing Top","Shuriken","Nuclear Battery","Mummified Hand","Vajra"],"potions_floor_usage":[50,50,50],"damage_taken":[{"damage":0.0,"enemies":"Cultist","floor":1.0,"turns":4.0},{"damage":2.0,"enemies":"Small Slimes","floor":3.0,"turns":2.0},{"damage":6.0,"enemies":"Jaw Worm","floor":4.0,"turns":3.0},{"damage":10.0,"enemies":"3 Louse","floor":5.0,"turns":3.0},{"damage":0.0,"enemies":"Large Slime","floor":7.0,"turns":4.0},{"damage":6.0,"enemies":"3 Sentries","floor":8.0,"turns":6.0},{"damage":0.0,"enemies":"Exordium Wildlife","floor":10.0,"turns":4.0},{"damage":14.0,"enemies":"The Guardian","floor":16.0,"turns":8.0},{"damage":3.0,"enemies":"2 Thieves","floor":18.0,"turns":3.0},{"damage":0.0,"enemies":"Spheric Guardian","floor":21.0,"turns":3.0},{"damage":16.0,"enemies":"Centurion and Healer","floor":22.0,"turns":6.0},{"damage":26.0,"enemies":"Gremlin Leader","floor":27.0,"turns":6.0},{"damage":19,"enemies":"Slavers","floor":29,"turns":3},{"damage":41,"enemies":"Automaton","floor":33,"turns":8},{"damage":0,"enemies":"3 Shapes","floor":35,"turns":4},{"damage":17,"enemies":"3 Darklings","floor":37,"turns":4},{"damage":0,"enemies":"4 Shapes","floor":38,"turns":4},{"damage":24,"enemies":"Sphere and 2 Shapes","floor":39,"turns":8},{"damage":10,"enemies":"Maw","floor":41,"turns":8},{"damage":0,"enemies":"Transient","floor":46,"turns":5},{"damage":0,"enemies":"4 Shapes","floor":47,"turns":5},{"damage":15,"enemies":"3 Darklings","floor":48,"turns":3},{"damage":21,"enemies":"Awakened One","floor":50,"turns":13}],"seed_played":"3036213951771674068","potions_obtained":[{"floor":3.0,"key":"LiquidBronze"},{"floor":7.0,"key":"EssenceOfSteel"},{"floor":8.0,"key":"EssenceOfSteel"},{"floor":18.0,"key":"Ancient Potion"},{"floor":21.0,"key":"FearPotion"},{"floor":22.0,"key":"EssenceOfSteel"},{"floor":37,"key":"PowerPotion"},{"floor":38,"key":"Strength Potion"},{"floor":39,"key":"Dexterity Potion"},{"floor":48,"key":"Dexterity Potion"}],"is_trial":false,"path_per_floor":["M","$","M","M","M","R","M","E","T","M","$","?","R","?","R","B",null,"M","?","?","M","M","R","$","R","T","E","E","R","E","$","?","R","B",null,"M","?","M","M","M","R","M","$","T","?","R","M","M","M","R","B",null],"character_chosen":"DEFECT","items_purchased":["Ball Lightning","Defragment","FocusPotion","Defragment","Mummified Hand"],"campfire_rested":5,"item_purchase_floors":[2,11,24,42,42],"current_hp_per_floor":[75,75,73,67,57,57,57,51,51,51,51,36,36,36,36,22,75,72,72,72,72,56,56,56,56,56,30,52,33,33,33,55,14,75,75,75,58,58,34,56,46,46,46,46,68,68,68,53,75,54],"gold":84,"neow_bonus":"THREE_CARDS","is_prod":false,"is_daily":false,"chose_seed":false,"campfire_upgraded":5,"win_rate":0,"timestamp":1543350306,"path_taken":["M","$","M","?","M","R","M","E","T","M","$","?","R","?","R","BOSS","M","?","?","M","M","R","$","R","T","E","R","E","$","?","R","BOSS","M","?","M","M","M","R","M","$","T","?","R","M","M","M","R","BOSS"],"build_version":"2018-11-15","purchased_purges":0,"victory":true,"max_hp_per_floor":[75,75,75,75,75,75,75,75,75,75,75,75,75,75,75,75,75,75,75,75,75,75,75,75,75,75,75,75,75,75,75,75,75,75,75,75,75,75,75,75,75,75,75,75,75,75,75,75,75,75],"card_choices":[{"not_picked":["Compile Driver","Fusion"],"picked":"Beam Cell","floor":0.0},{"not_picked":["Streamline","Melter","Compile Driver"],"picked":"SKIP","floor":1.0},{"not_picked":["Steam","Barrage"],"picked":"Cold Snap","floor":3.0},{"not_picked":["Static Discharge","Leap","Self Repair"],"picked":"SKIP","floor":4.0},{"not_picked":["Beam Cell","Streamline"],"picked":"Go for the Eyes","floor":5.0},{"not_picked":["Double Energy","Buffer"],"picked":"Auto Shields","floor":7.0},{"not_picked":["Sunder","Loop","Redo"],"picked":"SKIP","floor":8.0},{"not_picked":["Reinforced Body","Leap"],"picked":"Capacitor","floor":10.0},{"not_picked":["Buffer","Echo Form"],"picked":"Electrodynamics","floor":16.0},{"not_picked":["Go for the Eyes","Darkness","Redo"],"picked":"SKIP","floor":18.0},{"not_picked":["Stack+1","Streamline"],"picked":"Capacitor+1","floor":21.0},{"not_picked":["Aggregate+1","Go for the Eyes","Steam"],"picked":"SKIP","floor":22.0},{"not_picked":["Scrape","Rip and Tear"],"picked":"Defragment+1","floor":27},{"not_picked":["Sunder+1","Turbo"],"picked":"BootSequence","floor":29},{"not_picked":["All For One","Electrodynamics"],"picked":"Creative AI","floor":33},{"not_picked":["Stack","Beam Cell+1"],"picked":"Capacitor","floor":35},{"not_picked":["Heatsinks","Conserve Battery"],"picked":"Glacier+1","floor":37},{"not_picked":["Gash","Redo","Lockon"],"picked":"SKIP","floor":38},{"not_picked":["Gash","Turbo+1"],"picked":"Barrage+1","floor":39},{"not_picked":["Biased Cognition","Ball Lightning","Redo+1"],"picked":"SKIP","floor":41},{"not_picked":["Tempest+1","Lockon+1","Hologram"],"picked":"SKIP","floor":46},{"not_picked":["Sunder","Ball Lightning+1"],"picked":"Force Field+1","floor":47},{"not_picked":["Go for the Eyes","Cold Snap","Turbo"],"picked":"SKIP","floor":48}],"player_experience":828862,"relics_obtained":[{"floor":8.0,"key":"Orichalcum"},{"floor":9.0,"key":"Letter Opener"},{"floor":26.0,"key":"Unceasing Top"},{"floor":29,"key":"Shuriken"},{"floor":43,"key":"Vajra"}],"event_choices":[{"damage_healed":0.0,"max_hp_gain":0.0,"max_hp_loss":0.0,"gold_gain":0.0,"event_name":"Shining Light","player_choice":"Entered Light","floor":12.0,"gold_loss":0.0,"damage_taken":15.0,"cards_upgraded":["Ball Lightning","Strike_B"]},{"cards_removed":["Defend_B"],"damage_healed":0.0,"max_hp_gain":0.0,"max_hp_loss":0.0,"gold_gain":0.0,"event_name":"The Cleric","player_choice":"Card Removal","floor":14.0,"gold_loss":50.0,"damage_taken":0.0},{"damage_healed":0.0,"max_hp_gain":0.0,"max_hp_loss":0.0,"gold_gain":0.0,"event_name":"The Mausoleum","player_choice":"Ignored","floor":19.0,"gold_loss":0.0,"damage_taken":0.0},{"damage_healed":0.0,"max_hp_gain":0.0,"max_hp_loss":0.0,"gold_gain":0.0,"event_name":"The Library","player_choice":"Read","floor":20.0,"gold_loss":0.0,"damage_taken":0.0,"cards_obtained":["Conserve Battery"]},{"damage_healed":0,"gold_gain":0,"player_choice":"Simplicity","damage_taken":0,"max_hp_gain":0,"max_hp_loss":0,"event_name":"Back to Basics","floor":31,"gold_loss":0,"cards_upgraded":["Strike_B","Strike_B","Strike_B","Defend_B","Defend_B","Defend_B"]},{"damage_healed":0,"gold_gain":0,"player_choice":"Ignored","damage_taken":0,"max_hp_gain":0,"max_hp_loss":0,"event_name":"Mysterious Sphere","floor":36,"gold_loss":0},{"damage_healed":0,"gold_gain":0,"player_choice":"Ignored","damage_taken":0,"max_hp_gain":0,"max_hp_loss":0,"event_name":"SecretPortal","floor":44,"gold_loss":0}],"is_beta":false,"boss_relics":[{"not_picked":["Coffee Dripper","Runic Dome"],"picked":"White Beast Statue"},{"not_picked":["Lizard Tail","Philosopher\u0027s Stone"],"picked":"Nuclear Battery"}],"items_purged_floors":[],"is_endless":false,"potions_floor_spawned":[3,7,8,18,21,22,27,29,33,35,37,38,39,41,46,47,48],"ascension_level":0}