{"gold_per_floor":[113,113,126,146,165,165,197,197,197,231,250,250,269,283,283,382,382,401,416,416,435,451,451,486,486],"floor_reached":25,"playtime":853,"items_purged":[],"score":237,"play_id":"3f1c2b9f-2e0e-4e66-aa45-e9853aa0bbcf","local_time":"20181118175247","is_ascension_mode":false,"campfire_choices":[{"data":"Dualcast","floor":6,"key":"SMITH"},{"data":"Zap","floor":8,"key":"SMITH"},{"data":"Ball Lightning","floor":12,"key":"SMITH"},{"data":"Cold Snap","floor":15,"key":"SMITH"},{"floor":23,"key":"REST"}],"neow_cost":"NONE","seed_source_timestamp":76508440109993,"circlet_count":0,"master_deck":["Strike_B","Strike_B","Strike_B","Strike_B","Defend_B","Defend_B","Defend_B","Defend_B","Zap+1","Dualcast+1","BootSequence","Conserve Battery","Ball Lightning+1","Cold Snap+1","Ball Lightning+1"],"relics":["Cracked Core","Strawberry","Pantograph","Ginger","Inserter","Sundial"],"potions_floor_usage":[10,16,21,24],"damage_taken":[{"damage":0,"enemies":"Cultist","floor":1,"turns":3},{"damage":6,"enemies":"Jaw Worm","floor":3,"turns":4},{"damage":0,"enemies":"Small Slimes","floor":4,"turns":3},{"damage":4,"enemies":"2 Fungi Beasts","floor":5,"turns":3},{"damage":31,"enemies":"Lagavulin","floor":7,"turns":8},{"damage":12,"enemies":"3 Sentries","floor":10,"turns":9},{"damage":0,"enemies":"3 Louse","floor":11,"turns":2},{"damage":0,"enemies":"Looter","floor":13,"turns":3},{"damage":1,"enemies":"Large Slime","floor":14,"turns":4},{"damage":16,"enemies":"Slime Boss","floor":16,"turns":8},{"damage":15,"enemies":"Spheric Guardian","floor":18,"turns":6},{"damage":8,"enemies":"3 Byrds","floor":19,"turns":4},{"damage":20,"enemies":"Snake Plant","floor":21,"turns":4},{"damage":12,"enemies":"Centurion and Healer","floor":22,"turns":7},{"damage":49,"enemies":"Gremlin Leader","floor":24,"turns":8},{"damage":0,"enemies":"Chosen and Byrds","floor":25,"turns":4}],"seed_played":"3553608920688115218","potions_obtained":[{"floor":0,"key":"Swift Potion"},{"floor":0,"key":"Energy Potion"},{"floor":0,"key":"SkillPotion"},{"floor":10,"key":"SteroidPotion"},{"floor":19,"key":"SkillPotion"},{"floor":22,"key":"LiquidBronze"},{"floor":24,"key":"SteroidPotion"}],"is_trial":false,"path_per_floor":["M","$","M","M","M","R","E","R","T","E","M","R","M","M","R","B",null,"M","M","$","M","M","R","E","M"],"character_chosen":"DEFECT","items_purchased":[],"campfire_rested":1,"item_purchase_floors":[],"current_hp_per_floor":[75,75,69,69,65,65,41,41,41,29,29,29,29,28,28,37,82,67,59,59,39,27,51,2,2],"gold":486,"neow_bonus":"THREE_SMALL_POTIONS","is_prod":false,"is_daily":false,"chose_seed":false,"campfire_upgraded":4,"win_rate":0,"timestamp":1542563567,"path_taken":["M","$","M","M","?","R","E","R","T","E","M","R","M","M","R","BOSS","M","M","$","?","?","R","E","M"],"build_version":"2018-11-15","purchased_purges":0,"victory":false,"max_hp_per_floor":[75,75,75,75,75,75,82,82,82,82,82,82,82,82,82,82,82,82,82,82,82,82,82,82,82],"card_choices":[{"not_picked":["Compile Driver","Genetic Algorithm","Beam Cell"],"picked":"SKIP","floor":1},{"not_picked":["Creative AI","Skim","Streamline"],"picked":"SKIP","floor":3},{"not_picked":["Reinforced Body","Leap"],"picked":"BootSequence","floor":4},{"not_picked":["Ball Lightning","Go for the Eyes"],"picked":"Conserve Battery","floor":5},{"not_picked":["Stack","Self Repair","Static Discharge"],"picked":"SKIP","floor":7},{"not_picked":["Leap","Streamline"],"picked":"Ball Lightning","floor":10},{"not_picked":["Leap","Fusion"],"picked":"Cold Snap","floor":11},{"not_picked":["Cold Snap","Rebound","Hologram"],"picked":"SKIP","floor":13},{"not_picked":["Fission","Redo","Compile Driver"],"picked":"SKIP","floor":14},{"not_picked":["Leap","Gash"],"picked":"Ball Lightning+1","floor":18},{"not_picked":["Sweeping Beam","Steam","Lockon"],"picked":"SKIP","floor":19},{"not_picked":["Rebound+1","Hologram+1","Ball Lightning"],"picked":"SKIP","floor":21},{"not_picked":["Rebound+1","Recycle","Barrage"],"picked":"SKIP","floor":22},{"not_picked":["Gash","Cold Snap","Beam Cell+1"],"picked":"SKIP","floor":24}],"player_experience":799723,"relics_obtained":[{"floor":7,"key":"Strawberry"},{"floor":9,"key":"Pantograph"},{"floor":10,"key":"Ginger"},{"floor":24,"key":"Sundial"}],"event_choices":[],"is_beta":false,"boss_relics":[{"not_picked":["Eternal Feather","Runic Dome"],"picked":"Inserter"}],"items_purged_floors":[],"is_endless":false,"potions_floor_spawned":[1,4,7,10,19,22,24],"killed_by":"Chosen and Byrds","ascension_level":0}