{"gold_per_floor":[117,117,132,132,145,185,185,226,226,249,283,307,322,357,357,486,486,510,510,510,3,33,76,116,149,149,149,189,189,201,218,218,320,320,331,331,348,29,42,42,77,77,77,106,106,117,117,117,117,117],"floor_reached":51,"playtime":3495,"items_purged":[],"score":1033,"play_id":"51dd275a-2f6d-479a-b405-ef3d98d8453d","local_time":"20181022224440","is_ascension_mode":true,"campfire_choices":[{"floor":7.0,"key":"REST"},{"floor":15.0,"key":"REST"},{"floor":32,"key":"DIG"},{"floor":40,"key":"DIG"},{"floor":42,"key":"DIG"},{"floor":47,"key":"DIG"},{"floor":49,"key":"DIG"}],"neow_cost":"NONE","seed_source_timestamp":183798438809975,"circlet_count":0,"master_deck":["Defend_G","Defend_G","Defend_G","Defend_G","Defend_G","Strike_G","Strike_G+1","Strike_G","Strike_G","Survivor","Neutralize","Acrobatics","Masterful Stab","Injury","Sucker Punch","Blade Dance","Backflip","Riddle With Holes","Footwork","Tactician","Prepared","Sucker Punch+1","Glass Knife","Predator","Dash","Die Die Die","Outmaneuver","Infinite Blades","Riddle With Holes","Burst","Terror+1","Riddle With Holes+1","Panache","Leg Sweep","Crippling Poison+1","Pain"],"special_seed":0,"relics":["Fusion Hammer","Bloody Idol","PreservedInsect","Mercury Hourglass","Anchor","Incense Burner","Strawberry","Busted Crown","WingedGreaves","Tiny Chest","Shovel","Oddly Smooth Stone","Pen Nib","Gambling Chip","Bronze Scales","Ornamental Fan","Coffee Dripper","Whetstone","Bottled Lightning","Paper Crane","Thread and Needle","Prayer Wheel","Sundial","Smiling Mask","WarpedTongs","StoneCalendar"],"potions_floor_usage":[16,16,25,33,50,50],"damage_taken":[{"damage":3.0,"enemies":"Small Slimes","floor":1.0,"turns":4.0},{"damage":0.0,"enemies":"Cultist","floor":3.0,"turns":5.0},{"damage":0.0,"enemies":"2 Louse","floor":5.0,"turns":2.0},{"damage":14.0,"enemies":"3 Sentries","floor":6.0,"turns":9.0},{"damage":19.0,"enemies":"Gremlin Nob","floor":8.0,"turns":4.0},{"damage":0.0,"enemies":"Exordium Thugs","floor":10.0,"turns":3.0},{"damage":12.0,"enemies":"Lagavulin","floor":11.0,"turns":5.0},{"damage":0.0,"enemies":"Blue Slaver","floor":12.0,"turns":3.0},{"damage":0.0,"enemies":"Lots of Slimes","floor":13.0,"turns":4.0},{"damage":5.0,"enemies":"Gremlin Nob","floor":14.0,"turns":3.0},{"damage":0,"enemies":"Slime Boss","floor":16,"turns":6},{"damage":0,"enemies":"3 Byrds","floor":18,"turns":4},{"damage":3,"enemies":"Slavers","floor":23,"turns":3},{"damage":21,"enemies":"Book of Stabbing","floor":24,"turns":4},{"damage":5,"enemies":"Slavers","floor":25,"turns":5},{"damage":2,"enemies":"Book of Stabbing","floor":28,"turns":4},{"damage":0,"enemies":"Shell Parasite","floor":30,"turns":3},{"damage":0,"enemies":"Cultist and Chosen","floor":31,"turns":4},{"damage":37,"enemies":"Champ","floor":33,"turns":9},{"damage":0,"enemies":"3 Darklings","floor":35,"turns":3},{"damage":0,"enemies":"3 Shapes","floor":37,"turns":2},{"damage":7,"enemies":"Transient","floor":39,"turns":5},{"damage":28,"enemies":"Reptomancer","floor":41,"turns":4},{"damage":13,"enemies":"Nemesis","floor":44,"turns":5},{"damage":0,"enemies":"Writhing Mass","floor":46,"turns":6},{"damage":37,"enemies":"Time Eater","floor":50,"turns":13}],"seed_played":"-3313307563675785866","potions_obtained":[{"floor":5.0,"key":"PowerPotion"},{"floor":6.0,"key":"Poison Potion"},{"floor":8.0,"key":"GamblersBrew"},{"floor":14.0,"key":"Poison Potion"},{"floor":16,"key":"Dexterity Potion"},{"floor":19,"key":"SteroidPotion"},{"floor":19,"key":"Poison Potion"},{"floor":24,"key":"GhostInAJar"},{"floor":25,"key":"Strength Potion"},{"floor":35,"key":"LiquidBronze"}],"is_trial":false,"path_per_floor":["M","?","M","?","M","E","R","E","T","M","E","M","M","E","R","B",null,"M","?","?","$","?","E","E","E","T","$","E","?","M","M","R","B",null,"M","?","M","$","M","R","E","R","T","E","?","M","R","?","R","B"],"character_chosen":"THE_SILENT","items_purchased":["WingedGreaves","Die Die Die","Outmaneuver","Whetstone","Panache"],"campfire_rested":2,"item_purchase_floors":[21,21,21,38,38],"current_hp_per_floor":[67,67,67,67,67,53,70,51,51,51,39,39,39,41,64,64,77,77,77,77,77,77,74,53,48,48,48,46,46,51,56,56,24,77,77,77,77,77,75,75,52,52,52,44,44,49,49,49,49,12],"gold":117,"neow_bonus":"BOSS_RELIC","is_prod":false,"is_daily":false,"chose_seed":false,"campfire_upgraded":0,"win_rate":0,"timestamp":1540273480,"path_taken":["M","?","M","?","M","E","R","E","T","M","E","M","M","E","R","BOSS","M","?","?","$","?","E","E","E","T","$","E","?","M","M","R","BOSS","M","?","?","$","M","R","E","R","T","E","?","M","R","?","R","BOSS"],"build_version":"2018-10-18","purchased_purges":0,"victory":true,"max_hp_per_floor":[70,70,70,70,70,70,70,70,70,70,70,70,70,77,77,77,77,77,77,77,77,77,77,77,77,77,77,77,77,77,77,77,77,77,77,77,77,77,77,77,77,77,77,77,77,77,77,77,77,77],"card_choices":[{"not_picked":["Outmaneuver","Flechettes"],"picked":"Acrobatics","floor":1.0},{"not_picked":["Bane","Blade Dance"],"picked":"Masterful Stab","floor":3.0},{"not_picked":["Well Laid Plans","Dagger Throw"],"picked":"Sucker Punch","floor":5.0},{"not_picked":["Catalyst","Expertise"],"picked":"Blade Dance","floor":6.0},{"not_picked":["Cloak And Dagger","Bullet Time"],"picked":"Backflip","floor":8.0},{"not_picked":["Dodge and Roll","Prepared"],"picked":"Riddle With Holes","floor":10.0},{"not_picked":["Prepared","Choke"],"picked":"Footwork","floor":11.0},{"not_picked":["Underhanded Strike","Expertise"],"picked":"Tactician","floor":12.0},{"not_picked":["Backflip","Underhanded Strike"],"picked":"Prepared","floor":13.0},{"not_picked":["Acrobatics","Quick Slash"],"picked":"Sucker Punch","floor":14.0},{"not_picked":["Storm of Steel","A Thousand Cuts"],"picked":"Glass Knife","floor":16},{"not_picked":[],"picked":"Predator","floor":18},{"not_picked":["Poisoned Stab"],"picked":"SKIP","floor":23},{"not_picked":["Slice"],"picked":"SKIP","floor":24},{"not_picked":["Slice"],"picked":"SKIP","floor":25},{"not_picked":["Deflect"],"picked":"SKIP","floor":28},{"not_picked":[],"picked":"Infinite Blades","floor":30},{"not_picked":[],"picked":"Riddle With Holes","floor":31},{"not_picked":[],"picked":"Burst","floor":33},{"not_picked":[],"picked":"Terror+1","floor":35},{"not_picked":[],"picked":"Riddle With Holes+1","floor":37},{"not_picked":["Slice+1"],"picked":"SKIP","floor":39},{"not_picked":[],"picked":"Leg Sweep","floor":41},{"not_picked":["Deadly Poison"],"picked":"SKIP","floor":44},{"not_picked":[],"picked":"Crippling Poison+1","floor":46},{"not_picked":["Masterful Stab"],"picked":"SKIP","floor":46}],"player_experience":31409,"relics_obtained":[{"floor":6.0,"key":"PreservedInsect"},{"floor":8.0,"key":"Mercury Hourglass"},{"floor":9.0,"key":"Anchor"},{"floor":11.0,"key":"Incense Burner"},{"floor":14.0,"key":"Strawberry"},{"floor":23,"key":"Shovel"},{"floor":24,"key":"Oddly Smooth Stone"},{"floor":25,"key":"Pen Nib"},{"floor":26,"key":"Gambling Chip"},{"floor":28,"key":"Bronze Scales"},{"floor":32,"key":"Ornamental Fan"},{"floor":40,"key":"Bottled Lightning"},{"floor":41,"key":"Paper Crane"},{"floor":42,"key":"Thread and Needle"},{"floor":43,"key":"Prayer Wheel"},{"floor":44,"key":"Sundial"},{"floor":47,"key":"Smiling Mask"},{"floor":49,"key":"StoneCalendar"}],"event_choices":[{"cards_removed":["Strike_G"],"damage_healed":0.0,"max_hp_gain":0.0,"max_hp_loss":0.0,"gold_gain":0.0,"event_name":"Bonfire Elementals","player_choice":"Offered Basic","floor":2.0,"gold_loss":0.0,"damage_taken":0.0},{"damage_healed":0.0,"max_hp_gain":0.0,"max_hp_loss":0.0,"gold_gain":0.0,"event_name":"Golden Idol","player_choice":"Take Wound","floor":4.0,"gold_loss":0.0,"damage_taken":0.0,"relics_obtained":["Golden Idol"],"cards_obtained":["Injury"]},{"damage_healed":0,"gold_gain":0,"player_choice":"Got Potions","damage_taken":0,"max_hp_gain":0,"max_hp_loss":0,"event_name":"The Lab","floor":19,"gold_loss":0},{"damage_healed":0,"gold_gain":0,"player_choice":"Read","damage_taken":0,"max_hp_gain":0,"max_hp_loss":0,"event_name":"The Library","floor":20,"gold_loss":0,"cards_obtained":["Dash"]},{"damage_healed":0,"gold_gain":0,"player_choice":"Gave Potion","damage_taken":0,"relics_obtained":["Tiny Chest"],"max_hp_gain":0,"max_hp_loss":0,"event_name":"WeMeetAgain","floor":22,"gold_loss":0},{"damage_healed":0,"gold_gain":0,"player_choice":"Gave Idol","damage_taken":0,"relics_obtained":["Bloody Idol"],"max_hp_gain":0,"max_hp_loss":0,"event_name":"Forgotten Altar","floor":29,"relics_lost":["Golden Idol"],"gold_loss":0},{"damage_healed":0,"gold_gain":0,"player_choice":"Ignored","damage_taken":0,"max_hp_gain":0,"max_hp_loss":0,"event_name":"Tomb of Lord Red Mask","floor":36,"gold_loss":0},{"damage_healed":0,"gold_gain":0,"player_choice":"Ignored","damage_taken":0,"max_hp_gain":0,"max_hp_loss":0,"event_name":"Mysterious Sphere","floor":45,"gold_loss":0},{"damage_healed":0,"gold_gain":0,"player_choice":"Rummage","damage_taken":0,"relics_obtained":["WarpedTongs"],"max_hp_gain":0,"max_hp_loss":0,"event_name":"Accursed Blacksmith","floor":48,"gold_loss":0,"cards_obtained":["Pain"]}],"is_beta":false,"boss_relics":[{"not_picked":["Philosopher\u0027s Stone","Ectoplasm"],"picked":"Busted Crown"},{"not_picked":["Velvet Choker","Eternal Feather"],"picked":"Coffee Dripper"}],"items_purged_floors":[],"is_endless":false,"potions_floor_spawned":[5,6,8,14,16,24,25,28,31,35],"ascension_level":3}