{"gold_per_floor":[113,288,288,304,304,304,334,334,334,354,380,397,170,170,170,170],"floor_reached":16,"playtime":290,"items_purged":["Regret"],"score":98,"play_id":"82987f6d-fbac-40ff-b5e3-3bccff1e7393","local_time":"20190202233908","is_ascension_mode":false,"campfire_choices":[{"floor":6,"key":"RECALL"},{"data":"Bash","floor":8,"key":"SMITH"},{"data":"True Grit","floor":15,"key":"SMITH"}],"neow_cost":"NONE","seed_source_timestamp":109744733401405,"circlet_count":0,"master_deck":["Strike_R","Strike_R","Strike_R","Strike_R","Strike_R","Defend_R","Defend_R","Defend_R","Defend_R","Bash+1","Cleave","True Grit+1","Hemokinesis","Combust+1","Feel No Pain+1"],"relics":["Burning Blood","Red Skull","Dream Catcher","Frozen Egg 2","Bag of Preparation","Orichalcum","Strawberry"],"potions_floor_usage":[7,16],"damage_taken":[{"damage":11,"enemies":"Jaw Worm","floor":1,"turns":5},{"damage":11,"enemies":"Cultist","floor":4,"turns":5},{"damage":62,"enemies":"Lagavulin","floor":7,"turns":7},{"damage":0,"enemies":"2 Louse","floor":10,"turns":1},{"damage":11,"enemies":"Lots of Slimes","floor":12,"turns":2},{"damage":34,"enemies":"Slime Boss","floor":16,"turns":4}],"seed_played":"594527365424597830","potions_obtained":[{"floor":1,"key":"Regen Potion"},{"floor":7,"key":"Fire Potion"}],"is_trial":false,"path_per_floor":["M","?","?","M","T","R","E","R","T","M","T","M","$","?","R","B"],"character_chosen":"IRONCLAD","items_purchased":["Strawberry"],"campfire_rested":0,"item_purchase_floors":[13],"current_hp_per_floor":[75,75,75,70,70,70,26,26,26,32,32,27,34,34,34,0],"gold":170,"neow_bonus":"RANDOM_COMMON_RELIC","is_prod":false,"is_daily":false,"chose_seed":false,"campfire_upgraded":2,"win_rate":0,"timestamp":1549121948,"path_taken":["M","?","?","?","?","R","E","R","T","M","?","?","$","?","R","BOSS"],"build_version":"2019-01-23","purchased_purges":1,"victory":false,"max_hp_per_floor":[80,80,80,80,80,80,80,80,80,80,80,80,87,87,87,87],"card_choices":[{"not_picked":["Bloodletting","Clothesline"],"picked":"Cleave","floor":1},{"not_picked":["Wild Strike","Clothesline"],"picked":"True Grit","floor":4},{"not_picked":["Wild Strike","Entrench"],"picked":"Hemokinesis","floor":7},{"not_picked":["Sever Soul","Armaments"],"picked":"Combust+1","floor":10},{"not_picked":["Perfected Strike","Clash"],"picked":"Feel No Pain+1","floor":12}],"player_experience":177017,"relics_obtained":[{"floor":7,"key":"Frozen Egg 2"},{"floor":9,"key":"Bag of Preparation"},{"floor":11,"key":"Orichalcum"}],"event_choices":[{"damage_healed":0,"gold_gain":175,"player_choice":"AGREE","damage_taken":0,"max_hp_gain":0,"max_hp_loss":0,"event_name":"Liars Game","floor":2,"gold_loss":0,"cards_obtained":["Doubt"]},{"damage_healed":0,"gold_gain":0,"player_choice":"Box","damage_taken":0,"relics_obtained":["Dream Catcher"],"max_hp_gain":0,"max_hp_loss":0,"event_name":"Big Fish","floor":3,"gold_loss":0,"cards_obtained":["Regret"]},{"cards_removed":["Doubt"],"damage_healed":0,"gold_gain":0,"player_choice":"Removed Curses","damage_taken":0,"max_hp_gain":0,"max_hp_loss":0,"event_name":"Fountain of Cleansing","floor":14,"gold_loss":0}],"is_beta":false,"boss_relics":[],"items_purged_floors":[13],"is_endless":false,"potions_floor_spawned":[1,7],"killed_by":"Slime Boss","ascension_level":0}