{"gold_per_floor":[112,112,112,130,147,147,160,186,186,206,11,11,11,23,23,23],"floor_reached":16,"playtime":429,"items_purged":[],"score":102,"play_id":"d6ca02e4-0469-4795-8fdf-aa461d6fa959","local_time":"20181213235103","is_ascension_mode":false,"campfire_choices":[{"data":"Capacitor","floor":6.0,"key":"SMITH"},{"floor":13.0,"key":"REST"},{"data":"Conserve Battery","floor":15.0,"key":"SMITH"}],"neow_cost":"NONE","seed_source_timestamp":1298798542796971,"circlet_count":0,"master_deck":["Strike_B","Strike_B","Strike_B","Strike_B","Defend_B","Defend_B","Defend_B","Defend_B","Zap+1","Dualcast+1","Capacitor+1","Stack","Conserve Battery+1","Undo"],"special_seed":0,"relics":["Cracked Core","Molten Egg 2","Ice Cream","Runic Capacitor"],"potions_floor_usage":[16],"damage_taken":[{"damage":0.0,"enemies":"2 Louse","floor":1.0,"turns":2.0},{"damage":7.0,"enemies":"Small Slimes","floor":4.0,"turns":3.0},{"damage":1.0,"enemies":"Jaw Worm","floor":5.0,"turns":2.0},{"damage":7.0,"enemies":"Exordium Wildlife","floor":7.0,"turns":3.0},{"damage":43.0,"enemies":"3 Sentries","floor":8.0,"turns":13.0},{"damage":15.0,"enemies":"Gremlin Gang","floor":10.0,"turns":4.0},{"damage":3.0,"enemies":"Looter","floor":14.0,"turns":3.0},{"damage":25,"enemies":"Slime Boss","floor":16,"turns":9}],"seed_played":"-4414716828575649905","potions_obtained":[{"floor":8.0,"key":"Swift Potion"},{"floor":10.0,"key":"SteroidPotion"}],"is_trial":false,"path_per_floor":["M","$","?","M","M","R","M","E","T","M","$","?","R","M","R","B"],"character_chosen":"DEFECT","items_purchased":["Runic Capacitor"],"campfire_rested":1,"item_purchase_floors":[11],"current_hp_per_floor":[75,75,75,68,67,67,60,17,17,2,2,7,31,28,28,3],"gold":23,"neow_bonus":"UPGRADE_CARD","is_prod":false,"is_daily":false,"chose_seed":false,"campfire_upgraded":2,"win_rate":0,"timestamp":1544745063,"path_taken":["M","$","?","M","M","R","M","E","T","M","$","?","R","M","R","BOSS"],"build_version":"2018-12-06","purchased_purges":0,"victory":false,"max_hp_per_floor":[75,75,75,75,75,75,75,75,75,75,75,80,80,80,80,80],"card_choices":[{"not_picked":["Gash","Lockon","Rip and Tear"],"picked":"SKIP","floor":1.0},{"not_picked":["Stack","Redo","Compile Driver"],"picked":"SKIP","floor":4.0},{"not_picked":["Sweeping Beam","Steam"],"picked":"Capacitor","floor":5.0},{"not_picked":["Tempest","Redo","Streamline"],"picked":"SKIP","floor":7.0},{"not_picked":["Turbo","Compile Driver"],"picked":"Stack","floor":8.0},{"not_picked":["Leap","Force Field"],"picked":"Conserve Battery","floor":10.0},{"not_picked":["Blizzard+1","Stack"],"picked":"Undo","floor":14.0}],"player_experience":878901,"relics_obtained":[{"floor":8.0,"key":"Molten Egg 2"},{"floor":9.0,"key":"Ice Cream"}],"event_choices":[{"damage_healed":0.0,"max_hp_gain":0.0,"max_hp_loss":0.0,"gold_gain":0.0,"event_name":"Living Wall","player_choice":"Grow","floor":3.0,"gold_loss":0.0,"damage_taken":0.0,"cards_upgraded":["Zap"]},{"damage_healed":0.0,"max_hp_gain":5.0,"max_hp_loss":0.0,"gold_gain":0.0,"event_name":"Big Fish","player_choice":"Donut","floor":12.0,"gold_loss":0.0,"damage_taken":0.0}],"is_beta":false,"boss_relics":[],"items_purged_floors":[],"is_endless":false,"potions_floor_spawned":[8,10],"killed_by":"Slime Boss","ascension_level":0}