{"gold_per_floor":[14,32,32,107,127,127,127,142,142,154,154,48,48,48,48,143,143,163,262,282,53,70,70,84,84,84,84,84,101,1,13,13,116,116,135,145,161,180,180,180,180,31,31,31,51,51,51,51,51,51],"floor_reached":51,"playtime":2514,"items_purged":["Strike_G","Defend_G"],"score":712,"play_id":"c19178cb-a2db-49bc-8585-7f39ec4b511c","local_time":"20181116000839","is_ascension_mode":false,"campfire_choices":[{"data":"Catalyst","floor":6,"key":"SMITH"},{"data":"Deadly Poison","floor":11,"key":"SMITH"},{"data":"Catalyst","floor":13,"key":"SMITH"},{"data":"Noxious Fumes","floor":15,"key":"SMITH"},{"data":"Malaise","floor":23,"key":"SMITH"},{"data":"Footwork","floor":25,"key":"SMITH"},{"data":"Neutralize","floor":27,"key":"SMITH"},{"data":"Backflip","floor":32,"key":"SMITH"},{"data":"Blur","floor":40,"key":"SMITH"},{"data":"Blur","floor":46,"key":"SMITH"},{"data":"PiercingWail","floor":49,"key":"SMITH"}],"neow_cost":"NO_GOLD","seed_source_timestamp":23015336688462,"circlet_count":0,"master_deck":["Defend_G","Defend_G","Defend_G","Defend_G","Survivor","Neutralize+1","Deadly Poison+1","Catalyst+1","Backflip+1","Noxious Fumes+1","Catalyst+1","Footwork+1","Malaise+1","PiercingWail+1","Malaise","Backflip+1","Blur+1","Blur+1","Crippling Poison","Caltrops","Neutralize+1"],"relics":["Ring of the Snake","Molten Egg 2","Velvet Choker","Oddly Smooth Stone","Omamori","Busted Crown","Bottled Flame"],"potions_floor_usage":[22,50],"damage_taken":[{"damage":0,"enemies":"Small Slimes","floor":1,"turns":4},{"damage":0,"enemies":"Cultist","floor":2,"turns":4},{"damage":0,"enemies":"2 Louse","floor":5,"turns":3},{"damage":0,"enemies":"Blue Slaver","floor":8,"turns":5},{"damage":6,"enemies":"Lots of Slimes","floor":10,"turns":6},{"damage":0,"enemies":"Slime Boss","floor":16,"turns":3},{"damage":5,"enemies":"Shell Parasite","floor":18,"turns":4},{"damage":4,"enemies":"Spheric Guardian","floor":20,"turns":4},{"damage":1,"enemies":"Centurion and Healer","floor":22,"turns":6},{"damage":0,"enemies":"Shelled Parasite and Fungi","floor":24,"turns":3},{"damage":0,"enemies":"3 Cultists","floor":29,"turns":5},{"damage":0,"enemies":"Centurion and Healer","floor":31,"turns":6},{"damage":17,"enemies":"Collector","floor":33,"turns":5},{"damage":6,"enemies":"Orb Walker","floor":35,"turns":5},{"damage":1,"enemies":"3 Shapes","floor":36,"turns":5},{"damage":0,"enemies":"Sphere and 2 Shapes","floor":37,"turns":4},{"damage":0,"enemies":"Maw","floor":38,"turns":6},{"damage":0,"enemies":"Jaw Worm Horde","floor":45,"turns":4},{"damage":8,"enemies":"Donu and Deca","floor":50,"turns":11}],"seed_played":"5278363503707570817","potions_obtained":[{"floor":1,"key":"Dexterity Potion"},{"floor":5,"key":"GamblersBrew"},{"floor":10,"key":"SkillPotion"},{"floor":18,"key":"GhostInAJar"},{"floor":29,"key":"GamblersBrew"},{"floor":31,"key":"Regen Potion"},{"floor":45,"key":"GhostInAJar"}],"is_trial":false,"path_per_floor":["M","M","$","?","M","R","?","M","T","M","R","$","R","?","R","B",null,"M","?","M","$","M","R","M","R","T","R","?","M","$","M","R","B",null,"M","M","M","M","?","R","?","$","T","$","M","R","$","?","R","B",null],"character_chosen":"THE_SILENT","items_purchased":["Catalyst","Footwork","Oddly Smooth Stone","Blur","Crippling Poison"],"campfire_rested":0,"item_purchase_floors":[12,12,21,42,42],"current_hp_per_floor":[70,70,70,59,59,59,59,59,59,53,53,53,53,53,53,53,70,65,65,61,61,60,60,60,60,60,60,60,60,60,60,60,43,70,64,63,63,63,63,63,63,63,63,63,63,63,63,63,63,55],"gold":51,"neow_bonus":"REMOVE_TWO","is_prod":false,"is_daily":false,"chose_seed":false,"campfire_upgraded":11,"win_rate":0,"timestamp":1542344919,"path_taken":["M","M","$","?","M","R","?","M","T","?","R","$","R","?","R","BOSS","M","?","M","$","M","R","M","R","T","R","?","?","$","M","R","BOSS","M","M","M","M","?","R","?","?","T","?","M","R","$","?","R","BOSS"],"build_version":"2018-11-15","purchased_purges":2,"victory":true,"max_hp_per_floor":[70,70,70,70,70,70,70,70,70,70,70,70,70,70,70,70,70,70,70,70,70,70,70,70,70,70,70,70,70,70,70,70,70,70,70,70,70,70,70,70,66,66,66,66,66,66,66,66,66,66],"card_choices":[{"not_picked":["Setup","Blade Dance"],"picked":"Deadly Poison","floor":1},{"not_picked":["Dagger Spray","Dash"],"picked":"Catalyst","floor":2},{"not_picked":["Acrobatics","Caltrops"],"picked":"Backflip","floor":5},{"not_picked":["Underhanded Strike","Expertise"],"picked":"Noxious Fumes","floor":8},{"not_picked":["Deflect","Cloak And Dagger","Prepared"],"picked":"SKIP","floor":10},{"not_picked":["Venomology","Adrenaline"],"picked":"Malaise","floor":16},{"not_picked":["Dagger Throw+1","Terror"],"picked":"PiercingWail","floor":18},{"not_picked":["Reflex","Quick Slash+1"],"picked":"Dagger Spray+1","floor":20},{"not_picked":["Dagger Throw+1","Infinite Blades+1","Slice+1"],"picked":"SKIP","floor":22},{"not_picked":["Doppelganger","Deflect","Heel Hook+1"],"picked":"SKIP","floor":24},{"not_picked":["Concentrate","Setup+1","Distraction"],"picked":"SKIP","floor":29},{"not_picked":["Dagger Throw+1","Accuracy","Prepared"],"picked":"SKIP","floor":31},{"not_picked":["Envenom","Tools of the Trade"],"picked":"Malaise","floor":33},{"not_picked":[],"picked":"Backflip+1","floor":35},{"not_picked":["All Out Attack+1"],"picked":"SKIP","floor":36},{"not_picked":["Skewer+1"],"picked":"SKIP","floor":37},{"not_picked":[],"picked":"Blur","floor":38},{"not_picked":["Eviscerate+1"],"picked":"SKIP","floor":45}],"player_experience":3351725,"relics_obtained":[{"floor":9,"key":"Molten Egg 2"},{"floor":26,"key":"Omamori"},{"floor":43,"key":"Bottled Flame"}],"event_choices":[{"damage_healed":0,"gold_gain":75,"player_choice":"Gather Gold","damage_taken":11,"max_hp_gain":0,"max_hp_loss":0,"event_name":"World of Goop","floor":4,"gold_loss":0},{"cards_removed":["Strike_G"],"damage_healed":0,"gold_gain":0,"player_choice":"Card Removal","damage_taken":0,"max_hp_gain":0,"max_hp_loss":0,"event_name":"Wheel of Change","floor":7,"gold_loss":0},{"damage_healed":0,"gold_gain":0,"player_choice":"Searched \u00270\u0027 times","damage_taken":0,"max_hp_gain":0,"max_hp_loss":0,"event_name":"Dead Adventurer","floor":14,"gold_loss":0},{"damage_healed":0,"gold_gain":99,"player_choice":"Stole From Cult","damage_taken":0,"max_hp_gain":0,"max_hp_loss":0,"event_name":"Nest","floor":19,"gold_loss":0},{"cards_removed":["Strike_G"],"damage_healed":0,"gold_gain":0,"player_choice":"Offered Basic","damage_taken":0,"max_hp_gain":0,"max_hp_loss":0,"event_name":"Bonfire Elementals","floor":28,"gold_loss":0},{"cards_removed":["Dagger Spray"],"damage_healed":0,"gold_gain":0,"player_choice":"Removed Attack","damage_taken":0,"max_hp_gain":0,"max_hp_loss":0,"event_name":"Falling","floor":39,"gold_loss":0},{"damage_healed":0,"gold_gain":0,"player_choice":"Max HP","damage_taken":0,"max_hp_gain":0,"max_hp_loss":4,"event_name":"Winding Halls","floor":41,"gold_loss":0},{"damage_healed":0,"gold_gain":0,"player_choice":"2 cards matched","damage_taken":0,"max_hp_gain":0,"max_hp_loss":0,"event_name":"Match and Keep!","floor":48,"gold_loss":0,"cards_obtained":["Caltrops","Neutralize"]}],"is_beta":false,"boss_relics":[{"not_picked":["Runic Pyramid","Runic Dome"],"picked":"Velvet Choker"},{"not_picked":["Orrery","Eternal Feather"],"picked":"Busted Crown"}],"items_purged_floors":[21,30],"is_endless":false,"potions_floor_spawned":[1,5,10,16,18,20,29,31,36,45],"ascension_level":0}