{"path_per_floor":["M","M","?","M","M","E","R","M","T","E","?","M","R","E","R","B",null,"M","?","?","M","M","R","T","E","T","$","M","R","M","M","R","B",null,"M","M","?","?","M","R","?"],"character_chosen":"IRONCLAD","items_purchased":["Bird Faced Urn","Inflame"],"gold_per_floor":[118,137,137,147,158,192,192,204,204,234,234,249,249,280,280,378,378,389,304,304,318,333,333,333,365,365,17,30,30,42,54,54,158,158,173,184,184,0,13,13,13,13],"floor_reached":42,"campfire_rested":4,"playtime":3392,"current_hp_per_floor":[80,80,80,80,77,58,58,64,64,52,45,51,75,80,80,24,80,80,80,80,71,68,68,68,40,40,40,19,43,53,51,75,36,80,48,58,58,58,26,50,50,0],"items_purged":["Injury"],"gold":13,"score":465,"play_id":"8ff24d0e-7036-4772-b554-f7df81a24b22","local_time":"20180504205241","is_prod":false,"is_daily":false,"chose_seed":false,"is_ascension_mode":false,"campfire_upgraded":3,"timestamp":1525463561,"path_taken":["M","M","?","M","M","E","R","M","T","E","?","M","R","E","R","BOSS","M","?","?","?","?","R","?","E","T","$","?","R","M","M","R","BOSS","M","M","?","?","M","R","?","E"],"build_version":"2018-05-03","seed_source_timestamp":1641817078372424,"purchased_purges":1,"victory":false,"master_deck":["Strike_R","Strike_R","Strike_R","Strike_R","Defend_R","Defend_R+1","Defend_R+1","Bash","Flex+1","Heavy Blade","Cleave+1","Clash","Pommel Strike","Double Tap","Twin Strike","Whirlwind","Power Through","Impervious","Cleave","Infernal Blade+1","Uppercut","Clothesline","Wild Strike","Flame Barrier","Metallicize","Armaments+1","Twin Strike+1","Inflame","Shrug It Off+1","Inflame","Infernal Blade","Limit Break","Flex","Anger+1"],"max_hp_per_floor":[80,80,80,80,80,80,80,80,80,80,80,80,80,80,80,80,80,80,80,80,80,80,80,80,80,80,80,80,80,80,80,80,80,80,80,80,80,80,80,80,80,80],"relics":["Burning Blood","Peace Pipe","Bottled Flame","War Paint","Ornamental Fan","Orrery","Bronze Scales","The Courier","Bag of Preparation","Oddly Smooth Stone","Bird Faced Urn","Black Star","Red Mask"],"card_choices":[{"not_picked":["Headbutt","Havoc"],"picked":"Flex","floor":1},{"not_picked":["Disarm","Havoc"],"picked":"Heavy Blade","floor":2},{"not_picked":["Warcry","Sever Soul"],"picked":"Cleave","floor":4},{"not_picked":["Sword Boomerang","Heavy Blade"],"picked":"Clash","floor":5},{"not_picked":["Spot Weakness","Power Through"],"picked":"Pommel Strike","floor":6},{"not_picked":["Cleave","Headbutt"],"picked":"Double Tap","floor":8},{"not_picked":["Havoc","Clash"],"picked":"Twin Strike","floor":10},{"not_picked":["True Grit","Flame Barrier"],"picked":"Whirlwind","floor":12},{"not_picked":["Fire Breathing","Metallicize"],"picked":"Power Through","floor":14},{"not_picked":["Juggernaut","Berserk"],"picked":"Impervious","floor":16},{"not_picked":["Combust","Bloodletting"],"picked":"Cleave","floor":17},{"not_picked":["Anger","Clothesline"],"picked":"Infernal Blade","floor":17},{"not_picked":["Clash","Burning Pact"],"picked":"Uppercut","floor":17},{"not_picked":["Rupture","Havoc"],"picked":"Clothesline","floor":17},{"not_picked":["Clash","Brutality"],"picked":"Wild Strike","floor":17},{"not_picked":["Iron Wave","Clothesline"],"picked":"Flame Barrier","floor":18},{"not_picked":["Rampage","Infernal Blade"],"picked":"Metallicize","floor":21},{"not_picked":["Seeing Red","Body Slam"],"picked":"Armaments","floor":22},{"not_picked":["Pummel","Second Wind"],"picked":"Twin Strike","floor":25},{"not_picked":["Perfected Strike","Body Slam"],"picked":"Shrug It Off","floor":28},{"not_picked":["Thunderclap","Reckless Charge"],"picked":"Inflame","floor":30},{"not_picked":["Cleave","Sentinel"],"picked":"Infernal Blade","floor":31},{"not_picked":["Juggernaut","Impervious"],"picked":"Limit Break","floor":33},{"not_picked":["True Grit","Perfected Strike"],"picked":"Flex","floor":35},{"not_picked":["Blood for Blood","Cleave"],"picked":"Anger","floor":36}],"player_experience":182050,"potions_floor_usage":[10,14,14,22,33,35,36],"damage_taken":[{"damage":3,"enemies":"Jaw Worm","floor":1,"turns":6},{"damage":3,"enemies":"Small Slimes","floor":2,"turns":4},{"damage":1,"enemies":"Cultist","floor":4,"turns":3},{"damage":9,"enemies":"Exordium Thugs","floor":5,"turns":4},{"damage":25,"enemies":"3 Sentries","floor":6,"turns":7},{"damage":0,"enemies":"3 Louse","floor":8,"turns":1},{"damage":18,"enemies":"Gremlin Nob","floor":10,"turns":3},{"damage":0,"enemies":"Large Slime","floor":12,"turns":3},{"damage":0,"enemies":"Lagavulin","floor":14,"turns":2},{"damage":62,"enemies":"The Guardian","floor":16,"turns":10},{"damage":0,"enemies":"Chosen","floor":18,"turns":5},{"damage":15,"enemies":"Shell Parasite","floor":21,"turns":4},{"damage":9,"enemies":"Centurion and Healer","floor":22,"turns":7},{"damage":34,"enemies":"Slavers","floor":25,"turns":4},{"damage":29,"enemies":"Slaver and Parasite","floor":28,"turns":7},{"damage":0,"enemies":"Snecko","floor":30,"turns":5},{"damage":8,"enemies":"Snake Plant","floor":31,"turns":3},{"damage":49,"enemies":"Champ","floor":33,"turns":12},{"damage":38,"enemies":"3 Darklings","floor":35,"turns":4},{"damage":10,"enemies":"Orb Walker","floor":36,"turns":5},{"damage":44,"enemies":"4 Shapes","floor":39,"turns":7},{"damage":61,"enemies":"Nemesis","floor":42,"turns":4}],"event_choices":[{"event_name":"Liars Game","player_choice":"disagreed","floor":3,"damage_taken":0},{"event_name":"Golden Wing","player_choice":"Card Removal","floor":11,"damage_taken":0},{"event_name":"Addict","player_choice":"Obtained Relic","floor":19,"damage_taken":0},{"event_name":"Accursed Blacksmith","player_choice":"Forge","floor":20,"damage_taken":0},{"event_name":"Mysterious Sphere","player_choice":"Ignore","floor":37,"damage_taken":0},{"event_name":"Tomb of Lord Red Mask","player_choice":"Paid","floor":38,"damage_taken":0}],"boss_relics":[{"not_picked":["Runic Cube","Astrolabe"],"picked":"Orrery"},{"not_picked":["Philosopher\u0027s Stone","Calling Bell"],"picked":"Black Star"}],"potions_floor_spawned":[1,8,10,16,22,28,31,35,36],"seed_played":"7593100612654144261","killed_by":"Nemesis","ascension_level":0,"is_trial":false}