{"gold_per_floor":[217,14,14,39,39,39,74,87,110,34,65,65,85,109,109,235,235,258,258,277,303,315,327,393,405,417,429,460,365,408,433,433,558,558,581,531,556,556,581,581,115,133,156,172,172,190,190,206,206,206],"floor_reached":51,"playtime":1758,"items_purged":["Strike_B","Defend_B","Defend_B"],"score":702,"play_id":"733a9f68-7678-4ff9-b82b-8bcb8219a4f3","local_time":"20190129215919","is_ascension_mode":false,"campfire_choices":[{"data":"Dualcast","floor":6.0,"key":"SMITH"},{"data":"Defragment","floor":12.0,"key":"SMITH"},{"data":"Zap","floor":15.0,"key":"SMITH"},{"data":"Echo Form","floor":23,"key":"SMITH"},{"data":"Capacitor","floor":25,"key":"SMITH"},{"data":"Ball Lightning","floor":27,"key":"SMITH"},{"data":"Conserve Battery","floor":32,"key":"SMITH"},{"data":"Blizzard","floor":40,"key":"SMITH"},{"data":"Buffer","floor":45,"key":"SMITH"},{"data":"Capacitor","floor":47,"key":"SMITH"},{"floor":49,"key":"REST"}],"neow_cost":"NONE","seed_source_timestamp":3117413692770776,"circlet_count":0,"master_deck":["Strike_B","Strike_B","Defend_B","Defend_B","Zap+1","Dualcast+1","Auto Shields","Chill","Ball Lightning+1","Defragment+1","Capacitor+1","Conserve Battery+1","Echo Form+1","Barrage+1","Chill","Seek","White Noise+1","Go for the Eyes+1","Chill+1","Blizzard+1","Defragment+1","Glacier","Blizzard+1","Defragment+1","Buffer+1","Capacitor+1"],"special_seed":0,"relics":["FrozenCore","Runic Capacitor","Golden Idol","Smiling Mask","Dream Catcher","Lantern","MawBank","Regal Pillow","The Courier","Art of War","Orrery","DollysMirror","DataDisk","Boot"],"potions_floor_usage":[16,50,50],"damage_taken":[{"damage":0.0,"enemies":"Cultist","floor":1.0,"turns":3.0},{"damage":0.0,"enemies":"Jaw Worm","floor":4.0,"turns":3.0},{"damage":10.0,"enemies":"Lagavulin","floor":7.0,"turns":8.0},{"damage":0.0,"enemies":"Small Slimes","floor":8.0,"turns":3.0},{"damage":12.0,"enemies":"Gremlin Nob","floor":11.0,"turns":4.0},{"damage":1.0,"enemies":"Looter","floor":13.0,"turns":3.0},{"damage":1.0,"enemies":"3 Louse","floor":14.0,"turns":2.0},{"damage":31,"enemies":"Slime Boss","floor":16,"turns":9},{"damage":8,"enemies":"Spheric Guardian","floor":18,"turns":6},{"damage":0,"enemies":"Chosen","floor":20,"turns":6},{"damage":0,"enemies":"Sentry and Sphere","floor":28,"turns":5},{"damage":15,"enemies":"Slavers","floor":30,"turns":7},{"damage":5,"enemies":"Snake Plant","floor":31,"turns":6},{"damage":15,"enemies":"Collector","floor":33,"turns":9},{"damage":0,"enemies":"3 Darklings","floor":35,"turns":7},{"damage":0,"enemies":"Orb Walker","floor":37,"turns":6},{"damage":12,"enemies":"Spire Growth","floor":39,"turns":5},{"damage":0,"enemies":"4 Shapes","floor":42,"turns":6},{"damage":0,"enemies":"Writhing Mass","floor":44,"turns":8},{"damage":0,"enemies":"Maw","floor":46,"turns":6},{"damage":0,"enemies":"Spire Growth","floor":48,"turns":6},{"damage":6,"enemies":"Time Eater","floor":50,"turns":11}],"seed_played":"-2578588456734170065","potions_obtained":[{"floor":1.0,"key":"Fire Potion"},{"floor":8.0,"key":"Poison Potion"},{"floor":14.0,"key":"Energy Potion"},{"floor":16,"key":"SteroidPotion"},{"floor":33,"key":"Strength Potion"},{"floor":35,"key":"PowerPotion"}],"is_trial":false,"path_per_floor":["M","$","?","M","$","R","E","M","T","$","E","R","M","M","R","B",null,"M","?","M","T","?","R","T","R","T","R","M","$","E","M","R","B",null,"M","$","M","?","M","R","$","M","T","M","R","M","R","M","R","B",null],"character_chosen":"DEFECT","items_purchased":["Runic Capacitor","Defragment","Chill","DollysMirror","DataDisk","Buffer"],"campfire_rested":1,"item_purchase_floors":[2,10,29,41,41,41],"current_hp_per_floor":[75,75,57,57,57,57,47,47,47,47,35,35,34,33,33,2,75,67,67,67,67,67,67,67,67,67,67,67,67,52,47,47,32,75,75,75,75,75,63,63,63,63,63,63,63,63,63,63,75,69],"gold":206,"neow_bonus":"HUNDRED_GOLD","is_prod":false,"is_daily":false,"chose_seed":false,"campfire_upgraded":10,"win_rate":0,"timestamp":1548799159,"path_taken":["M","$","?","M","$","R","E","M","T","$","E","R","M","M","R","BOSS","M","?","M","?","?","R","?","R","T","R","M","$","E","M","R","BOSS","M","$","M","?","M","R","$","M","T","M","R","?","R","M","R","BOSS"],"build_version":"2019-01-23","purchased_purges":3,"victory":true,"max_hp_per_floor":[75,75,75,75,75,75,75,75,75,75,75,75,75,75,75,75,75,75,75,75,75,75,75,75,75,75,75,75,75,75,75,75,75,75,75,75,75,75,75,75,75,75,75,75,75,75,75,75,75,75],"card_choices":[{"not_picked":["Skim","Consume"],"picked":"Auto Shields","floor":1.0},{"not_picked":["Streamline","Sunder","Turbo"],"picked":"SKIP","floor":4.0},{"not_picked":["Gash","Fusion"],"picked":"Chill","floor":7.0},{"not_picked":["Redo","Compile Driver"],"picked":"Ball Lightning","floor":8.0},{"not_picked":["Go for the Eyes","Meteor Strike"],"picked":"Capacitor","floor":11.0},{"not_picked":["Go for the Eyes","Cold Snap"],"picked":"Conserve Battery","floor":13.0},{"not_picked":["Steam","Melter","Blizzard"],"picked":"SKIP","floor":14.0},{"not_picked":["Multi-Cast","Reboot"],"picked":"Echo Form","floor":16},{"not_picked":["Stack+1","Go for the Eyes"],"picked":"Barrage+1","floor":18},{"not_picked":["Redo","Go for the Eyes","Compile Driver+1"],"picked":"SKIP","floor":20},{"not_picked":["Hologram","Turbo","Cold Snap"],"picked":"SKIP","floor":28},{"not_picked":["Steam+1","Conserve Battery","Self Repair+1"],"picked":"SKIP","floor":30},{"not_picked":["Compile Driver","Ball Lightning","Reboot"],"picked":"SKIP","floor":31},{"not_picked":["Fission","Multi-Cast"],"picked":"Seek","floor":33},{"not_picked":["Sweeping Beam","Hello World"],"picked":"White Noise+1","floor":34},{"not_picked":["Rebound+1","Hologram"],"picked":"Go for the Eyes+1","floor":34},{"not_picked":["Hologram","Sweeping Beam"],"picked":"Chill+1","floor":34},{"not_picked":["Turbo","Hologram"],"picked":"Blizzard","floor":34},{"not_picked":["Cold Snap","Redo"],"picked":"Defragment+1","floor":35},{"not_picked":["Beam Cell","Creative AI"],"picked":"Glacier","floor":37},{"not_picked":["Doom and Gloom+1","Chaos"],"picked":"Blizzard+1","floor":39},{"not_picked":["Conserve Battery+1","Go for the Eyes+1","Sweeping Beam+1"],"picked":"SKIP","floor":42},{"not_picked":["Go for the Eyes+1","Cold Snap+1","Barrage"],"picked":"SKIP","floor":44},{"not_picked":["Genetic Algorithm+1","Doom and Gloom+1"],"picked":"Capacitor","floor":46},{"not_picked":["Reprogram+1","Streamline+1","Ball Lightning+1"],"picked":"SKIP","floor":48}],"player_experience":1006404,"relics_obtained":[{"floor":7.0,"key":"Smiling Mask"},{"floor":9.0,"key":"Dream Catcher"},{"floor":11.0,"key":"Lantern"},{"floor":21,"key":"MawBank"},{"floor":24,"key":"Regal Pillow"},{"floor":26,"key":"The Courier"},{"floor":30,"key":"Art of War"},{"floor":43,"key":"Boot"}],"event_choices":[{"damage_healed":0.0,"max_hp_gain":0.0,"max_hp_loss":0.0,"gold_gain":0.0,"event_name":"Golden Idol","player_choice":"Take Damage","floor":3.0,"gold_loss":0.0,"damage_taken":18.0,"relics_obtained":["Golden Idol"]},{"damage_healed":0,"gold_gain":0,"player_choice":"Ignored","damage_taken":0,"max_hp_gain":0,"max_hp_loss":0,"event_name":"Cursed Tome","floor":19,"gold_loss":0},{"damage_healed":0,"gold_gain":0,"player_choice":"Ignored","damage_taken":0,"max_hp_gain":0,"max_hp_loss":0,"event_name":"Ghosts","floor":22,"gold_loss":0},{"cards_removed":["Strike_B"],"damage_healed":0,"gold_gain":0,"player_choice":"Card Removal","damage_taken":0,"max_hp_gain":0,"max_hp_loss":0,"event_name":"Wheel of Change","floor":38,"gold_loss":0}],"is_beta":false,"boss_relics":[{"not_picked":["Ectoplasm","Velvet Choker"],"picked":"FrozenCore"},{"not_picked":["Philosopher\u0027s Stone","Runic Pyramid"],"picked":"Orrery"}],"items_purged_floors":[29,36,41],"is_endless":false,"potions_floor_spawned":[1,8,14,16,20,30,31,33,35,44,46],"ascension_level":0}