{"gold_per_floor":[118,43,43,43,53,53,80,80,105,138,149,38,53,64,64,169,169,188,88,88,88,88,114,134,134,134,134,59,59,74,74,74,180,180,210,239,114,137,137],"floor_reached":39,"playtime":1834,"items_purged":["Strike_R","Strike_R","Strike_R"],"score":833,"play_id":"981f1779-293d-400d-b906-c69f4b2385a4","local_time":"20190117203712","is_ascension_mode":true,"campfire_choices":[{"data":"Bash","floor":6,"key":"SMITH"},{"floor":8,"key":"REST"},{"floor":15,"key":"REST"},{"floor":25,"key":"REST"},{"floor":27,"key":"REST"},{"data":"Brutality","floor":29,"key":"SMITH"},{"data":"Life Link","floor":32,"key":"SMITH"}],"neow_cost":"","seed_source_timestamp":700314103872892,"circlet_count":0,"master_deck":["Strike_R","Defend_R","Defend_R","Defend_R","Defend_R","Bash+1","Whirlwind+1","Uppercut","Carnage","Seeing Red","Juggernaut+1","Life Link+1","Run Through","Impervious","Brutality+1","Wild Strike+1","Rampage+1","Feed","Combust","Pommel Strike+1"],"relics":["Burning Blood","Torii","Dodecahedron","Bag of Preparation","Happy Flower","ReplayTheSpireMod:Shallot","Runic Cube","hubris:TinFlute","Potion Belt","Replay:Accelerometer","infinitespire:EvilPickle","hubris:CrackedHourglass"],"potions_floor_usage":[],"damage_taken":[{"damage":7,"enemies":"Jaw Worm","floor":1,"turns":5},{"damage":0,"enemies":"Cultist","floor":5,"turns":3},{"damage":29,"enemies":"Erikyupuro","floor":7,"turns":8},{"damage":45,"enemies":"Lagavulin","floor":10,"turns":6},{"damage":0,"enemies":"2 Louse","floor":11,"turns":2},{"damage":1,"enemies":"Blue Slaver","floor":13,"turns":2},{"damage":14,"enemies":"Large Slime","floor":14,"turns":4},{"damage":12,"enemies":"Slime Boss","floor":16,"turns":8},{"damage":0,"enemies":"3 Byrds","floor":18,"turns":3},{"damage":56,"enemies":"Slavers","floor":23,"turns":4},{"damage":8,"enemies":"2 Thieves","floor":24,"turns":4},{"damage":15,"enemies":"3 Cultists","floor":30,"turns":3},{"damage":49,"enemies":"Pondfish","floor":33,"turns":12},{"damage":26,"enemies":"3 Shapes","floor":35,"turns":3},{"damage":9,"enemies":"3 Darklings","floor":36,"turns":3},{"damage":56,"enemies":"Maw","floor":38,"turns":7},{"damage":17,"enemies":"Spire Growth","floor":39,"turns":3}],"seed_played":"-3144233596532110372","potions_obtained":[{"floor":7,"key":"Elixir"},{"floor":11,"key":"Elixir"},{"floor":13,"key":"Elixir"},{"floor":23,"key":"Elixir"},{"floor":30,"key":"EntropicBrew"}],"is_trial":false,"path_per_floor":["M","$","?","?","M","R","E","R","T","E","M","$","M","M","R","B",null,"M","$","?","?","?","E","M","R","T","R","?","R","M","?","R","B",null,"M","M","$","M","M"],"character_chosen":"IRONCLAD","items_purchased":["Juggernaut+1"],"campfire_rested":4,"item_purchase_floors":[12],"current_hp_per_floor":[68,68,68,68,74,74,51,75,75,36,42,42,47,39,63,57,80,80,80,80,80,72,22,20,44,44,68,68,68,59,80,80,37,80,60,57,57,7,0],"gold":137,"neow_bonus":"","is_prod":false,"is_daily":false,"chose_seed":false,"campfire_upgraded":3,"win_rate":0,"timestamp":1547728632,"path_taken":["M","$","?","?","M","R","E","R","T","E","?","$","M","M","R","BOSS","M","$","?","?","?","E","?","R","T","R","?","R","M","?","R","BOSS","M","M","$","M","M"],"build_version":"2019-01-10","purchased_purges":3,"victory":false,"max_hp_per_floor":[80,80,80,80,80,80,80,80,80,80,80,80,80,80,80,80,80,80,80,80,80,80,80,80,80,80,80,80,80,80,80,80,80,80,80,80,80,80,80],"card_choices":[{"not_picked":["Flex","Anger"],"picked":"Whirlwind","floor":1},{"not_picked":["Defy Death","Armaments"],"picked":"Uppercut","floor":5},{"not_picked":["Dropkick","Clothesline","Flex"],"picked":"SKIP","floor":7},{"not_picked":["Clash","Clothesline"],"picked":"Carnage","floor":10},{"not_picked":["Headbutt","Bloodletting"],"picked":"Seeing Red","floor":11},{"not_picked":["Ghostly Armor","Anger"],"picked":"Life Link","floor":13},{"not_picked":["Armaments","ReplayTheSpireMod:Stacked"],"picked":"Run Through","floor":14},{"not_picked":["Demonic Infusion","hubris:StunningStrike"],"picked":"Impervious","floor":16},{"not_picked":["Wild Strike","Anger","Body Slam"],"picked":"SKIP","floor":18},{"not_picked":["Ghostly Armor","Abandon"],"picked":"Brutality","floor":23},{"not_picked":["ReplayTheSpireMod:Muscle Training","Battle Trance"],"picked":"Wild Strike+1","floor":24},{"not_picked":["Blood for Blood","Armaments"],"picked":"Rampage+1","floor":30},{"not_picked":["Juggernaut","Brutality"],"picked":"Feed","floor":33},{"not_picked":["Wild Strike","Run Through","Defy Death+1"],"picked":"SKIP","floor":35},{"not_picked":["Pommel Strike","Flex"],"picked":"Combust","floor":36},{"not_picked":["Heavy Blade+1","Clash+1"],"picked":"Pommel Strike+1","floor":38}],"player_experience":127795,"relics_obtained":[{"floor":7,"key":"Dodecahedron"},{"floor":9,"key":"Bag of Preparation"},{"floor":10,"key":"ReplayTheSpireMod:Shallot"},{"floor":23,"key":"Potion Belt"},{"floor":26,"key":"Replay:Accelerometer"}],"event_choices":[{"damage_healed":0,"gold_gain":0,"player_choice":"Ignored","damage_taken":0,"max_hp_gain":0,"max_hp_loss":0,"event_name":"Ghosts","floor":21,"gold_loss":0},{"damage_healed":0,"gold_gain":0,"player_choice":"Damaged","damage_taken":8,"max_hp_gain":0,"max_hp_loss":0,"event_name":"Wheel of Change","floor":22,"gold_loss":0},{"cards_removed":["ReplayReversal"],"damage_healed":0,"gold_gain":0,"player_choice":"Gave Gold","damage_taken":0,"max_hp_gain":0,"max_hp_loss":0,"event_name":"Beggar","floor":28,"gold_loss":75},{"damage_healed":26,"gold_gain":0,"player_choice":"Heal","damage_taken":0,"max_hp_gain":0,"max_hp_loss":0,"event_name":"The Library","floor":31,"gold_loss":0}],"is_beta":false,"boss_relics":[{"not_picked":["Astrolabe","Lizard Tail"],"picked":"Runic Cube"},{"not_picked":["Coffee Dripper","Empty Cage"],"picked":"hubris:CrackedHourglass"}],"items_purged_floors":[2,19,37],"is_endless":false,"potions_floor_spawned":[7,11,13,23,30,35],"killed_by":"Spire Growth","ascension_level":2}