{"gold_per_floor":[210,224,145,220,232,232,262,272,272,283,309,328,328,66,66,162,162,181,110,130,405,305,305,319,319,349,349,360,379,379,379,379,481,481,496,496,513,513,340,375,375,394,394,412,423,436,436,14,14,14],"floor_reached":51,"playtime":1788,"items_purged":["Defend_B","Regret","Strike_B","Strike_B"],"score":814,"play_id":"7341055c-1e8d-4ac4-b59b-f3ca655ebce3","local_time":"20190120012608","is_ascension_mode":false,"campfire_choices":[{"data":"Dualcast","floor":6.0,"key":"SMITH"},{"data":"Apotheosis","floor":15.0,"key":"SMITH"},{"data":"Zap","floor":23,"key":"SMITH"},{"data":"Capacitor","floor":25,"key":"SMITH"},{"data":"Blizzard","floor":27,"key":"SMITH"},{"data":"Ball Lightning","floor":30,"key":"SMITH"},{"floor":32,"key":"REST"},{"floor":41,"key":"REST"},{"floor":47,"key":"REST"},{"floor":49,"key":"RECALL"}],"neow_cost":"NONE","seed_source_timestamp":2265879528460743,"circlet_count":0,"master_deck":["Defend_B","Defend_B","Defend_B","Zap+1","Dualcast+1","Chill","Conserve Battery","Capacitor+1","Cold Snap","Ball Lightning+1","Chill","Coolheaded","Blizzard+1","Apotheosis+1","Coolheaded+1","Glacier","Chill+1","Electrodynamics","Chill+1","Ball Lightning","Undo","Defragment"],"special_seed":0,"relics":["Cracked Core","Pear","FossilizedHelix","Empty Cage","Tiny Chest","Fusion Hammer","Dead Branch","Shuriken","Blood Vial","Oddly Smooth Stone"],"potions_floor_usage":[44,50,50,50],"damage_taken":[{"damage":5.0,"enemies":"Small Slimes","floor":1.0,"turns":4.0},{"damage":0.0,"enemies":"Cultist","floor":2.0,"turns":3.0},{"damage":0.0,"enemies":"Jaw Worm","floor":5.0,"turns":3.0},{"damage":6.0,"enemies":"Lagavulin","floor":7.0,"turns":8.0},{"damage":0.0,"enemies":"3 Louse","floor":8.0,"turns":3.0},{"damage":6.0,"enemies":"Lots of Slimes","floor":10.0,"turns":4.0},{"damage":15.0,"enemies":"3 Sentries","floor":11.0,"turns":9.0},{"damage":0.0,"enemies":"Red Slaver","floor":12.0,"turns":4.0},{"damage":15.0,"enemies":"Hexaghost","floor":16.0,"turns":10.0},{"damage":0.0,"enemies":"Spheric Guardian","floor":18.0,"turns":4.0},{"damage":8.0,"enemies":"Chosen","floor":20.0,"turns":7.0},{"damage":2,"enemies":"Snecko","floor":24,"turns":9},{"damage":0,"enemies":"Snake Plant","floor":28,"turns":6},{"damage":0,"enemies":"Sentry and Sphere","floor":29,"turns":6},{"damage":37,"enemies":"Champ","floor":33,"turns":16},{"damage":0,"enemies":"3 Darklings","floor":35,"turns":3},{"damage":0,"enemies":"Orb Walker","floor":37,"turns":4},{"damage":12,"enemies":"Reptomancer","floor":40,"turns":8},{"damage":0,"enemies":"Jaw Worm Horde","floor":42,"turns":3},{"damage":0,"enemies":"Writhing Mass","floor":44,"turns":6},{"damage":0,"enemies":"Sphere and 2 Shapes","floor":45,"turns":3},{"damage":0,"enemies":"4 Shapes","floor":46,"turns":4},{"damage":0,"enemies":"Donu and Deca","floor":50,"turns":8}],"seed_played":"-6586074937345294104","potions_obtained":[{"floor":1.0,"key":"SteroidPotion"},{"floor":5.0,"key":"Energy Potion"},{"floor":12.0,"key":"Ancient Potion"},{"floor":18.0,"key":"FocusPotion"},{"floor":44,"key":"Regen Potion"}],"is_trial":false,"path_per_floor":["M","M","$","?","M","R","E","M","T","M","E","M","?","$","R","B",null,"M","$","M","?","$","R","M","R","T","R","M","M","R","?","R","B",null,"M","T","M","?","$","E","R","M","T","M","M","M","R","$","R","B",null],"character_chosen":"DEFECT","items_purchased":["Capacitor","Cold Snap","Apotheosis","Glacier","Ball Lightning","Defragment","Oddly Smooth Stone","Dexterity Potion"],"campfire_rested":3,"item_purchase_floors":[3,3,14,19,39,48,48,48],"current_hp_per_floor":[70,70,70,63,63,63,67,67,67,61,46,46,51,51,51,36,90,90,90,82,82,82,82,80,80,80,80,80,80,80,80,90,53,90,90,90,90,90,90,78,90,90,90,90,90,90,90,90,90,90],"gold":14,"neow_bonus":"HUNDRED_GOLD","is_prod":false,"is_daily":false,"chose_seed":false,"campfire_upgraded":6,"win_rate":0,"timestamp":1547947568,"path_taken":["M","M","$","?","M","R","E","M","T","M","E","?","?","$","R","BOSS","M","$","M","?","$","R","?","R","T","R","M","M","R","?","R","BOSS","M","?","M","?","$","E","R","M","T","M","M","M","R","$","R","BOSS"],"build_version":"2019-01-17v2","purchased_purges":4,"victory":true,"max_hp_per_floor":[75,75,75,75,75,75,85,85,85,85,85,85,90,90,90,90,90,90,90,90,90,90,90,90,90,90,90,90,90,90,90,90,90,90,90,90,90,90,90,90,90,90,90,90,90,90,90,90,90,90],"card_choices":[{"not_picked":["Lockon","Redo"],"picked":"Chill","floor":1.0},{"not_picked":["Self Repair","Reinforced Body"],"picked":"Conserve Battery","floor":2.0},{"not_picked":["Double Energy","Hologram","Chaos"],"picked":"SKIP","floor":5.0},{"not_picked":["Streamline","Conserve Battery"],"picked":"Ball Lightning","floor":7.0},{"not_picked":["Reboot","Gash","Heatsinks"],"picked":"SKIP","floor":8.0},{"not_picked":["Static Discharge","Beam Cell"],"picked":"Chill","floor":10.0},{"not_picked":["Compile Driver","Biased Cognition"],"picked":"Coolheaded","floor":11.0},{"not_picked":["Steam","Stack"],"picked":"Blizzard","floor":12.0},{"not_picked":["Stack","Barrage"],"picked":"Coolheaded+1","floor":18.0},{"not_picked":["Turbo+1","Barrage+1","Storm"],"picked":"SKIP","floor":20.0},{"not_picked":["Stack","Conserve Battery+1"],"picked":"Chill+1","floor":24},{"not_picked":["Steam","Compile Driver+1","Hologram"],"picked":"SKIP","floor":28},{"not_picked":["Genetic Algorithm","Core Surge","Coolheaded+1"],"picked":"SKIP","floor":29},{"not_picked":["Biased Cognition","Fission"],"picked":"Electrodynamics","floor":33},{"not_picked":["Conserve Battery","Stack"],"picked":"Chill+1","floor":35},{"not_picked":["Lockon","Aggregate+1","Double Energy"],"picked":"SKIP","floor":37},{"not_picked":["Leap+1","Compile Driver"],"picked":"Undo","floor":40},{"not_picked":["Hologram","Cold Snap+1","Genetic Algorithm"],"picked":"SKIP","floor":42},{"not_picked":["Barrage","Steam+1","Rebound"],"picked":"SKIP","floor":44},{"not_picked":["Coolheaded","Steam+1","Force Field"],"picked":"SKIP","floor":45},{"not_picked":["Auto Shields","Sweeping Beam","Hyperbeam"],"picked":"SKIP","floor":46}],"player_experience":981491,"relics_obtained":[{"floor":7.0,"key":"Pear"},{"floor":11.0,"key":"FossilizedHelix"},{"floor":26,"key":"Tiny Chest"},{"floor":36,"key":"Dead Branch"},{"floor":40,"key":"Shuriken"},{"floor":43,"key":"Blood Vial"}],"event_choices":[{"damage_healed":0.0,"max_hp_gain":0.0,"max_hp_loss":0.0,"gold_gain":75.0,"event_name":"FaceTrader","player_choice":"Touch","floor":4.0,"gold_loss":0.0,"damage_taken":7.0},{"damage_healed":0.0,"max_hp_gain":5.0,"max_hp_loss":0.0,"gold_gain":0.0,"event_name":"Big Fish","player_choice":"Donut","floor":13.0,"gold_loss":0.0,"damage_taken":0.0},{"damage_healed":0,"gold_gain":275,"player_choice":"Desecrate","damage_taken":0,"max_hp_gain":0,"max_hp_loss":0,"event_name":"Golden Shrine","floor":21,"gold_loss":0,"cards_obtained":["Regret"]},{"damage_healed":0,"gold_gain":0,"player_choice":"Bought 0 Potions","damage_taken":0,"max_hp_gain":0,"max_hp_loss":0,"event_name":"The Woman in Blue","floor":31,"gold_loss":0},{"damage_healed":0,"gold_gain":0,"player_choice":"Memory 1","damage_taken":0,"max_hp_gain":0,"max_hp_loss":0,"event_name":"SensoryStone","floor":38,"gold_loss":0}],"is_beta":false,"boss_relics":[{"not_picked":["White Beast Statue","Pandora\u0027s Box"],"picked":"Empty Cage"},{"not_picked":["Busted Crown","Runic Pyramid"],"picked":"Fusion Hammer"}],"items_purged_floors":[14,22,39,48],"is_endless":false,"potions_floor_spawned":[1,5,12,16,18,20,24,37,44,46],"ascension_level":0}