{"gold_per_floor":[110,124,47,47,122,122,142,292,292,292,327,39,80,99,99,195,195,211,231,181,131,155,155,155],"floor_reached":24,"playtime":1928,"items_purged":["Doubt","Lockon"],"score":367,"play_id":"e33672b3-191d-4583-ab37-0cd259888e2f","local_time":"20190110211246","is_ascension_mode":true,"campfire_choices":[{"data":"Zap","floor":6,"key":"SMITH"},{"data":"White Noise","floor":10,"key":"SMITH"},{"floor":15,"key":"REST"},{"data":"Defragment","floor":23,"key":"SMITH"}],"neow_cost":"NONE","seed_source_timestamp":78274385537400,"circlet_count":0,"master_deck":["AscendersBane","Zap+1","Dualcast","Cold Snap","Ball Lightning","Conserve Battery","Capacitor","White Noise+1","All For One","Electrodynamics","Glacier+1","Streamline","Self Repair","Recycle","Defragment+1","Darkness","Double Energy+1","Defragment+1","FTL"],"relics":["Cracked Core","Golden Idol","Smiling Mask","PreservedInsect","Oddly Smooth Stone","Symbiotic Virus","Pandora\u0027s Box"],"potions_floor_usage":[11,13,16,18,19],"damage_taken":[{"damage":0,"enemies":"Small Slimes","floor":1,"turns":3},{"damage":7,"enemies":"Jaw Worm","floor":2,"turns":3},{"damage":5,"enemies":"2 Louse","floor":7,"turns":3},{"damage":21,"enemies":"Gremlin Nob","floor":11,"turns":4},{"damage":11,"enemies":"3 Sentries","floor":13,"turns":6},{"damage":14,"enemies":"Blue Slaver","floor":14,"turns":4},{"damage":10,"enemies":"The Guardian","floor":16,"turns":11},{"damage":22,"enemies":"2 Thieves","floor":18,"turns":4},{"damage":8,"enemies":"Shell Parasite","floor":19,"turns":5},{"damage":19,"enemies":"Chosen and Byrds","floor":22,"turns":5},{"damage":28,"enemies":"Book of Stabbing","floor":24,"turns":4}],"seed_played":"330393210639803874","potions_obtained":[{"floor":7,"key":"Strength Potion"},{"floor":11,"key":"LiquidBronze"},{"floor":13,"key":"Dexterity Potion"},{"floor":18,"key":"EssenceOfSteel"}],"is_trial":false,"path_per_floor":["M","M","$","?","?","R","M","?","T","R","E","$","E","M","R","B",null,"M","M","$","?","M","R","E"],"character_chosen":"DEFECT","items_purchased":["Capacitor","Oddly Smooth Stone","Regen Potion"],"campfire_rested":1,"item_purchase_floors":[3,12,12],"current_hp_per_floor":[64,57,57,57,46,46,41,41,41,41,20,20,24,10,29,19,53,38,37,37,37,25,25,0],"gold":155,"neow_bonus":"TRANSFORM_CARD","is_prod":false,"is_daily":false,"chose_seed":false,"campfire_upgraded":3,"win_rate":0,"timestamp":1547183566,"path_taken":["M","M","$","?","?","R","M","?","T","R","E","?","E","M","R","BOSS","M","M","$","?","?","R","E"],"build_version":"2019-01-10","purchased_purges":2,"victory":false,"max_hp_per_floor":[71,71,71,64,64,64,64,64,64,64,64,64,64,64,64,64,64,64,64,64,64,64,64,64],"card_choices":[{"not_picked":["Coolheaded","Steam"],"picked":"Ball Lightning","floor":1},{"not_picked":["Stack","Darkness"],"picked":"Conserve Battery","floor":2},{"not_picked":["Cold Snap","Steam"],"picked":"White Noise","floor":7},{"not_picked":["Capacitor","Conserve Battery","Scrape"],"picked":"SKIP","floor":11},{"not_picked":["Fusion","Turbo"],"picked":"All For One","floor":13},{"not_picked":["Hello World","White Noise","Coolheaded"],"picked":"SKIP","floor":14},{"not_picked":["Seek","Rainbow"],"picked":"Electrodynamics","floor":16},{"not_picked":["Steam","Reinforced Body"],"picked":"Double Energy+1","floor":18},{"not_picked":["Coolheaded","Storm"],"picked":"Defragment","floor":19},{"not_picked":["Redo","Conserve Battery"],"picked":"FTL","floor":22}],"player_experience":1049381,"relics_obtained":[{"floor":9,"key":"Smiling Mask"},{"floor":11,"key":"PreservedInsect"},{"floor":13,"key":"Symbiotic Virus"}],"event_choices":[{"damage_healed":0,"gold_gain":0,"player_choice":"Lose Max HP","damage_taken":0,"relics_obtained":["Golden Idol"],"max_hp_gain":0,"max_hp_loss":7,"event_name":"Golden Idol","floor":4,"gold_loss":0},{"damage_healed":0,"gold_gain":75,"player_choice":"Gather Gold","damage_taken":11,"max_hp_gain":0,"max_hp_loss":0,"event_name":"World of Goop","floor":5,"gold_loss":0},{"damage_healed":0,"gold_gain":150,"player_choice":"AGREE","damage_taken":0,"max_hp_gain":0,"max_hp_loss":0,"event_name":"Liars Game","floor":8,"gold_loss":0,"cards_obtained":["Doubt"]},{"damage_healed":0,"gold_gain":0,"player_choice":"Upgraded Two","damage_taken":0,"max_hp_gain":0,"max_hp_loss":0,"event_name":"Designer","floor":21,"gold_loss":50,"cards_upgraded":["Defragment","Glacier"]}],"is_beta":false,"boss_relics":[{"not_picked":["Astrolabe","Snecko Eye"],"picked":"Pandora\u0027s Box"}],"items_purged_floors":[12,20],"is_endless":false,"potions_floor_spawned":[7,11,13,14,18],"killed_by":"Book of Stabbing","ascension_level":16}