{"gold_per_floor":[109,120,45,61,71,101,101,134,158,170,217,304,371,409,421,433],"floor_reached":16,"playtime":1729,"items_purged":[],"score":256,"play_id":"099cbed0-738c-4a30-a769-eaf7ecf461cc","local_time":"20190113172652","is_ascension_mode":true,"campfire_choices":[{"floor":7,"key":"REST"},{"floor":10,"key":"REST"},{"floor":15,"key":"REST"}],"neow_cost":"NONE","seed_source_timestamp":286438068282698,"circlet_count":0,"master_deck":["AscendersBane","Defend_G","Defend_G","Defend_G","Defend_G","Defend_G","Strike_G","Strike_G","Strike_G","Strike_G","Survivor","Neutralize","Dagger Throw","PiercingWail","Poisoned Stab","Flying Knee","After Image","Blur","Deflect","Cloak And Dagger"],"relics":["Ring of the Snake","Ancient Tea Set","Strawberry","MawBank","Juzu Bracelet","Tiny Chest","PreservedInsect"],"potions_floor_usage":[6,11,16],"damage_taken":[{"damage":0,"enemies":"2 Louse","floor":1,"turns":4},{"damage":6,"enemies":"Jaw Worm","floor":2,"turns":6},{"damage":0,"enemies":"Cultist","floor":4,"turns":4},{"damage":7,"enemies":"Blue Slaver","floor":5,"turns":6},{"damage":42,"enemies":"Lagavulin","floor":6,"turns":10},{"damage":13,"enemies":"3 Sentries","floor":8,"turns":11},{"damage":3,"enemies":"Lagavulin","floor":11,"turns":7},{"damage":32,"enemies":"3 Sentries","floor":13,"turns":15},{"damage":26,"enemies":"Hexaghost","floor":16,"turns":15}],"seed_played":"-2651281819210499211","potions_obtained":[{"floor":2,"key":"SteroidPotion"},{"floor":4,"key":"PowerPotion"},{"floor":6,"key":"GhostInAJar"}],"is_trial":false,"path_per_floor":["M","M","?","M","M","E","R","E","T","R","E","?","E","T","R","B"],"character_chosen":"THE_SILENT","items_purchased":[],"campfire_rested":3,"item_purchase_floors":[],"current_hp_per_floor":[65,59,59,59,52,10,31,25,25,48,45,34,2,2,25,0],"gold":433,"neow_bonus":"TEN_PERCENT_HP_BONUS","is_prod":false,"is_daily":false,"chose_seed":false,"campfire_upgraded":0,"win_rate":0,"timestamp":1547429212,"path_taken":["M","M","?","M","M","E","R","E","T","R","E","?","E","?","R","BOSS"],"build_version":"2019-01-10","purchased_purges":0,"victory":false,"max_hp_per_floor":[72,72,72,72,72,72,72,79,79,79,79,79,79,79,79,79],"card_choices":[{"not_picked":["Sucker Punch","Setup"],"picked":"Dagger Throw","floor":1},{"not_picked":["Sucker Punch","Flechettes"],"picked":"PiercingWail","floor":2},{"not_picked":["Bane","Dagger Throw"],"picked":"Poisoned Stab","floor":4},{"not_picked":["Outmaneuver","Masterful Stab"],"picked":"Flying Knee","floor":5},{"not_picked":["Dodge and Roll","Bouncing Flask"],"picked":"After Image","floor":6},{"not_picked":["Expertise","Outmaneuver"],"picked":"Blur","floor":8},{"not_picked":["Dagger Throw","Eviscerate"],"picked":"Deflect","floor":11},{"not_picked":["Terror","PiercingWail"],"picked":"Cloak And Dagger","floor":13}],"player_experience":393074,"relics_obtained":[{"floor":6,"key":"Ancient Tea Set"},{"floor":8,"key":"Strawberry"},{"floor":9,"key":"MawBank"},{"floor":11,"key":"Juzu Bracelet"},{"floor":13,"key":"Tiny Chest"},{"floor":14,"key":"PreservedInsect"}],"event_choices":[{"cards_removed":["Strike_G"],"damage_healed":0,"gold_gain":0,"player_choice":"Card Removal","damage_taken":0,"max_hp_gain":0,"max_hp_loss":0,"event_name":"The Cleric","floor":3,"gold_loss":75},{"damage_healed":0,"gold_gain":75,"player_choice":"Gather Gold","damage_taken":11,"max_hp_gain":0,"max_hp_loss":0,"event_name":"World of Goop","floor":12,"gold_loss":0}],"is_beta":false,"boss_relics":[],"items_purged_floors":[],"is_endless":false,"potions_floor_spawned":[2,4,5,6],"killed_by":"Hexaghost","ascension_level":20}