{"gold_per_floor":[109,125,136,149,149,149,166,166,166,166,176,196,226,242,242,341,341,357,370,370],"floor_reached":20,"playtime":694,"items_purged":[],"score":180,"play_id":"3409fb55-785e-45b2-85d6-c51d9a16c555","local_time":"20190210170144","is_ascension_mode":false,"campfire_choices":[{"data":"Infernal Blade","floor":6,"key":"SMITH"},{"data":"Infernal Blade","floor":8,"key":"SMITH"},{"data":"Flex","floor":10,"key":"SMITH"},{"data":"Flex","floor":15,"key":"SMITH"}],"neow_cost":"NONE","seed_source_timestamp":148862383070800,"circlet_count":0,"master_deck":["Strike_R","Strike_R","Strike_R","Strike_R","Strike_R","Defend_R","Defend_R","Defend_R","Defend_R","Bash","Flex+1","Heavy Blade","Cleave","Infernal Blade+1","Infernal Blade+1","Disarm","Sword Boomerang","Shrug It Off","Flex+1","Brutality","Flex","Seeing Red"],"relics":["Burning Blood","NeowsBlessing","Paper Frog","Mummified Hand","Cursed Key"],"potions_floor_usage":[12,16,16],"damage_taken":[{"damage":0,"enemies":"Cultist","floor":1,"turns":1},{"damage":0,"enemies":"2 Louse","floor":2,"turns":1},{"damage":0,"enemies":"Jaw Worm","floor":3,"turns":1},{"damage":2,"enemies":"Large Slime","floor":4,"turns":5},{"damage":13,"enemies":"Looter","floor":7,"turns":2},{"damage":9,"enemies":"2 Fungi Beasts","floor":11,"turns":3},{"damage":7,"enemies":"Blue Slaver","floor":12,"turns":3},{"damage":15,"enemies":"3 Sentries","floor":13,"turns":5},{"damage":11,"enemies":"Large Slime","floor":14,"turns":5},{"damage":16,"enemies":"Hexaghost","floor":16,"turns":8},{"damage":29,"enemies":"3 Byrds","floor":18,"turns":5},{"damage":18,"enemies":"Shell Parasite","floor":19,"turns":3},{"damage":34,"enemies":"Colosseum Slavers","floor":20,"turns":3},{"damage":47,"enemies":"Colosseum Nobs","floor":20,"turns":3}],"seed_played":"-2748409318837675207","potions_obtained":[{"floor":3,"key":"Strength Potion"},{"floor":11,"key":"BloodPotion"},{"floor":14,"key":"Fire Potion"}],"is_trial":false,"path_per_floor":["M","M","M","M","?","R","M","R","T","R","M","M","E","M","R","B",null,"M","M","?"],"character_chosen":"IRONCLAD","items_purchased":[],"campfire_rested":0,"item_purchase_floors":[],"current_hp_per_floor":[80,80,80,80,80,80,73,73,73,73,70,77,68,63,63,53,80,57,45,0],"gold":370,"neow_bonus":"THREE_ENEMY_KILL","is_prod":false,"is_daily":false,"chose_seed":false,"campfire_upgraded":4,"win_rate":0,"timestamp":1549789304,"path_taken":["M","M","M","M","?","R","M","R","T","R","M","M","E","M","R","BOSS","M","M","?"],"build_version":"2019-01-23","purchased_purges":0,"victory":false,"max_hp_per_floor":[80,80,80,80,80,80,80,80,80,80,80,80,80,80,80,80,80,80,80,80],"card_choices":[{"not_picked":["Shrug It Off","Rupture"],"picked":"Flex","floor":1},{"not_picked":["Entrench","Feel No Pain"],"picked":"Heavy Blade","floor":2},{"not_picked":["Clothesline","Body Slam"],"picked":"Cleave","floor":3},{"not_picked":["Shrug It Off","Perfected Strike"],"picked":"Infernal Blade","floor":4},{"not_picked":["Iron Wave","Clash"],"picked":"Infernal Blade","floor":7},{"not_picked":["Juggernaut","Corruption"],"picked":"Disarm","floor":11},{"not_picked":["True Grit","Havoc"],"picked":"Sword Boomerang","floor":12},{"not_picked":["Clothesline","Iron Wave"],"picked":"Shrug It Off","floor":13},{"not_picked":["Anger","Sever Soul"],"picked":"Flex","floor":14},{"not_picked":["Barricade","Fiend Fire"],"picked":"Brutality","floor":16},{"not_picked":["Sever Soul+1","Armaments"],"picked":"Flex","floor":18},{"not_picked":["Evolve","Intimidate"],"picked":"Seeing Red","floor":19}],"player_experience":45232,"relics_obtained":[{"floor":9,"key":"Paper Frog"},{"floor":13,"key":"Mummified Hand"}],"event_choices":[{"damage_healed":0,"gold_gain":0,"player_choice":"Leave","damage_taken":0,"max_hp_gain":0,"max_hp_loss":0,"event_name":"The Cleric","floor":5,"gold_loss":0},{"damage_healed":0,"gold_gain":0,"player_choice":"Fight","damage_taken":0,"max_hp_gain":0,"max_hp_loss":0,"event_name":"Colosseum","floor":20,"gold_loss":0},{"damage_healed":0,"gold_gain":0,"player_choice":"Fought Nobs","damage_taken":0,"max_hp_gain":0,"max_hp_loss":0,"event_name":"Colosseum","floor":20,"gold_loss":0}],"is_beta":false,"boss_relics":[{"not_picked":["Coffee Dripper","White Beast Statue"],"picked":"Cursed Key"}],"items_purged_floors":[],"is_endless":false,"potions_floor_spawned":[3,11,14,20],"killed_by":"Colosseum Nobs","ascension_level":0}