{"gold_per_floor":[115,190,140,29,29,29,60,73,124,153,153,166,185,199,199,296,296,316,316,316,329,329,358,358,376,453,467,467,467,467,482,482,579,579,590,643,140,1139,1139,1171,1171,1171],"floor_reached":42,"playtime":4719,"items_purged":["Strike_R","Defend_R"],"score":592,"play_id":"e46bf9b8-e2f7-43fc-a13b-59ab585e7dae","local_time":"20190605165000","is_ascension_mode":true,"campfire_choices":[{"data":"Spot Weakness","floor":6.0,"key":"SMITH"},{"floor":11.0,"key":"REST"},{"data":"Armaments","floor":15.0,"key":"SMITH"},{"data":"Offering","floor":24.0,"key":"SMITH"},{"data":"Battle Trance","floor":28.0,"key":"SMITH"},{"data":"RitualDagger","floor":32.0,"key":"SMITH"},{"data":"Double Tap","floor":41,"key":"SMITH"}],"neow_cost":"TEN_PERCENT_HP_LOSS","seed_source_timestamp":0,"circlet_count":0,"master_deck":["Defend_R","Defend_R+1","Defend_R","Bash","Spot Weakness+1","Thunderclap","Shockwave","Intimidate","Battle Trance+1","Armaments+1","Offering+1","Sword Boomerang+1","J.A.X.","RitualDagger+1","Jack Of All Trades","Ghostly Armor","True Grit+1","Bite","Bite","Bite","Bite","Bite","Battle Trance","Sword Boomerang+1","Double Tap+1","Shrug It Off","Whirlwind","Normality","Normality"],"special_seed":0,"relics":["Black Blood","Champion Belt","Matryoshka","Oddly Smooth Stone","Sundial","Ice Cream","Paper Frog","Blue Candle","Dodecahedron","Busted Crown","Calipers","Singing Bowl","Lantern"],"potions_floor_usage":[36,40,42],"damage_taken":[{"damage":5.0,"enemies":"Jaw Worm","floor":1.0,"turns":4.0},{"damage":34.0,"enemies":"3 Sentries","floor":7.0,"turns":9.0},{"damage":0.0,"enemies":"Small Slimes","floor":8.0,"turns":3.0},{"damage":18.0,"enemies":"Gremlin Nob","floor":10.0,"turns":4.0},{"damage":6.0,"enemies":"2 Louse","floor":12.0,"turns":3.0},{"damage":2.0,"enemies":"Looter","floor":13.0,"turns":3.0},{"damage":0.0,"enemies":"2 Fungi Beasts","floor":14.0,"turns":2.0},{"damage":12.0,"enemies":"Slime Boss","floor":16.0,"turns":9.0},{"damage":6.0,"enemies":"Chosen","floor":18.0,"turns":3.0},{"damage":9.0,"enemies":"3 Byrds","floor":21.0,"turns":4.0},{"damage":36.0,"enemies":"Book of Stabbing","floor":23.0,"turns":4.0},{"damage":3.0,"enemies":"Snake Plant","floor":25.0,"turns":2.0},{"damage":19.0,"enemies":"3 Cultists","floor":27.0,"turns":4.0},{"damage":14.0,"enemies":"Chosen and Byrds","floor":31.0,"turns":3.0},{"damage":24.0,"enemies":"Collector","floor":33.0,"turns":6.0},{"damage":12,"enemies":"3 Darklings","floor":35,"turns":2},{"damage":50,"enemies":"2 Orb Walkers","floor":36,"turns":4},{"damage":22,"enemies":"Giant Head","floor":40,"turns":6},{"damage":45,"enemies":"Nemesis","floor":42,"turns":5}],"seed_played":"2716282269579680497","potions_obtained":[{"floor":10.0,"key":"FearPotion"},{"floor":14.0,"key":"Weak Potion"},{"floor":18.0,"key":"Explosive Potion"},{"floor":23.0,"key":"SteroidPotion"},{"floor":25.0,"key":"Poison Potion"},{"floor":27.0,"key":"Energy Potion"},{"floor":40,"key":"Dexterity Potion"}],"is_trial":false,"path_per_floor":["M","?","?","$","?","R","E","M","T","E","R","M","M","M","R","B",null,"M","?","?","M","?","E","R","M","T","M","R","?","?","M","R","B",null,"M","?","$","?","?","E","R","E"],"character_chosen":"IRONCLAD","items_purchased":["Spot Weakness","Whirlwind","Singing Bowl","BloodPotion","Swift Potion"],"campfire_rested":1,"item_purchase_floors":[4,37,37,37,37],"current_hp_per_floor":[72,61,61,61,47,47,19,25,25,13,34,34,38,44,44,38,72,72,72,66,67,67,41,41,48,48,39,39,39,39,39,39,35,50,50,24,24,24,24,34,34,0],"gold":1171,"neow_bonus":"ONE_RARE_RELIC","is_prod":false,"is_daily":false,"chose_seed":false,"campfire_upgraded":6,"win_rate":0,"timestamp":1559767800,"path_taken":["M","?","?","$","?","R","E","M","T","E","R","?","M","M","R","BOSS","M","?","?","M","?","E","R","?","T","M","R","?","?","M","R","BOSS","M","?","$","?","?","E","R","E"],"build_version":"2019-01-23","purchased_purges":2,"victory":false,"max_hp_per_floor":[72,72,72,72,72,72,72,72,72,72,72,72,72,72,72,72,72,72,72,72,72,72,72,72,72,72,72,72,50,50,50,50,50,50,50,50,50,50,50,52,52,52],"card_choices":[{"not_picked":["Anger","Body Slam","Blood for Blood"],"picked":"SKIP","floor":1.0},{"not_picked":["Rupture","Infernal Blade"],"picked":"Thunderclap","floor":7.0},{"not_picked":["Heavy Blade","Clothesline"],"picked":"Shockwave","floor":8.0},{"not_picked":["Rupture","Sever Soul"],"picked":"Intimidate","floor":10.0},{"not_picked":["Thunderclap","Clothesline","Havoc"],"picked":"SKIP","floor":12.0},{"not_picked":["Second Wind","Evolve"],"picked":"Battle Trance","floor":13.0},{"not_picked":["Rampage","Clash"],"picked":"Armaments","floor":14.0},{"not_picked":["Immolate","Barricade"],"picked":"Offering","floor":16.0},{"not_picked":["Searing Blow","Armaments+1"],"picked":"Sword Boomerang+1","floor":18.0},{"not_picked":["Sentinel+1","Cleave+1"],"picked":"Combust+1","floor":21.0},{"not_picked":["Armaments","Carnage"],"picked":"Ghostly Armor","floor":23.0},{"not_picked":["Clash","Wild Strike","Anger"],"picked":"SKIP","floor":25.0},{"not_picked":["Perfected Strike+1","Reckless Charge"],"picked":"True Grit+1","floor":27.0},{"not_picked":["Warcry","Dual Wield"],"picked":"Sword Boomerang+1","floor":31.0},{"not_picked":["Fiend Fire","Offering"],"picked":"Double Tap","floor":33.0},{"not_picked":[],"picked":"Shrug It Off","floor":35},{"not_picked":["Wild Strike"],"picked":"Singing Bowl","floor":40}],"player_experience":92400,"relics_obtained":[{"floor":7.0,"key":"Matryoshka"},{"floor":9.0,"key":"Oddly Smooth Stone"},{"floor":9.0,"key":"Sundial"},{"floor":10.0,"key":"Ice Cream"},{"floor":23.0,"key":"Paper Frog"},{"floor":26.0,"key":"Blue Candle"},{"floor":26.0,"key":"Dodecahedron"},{"floor":36,"key":"Calipers"},{"floor":40,"key":"Lantern"}],"event_choices":[{"damage_healed":0.0,"max_hp_gain":0.0,"max_hp_loss":0.0,"gold_gain":75.0,"event_name":"World of Goop","player_choice":"Gather Gold","floor":2.0,"gold_loss":0.0,"damage_taken":11.0},{"cards_removed":["Strike_R"],"damage_healed":0.0,"max_hp_gain":0.0,"max_hp_loss":0.0,"gold_gain":0.0,"event_name":"The Cleric","player_choice":"Card Removal","floor":3.0,"gold_loss":50.0,"damage_taken":0.0},{"damage_healed":0.0,"max_hp_gain":0.0,"max_hp_loss":0.0,"gold_gain":0.0,"event_name":"Shining Light","player_choice":"Entered Light","floor":5.0,"gold_loss":0.0,"damage_taken":14.0,"cards_upgraded":["Defend_R","Strike_R"]},{"damage_healed":0.0,"max_hp_gain":0.0,"max_hp_loss":0.0,"gold_gain":0.0,"event_name":"Drug Dealer","player_choice":"Obtain J.A.X.","floor":19.0,"gold_loss":0.0,"damage_taken":0.0,"cards_obtained":["J.A.X."]},{"damage_healed":0.0,"max_hp_gain":0.0,"max_hp_loss":0.0,"gold_gain":0.0,"event_name":"Nest","player_choice":"Joined the Cult","floor":20.0,"gold_loss":0.0,"damage_taken":6.0,"cards_obtained":["RitualDagger"]},{"damage_healed":0.0,"max_hp_gain":0.0,"max_hp_loss":0.0,"gold_gain":0.0,"event_name":"Match and Keep!","player_choice":"1 cards matched","floor":22.0,"gold_loss":0.0,"damage_taken":0.0,"cards_obtained":["Jack Of All Trades"]},{"damage_healed":0.0,"max_hp_gain":0.0,"max_hp_loss":22.0,"gold_gain":0.0,"event_name":"Vampires","player_choice":"Became a vampire","floor":29.0,"gold_loss":0.0,"damage_taken":0.0,"cards_obtained":["Bite","Bite","Bite","Bite","Bite"]},{"damage_healed":0.0,"max_hp_gain":0.0,"max_hp_loss":0.0,"gold_gain":0.0,"event_name":"The Library","player_choice":"Read","floor":30.0,"gold_loss":0.0,"damage_taken":0.0,"cards_obtained":["Battle Trance"]},{"damage_healed":0,"gold_gain":0,"player_choice":"Fight","damage_taken":0,"max_hp_gain":0,"max_hp_loss":0,"event_name":"Mysterious Sphere","floor":36,"gold_loss":0},{"damage_healed":0,"gold_gain":999,"player_choice":"Gold","damage_taken":0,"max_hp_gain":0,"max_hp_loss":0,"event_name":"MindBloom","floor":38,"gold_loss":0,"cards_obtained":["Normality","Normality"]},{"cards_removed":["Combust"],"damage_healed":0,"gold_gain":0,"player_choice":"Removed Power","damage_taken":0,"max_hp_gain":0,"max_hp_loss":0,"event_name":"Falling","floor":39,"gold_loss":0}],"is_beta":false,"boss_relics":[{"not_picked":["Eternal Feather","Calling Bell"],"picked":"Black Blood"},{"not_picked":["Empty Cage","Astrolabe"],"picked":"Busted Crown"}],"items_purged_floors":[4,37],"is_endless":false,"potions_floor_spawned":[10,14,18,23,25,27,40],"killed_by":"Nemesis","ascension_level":4}