{"gold_per_floor":[111,129,129,204,222,222,282,282,282,314,314,324,324,19,19,97,97,115,115,215,16,35,63,63,91,118,118,37,37,57,77,77,149,149,164,210,128,147,167,197,211,211,211,47,64,64,32,60,60,60],"floor_reached":51,"playtime":5406,"items_purged":["Defend_R","Defend_R+1","Defend_R+1"],"score":1410,"play_id":"4854be61-4da9-4559-86cb-cb35a85f4c4e","local_time":"20190418195037","is_ascension_mode":true,"campfire_choices":[{"floor":6,"key":"REST"},{"floor":8,"key":"REST"},{"floor":13,"key":"REST"},{"floor":15,"key":"REST"},{"data":"Heavy Blade","floor":24,"key":"SMITH"},{"data":"1","floor":32,"key":"LIFT"},{"data":"2","floor":42,"key":"LIFT"},{"data":"3","floor":49,"key":"LIFT"}],"neow_cost":"NONE","seed_source_timestamp":693712317699248,"circlet_count":0,"master_deck":["AscendersBane","Strike_R","Strike_R+1","Strike_R","Strike_R","Strike_R","Bash","Sword Boomerang","Heavy Blade+1","Sword Boomerang","Reaper","Hemokinesis+1","Clash","Brutality","Apotheosis","Sword Boomerang","Demon Form","Flex","Heavy Blade","Battle Trance","Headbutt","Fiend Fire","Battle Trance","Rupture","Rupture"],"relics":["Runic Dome","The Courier","Matryoshka","Bag of Marbles","Membership Card","Tiny Chest","Red Skull","Sozu","Girya","Mummified Hand","Paper Frog","Lee\u0027s Waffle","Orichalcum","Potion Belt","Ancient Tea Set","Centennial Puzzle","Meat on the Bone","War Paint","Black Star","Bag of Preparation","Omamori","Blood Vial","Pear","Boot","Kunai"],"potions_floor_usage":[7,16,25],"damage_taken":[{"damage":2,"enemies":"Jaw Worm","floor":1,"turns":3},{"damage":0,"enemies":"2 Louse","floor":2,"turns":3},{"damage":10,"enemies":"Small Slimes","floor":5,"turns":3},{"damage":32,"enemies":"Gremlin Nob","floor":7,"turns":4},{"damage":32,"enemies":"Gremlin Nob","floor":10,"turns":4},{"damage":0,"enemies":"Looter","floor":12,"turns":2},{"damage":50,"enemies":"The Guardian","floor":16,"turns":6},{"damage":24,"enemies":"Chosen","floor":18,"turns":4},{"damage":16,"enemies":"Colosseum Slavers","floor":20,"turns":2},{"damage":10,"enemies":"Colosseum Nobs","floor":20,"turns":3},{"damage":19,"enemies":"2 Thieves","floor":22,"turns":3},{"damage":32,"enemies":"Gremlin Leader","floor":23,"turns":4},{"damage":36,"enemies":"Book of Stabbing","floor":25,"turns":3},{"damage":2,"enemies":"Cultist and Chosen","floor":30,"turns":2},{"damage":1,"enemies":"Snecko","floor":31,"turns":2},{"damage":47,"enemies":"Collector","floor":33,"turns":5},{"damage":29,"enemies":"3 Darklings","floor":35,"turns":3},{"damage":14,"enemies":"3 Shapes","floor":38,"turns":2},{"damage":2,"enemies":"Spire Growth","floor":39,"turns":2},{"damage":30,"enemies":"Nemesis","floor":40,"turns":3},{"damage":42,"enemies":"Writhing Mass","floor":41,"turns":3},{"damage":28,"enemies":"Sphere and 2 Shapes","floor":45,"turns":1},{"damage":11,"enemies":"Giant Head","floor":48,"turns":4},{"damage":79,"enemies":"Awakened One","floor":50,"turns":5}],"seed_played":"-7604488505003450009","potions_obtained":[{"floor":5,"key":"Regen Potion"},{"floor":7,"key":"AttackPotion"},{"floor":12,"key":"Regen Potion"}],"is_trial":false,"path_per_floor":["M","M","?","?","M","R","?","R","T","E","?","M","R","$","R","B",null,"M","?","?","$","M","E","R","E","T","T","$","?","M","M","R","B",null,"M","T","$","M","M","E","M","R","T","$","M","?","$","E","R","B",null],"character_chosen":"IRONCLAD","items_purchased":["Membership Card","Tiny Chest","Red Skull","Paper Frog","Lee\u0027s Waffle","Apotheosis","Flex","Heavy Blade","Fiend Fire","Battle Trance","Rupture"],"campfire_rested":4,"item_purchase_floors":[14,14,14,21,21,28,37,37,44,44,47],"current_hp_per_floor":[66,66,59,48,38,60,40,62,62,30,7,7,29,29,51,1,57,37,37,25,82,67,35,35,15,15,15,15,15,25,50,50,30,69,60,60,60,46,61,43,29,29,39,39,25,92,92,83,83,40],"gold":60,"neow_bonus":"BOSS_RELIC","is_prod":false,"is_daily":false,"chose_seed":false,"campfire_upgraded":1,"win_rate":0,"timestamp":1555642237,"path_taken":["M","M","?","?","M","R","?","R","T","E","?","M","R","?","R","BOSS","M","?","?","$","M","E","R","E","T","?","$","?","?","M","R","BOSS","M","?","$","M","M","E","M","R","T","$","M","?","?","E","R","BOSS"],"build_version":"2019-01-23","purchased_purges":3,"victory":true,"max_hp_per_floor":[75,75,75,75,75,75,75,75,75,75,75,75,75,75,75,75,75,75,75,75,82,82,82,82,82,82,82,82,82,82,82,82,82,82,82,82,82,82,82,82,82,82,92,92,92,92,92,92,92,92],"card_choices":[{"not_picked":["Havoc","Thunderclap"],"picked":"Sword Boomerang","floor":1},{"not_picked":["Flame Barrier","Metallicize","Perfected Strike"],"picked":"SKIP","floor":2},{"not_picked":["True Grit","Sentinel","Infernal Blade"],"picked":"SKIP","floor":5},{"not_picked":["Wild Strike","Second Wind"],"picked":"Heavy Blade","floor":7},{"not_picked":["Warcry","Seeing Red"],"picked":"Sword Boomerang","floor":10},{"not_picked":["Dual Wield","Headbutt","Perfected Strike"],"picked":"SKIP","floor":12},{"not_picked":["Double Tap","Brutality"],"picked":"Reaper","floor":16},{"not_picked":["Clothesline","Shrug It Off+1"],"picked":"Hemokinesis+1","floor":18},{"not_picked":["Anger","Hemokinesis+1"],"picked":"Clash","floor":20},{"not_picked":["Hemokinesis","Iron Wave"],"picked":"Brutality","floor":22},{"not_picked":["Wild Strike","Rage+1","Sever Soul+1"],"picked":"SKIP","floor":23},{"not_picked":["Armaments","Havoc","Perfected Strike+1"],"picked":"SKIP","floor":25},{"not_picked":["Infernal Blade","Perfected Strike"],"picked":"Sword Boomerang","floor":30},{"not_picked":["True Grit","Twin Strike+1","Ghostly Armor"],"picked":"SKIP","floor":31},{"not_picked":["Reaper","Feed"],"picked":"Demon Form","floor":33},{"not_picked":["Intimidate","Body Slam+1","Clash"],"picked":"SKIP","floor":35},{"not_picked":["Flame Barrier+1","Warcry","Burning Pact"],"picked":"SKIP","floor":38},{"not_picked":["Flame Barrier","Ghostly Armor"],"picked":"Battle Trance","floor":39},{"not_picked":["Body Slam","Second Wind","Anger"],"picked":"SKIP","floor":40},{"not_picked":["Flame Barrier","Seeing Red"],"picked":"Headbutt","floor":41},{"not_picked":["Headbutt+1","Searing Blow+1","Thunderclap+1"],"picked":"SKIP","floor":45},{"not_picked":["Reckless Charge","Body Slam"],"picked":"Rupture","floor":48}],"player_experience":1281720,"relics_obtained":[{"floor":7,"key":"The Courier"},{"floor":9,"key":"Matryoshka"},{"floor":10,"key":"Bag of Marbles"},{"floor":20,"key":"Girya"},{"floor":20,"key":"Mummified Hand"},{"floor":23,"key":"Orichalcum"},{"floor":25,"key":"Potion Belt"},{"floor":26,"key":"Ancient Tea Set"},{"floor":26,"key":"Centennial Puzzle"},{"floor":27,"key":"Meat on the Bone"},{"floor":27,"key":"War Paint"},{"floor":36,"key":"Bag of Preparation"},{"floor":40,"key":"Omamori"},{"floor":40,"key":"Blood Vial"},{"floor":43,"key":"Pear"},{"floor":48,"key":"Boot"},{"floor":48,"key":"Kunai"}],"event_choices":[{"cards_removed":["Defend_R"],"damage_healed":0,"gold_gain":0,"player_choice":"Card Removal","damage_taken":7,"max_hp_gain":0,"max_hp_loss":0,"event_name":"Golden Wing","floor":3,"gold_loss":0},{"damage_healed":0,"gold_gain":75,"player_choice":"Gather Gold","damage_taken":11,"max_hp_gain":0,"max_hp_loss":0,"event_name":"World of Goop","floor":4,"gold_loss":0},{"damage_healed":0,"gold_gain":0,"player_choice":"Searched \u00271\u0027 times","damage_taken":0,"max_hp_gain":0,"max_hp_loss":0,"event_name":"Dead Adventurer","floor":7,"gold_loss":0},{"damage_healed":0,"gold_gain":0,"player_choice":"Entered Light","damage_taken":23,"max_hp_gain":0,"max_hp_loss":0,"event_name":"Shining Light","floor":11,"gold_loss":0,"cards_upgraded":["Defend_R","Strike_R"]},{"damage_healed":0,"gold_gain":0,"player_choice":"Ignored","damage_taken":0,"max_hp_gain":0,"max_hp_loss":0,"event_name":"Ghosts","floor":19,"gold_loss":0},{"damage_healed":0,"gold_gain":0,"player_choice":"Fight","damage_taken":0,"max_hp_gain":0,"max_hp_loss":0,"event_name":"Colosseum","floor":20,"gold_loss":0},{"damage_healed":0,"gold_gain":0,"player_choice":"Fought Nobs","damage_taken":0,"max_hp_gain":0,"max_hp_loss":0,"event_name":"Colosseum","floor":20,"gold_loss":0},{"damage_healed":0,"gold_gain":0,"player_choice":"Got Potions","damage_taken":0,"max_hp_gain":0,"max_hp_loss":0,"event_name":"Lab","floor":29,"gold_loss":0},{"damage_healed":67,"gold_gain":0,"player_choice":"Heal","damage_taken":0,"max_hp_gain":0,"max_hp_loss":0,"event_name":"MindBloom","floor":46,"gold_loss":0,"cards_obtained":["Doubt"]}],"is_beta":false,"boss_relics":[{"not_picked":["Ectoplasm","Tiny House"],"picked":"Sozu"},{"not_picked":["Velvet Choker","White Beast Statue"],"picked":"Black Star"}],"items_purged_floors":[14,37,44],"is_endless":false,"potions_floor_spawned":[5,7,12,20,25,33,39,40,48],"ascension_level":18}