{"gold_per_floor":[114,127,127,14,14,34,34,45,45,45,22,40,10,10,10,107,107,125,141,141,141,159,159,159],"floor_reached":24,"playtime":2059,"items_purged":[],"score":186,"play_id":"aef15d1c-fec5-4fd3-9c31-5bff4d481c91","local_time":"20190811132055","is_ascension_mode":false,"campfire_choices":[{"data":"Survivor","floor":7,"key":"SMITH"},{"data":"Backflip","floor":10,"key":"SMITH"},{"data":"Skewer","floor":15,"key":"SMITH"},{"floor":23,"key":"REST"}],"neow_cost":"NONE","seed_source_timestamp":19852738266200,"circlet_count":0,"master_deck":["Strike_G","Strike_G","Defend_G","Defend_G","Defend_G","Survivor+1","Neutralize","Backflip+1","Flechettes","Leg Sweep","Footwork","Dagger Throw","Flying Knee","Prepared","Skewer+1","Dagger Spray","Wraith Form v2","Underhanded Strike","Predator","Corpse Explosion","Dagger Spray","Choke"],"relics":["Ring of the Snake","NeowsBlessing","Gambling Chip","Empty Cage"],"potions_floor_usage":[16,16,22],"damage_taken":[{"damage":0,"enemies":"Jaw Worm","floor":1,"turns":1},{"damage":0,"enemies":"2 Louse","floor":2,"turns":1},{"damage":0,"enemies":"Cultist","floor":6,"turns":1},{"damage":0,"enemies":"Large Slime","floor":8,"turns":9},{"damage":0,"enemies":"Exordium Wildlife","floor":12,"turns":6},{"damage":0,"enemies":"Looter","floor":13,"turns":4},{"damage":71,"enemies":"Slime Boss","floor":16,"turns":17},{"damage":22,"enemies":"3 Byrds","floor":18,"turns":9},{"damage":18,"enemies":"Chosen","floor":19,"turns":7},{"damage":12,"enemies":"Centurion and Healer","floor":22,"turns":4},{"damage":64,"enemies":"Slavers","floor":24,"turns":6}],"seed_played":"-7257391211779144397","potions_obtained":[{"floor":2,"key":"Dexterity Potion"},{"floor":8,"key":"Regen Potion"},{"floor":16,"key":"LiquidBronze"},{"floor":19,"key":"Ancient Potion"}],"is_trial":false,"path_per_floor":["M","M","?","$","?","M","R","M","T","R","$","M","M","$","R","B",null,"M","M","?","?","M","R","E"],"character_chosen":"THE_SILENT","items_purchased":["Leg Sweep","Footwork","Prepared"],"campfire_rested":1,"item_purchase_floors":[4,4,11],"current_hp_per_floor":[70,70,63,63,70,70,70,70,70,70,70,70,70,70,70,13,70,48,30,30,53,41,62,0],"gold":159,"neow_bonus":"THREE_ENEMY_KILL","is_prod":false,"is_daily":false,"chose_seed":false,"campfire_upgraded":3,"win_rate":0.0,"timestamp":1565500855,"path_taken":["M","M","?","$","?","M","R","M","T","R","?","M","?","$","R","BOSS","M","M","?","?","M","R","E"],"build_version":"2019-07-17","purchased_purges":0,"victory":false,"max_hp_per_floor":[70,70,70,70,70,70,70,70,70,70,70,70,70,70,70,70,70,70,70,70,70,70,70,70],"card_choices":[{"not_picked":["Endless Agony","Bane"],"picked":"Backflip","floor":1},{"not_picked":["Bouncing Flask","Catalyst"],"picked":"Flechettes","floor":2},{"not_picked":["Underhanded Strike","Bane"],"picked":"Dagger Throw","floor":6},{"not_picked":["Riddle With Holes","Unload"],"picked":"Flying Knee","floor":8},{"not_picked":["Bane","Prepared"],"picked":"Skewer","floor":12},{"not_picked":["Backflip","Prepared"],"picked":"Dagger Spray","floor":13},{"not_picked":["Phantasmal Killer","Doppelganger"],"picked":"Wraith Form v2","floor":16},{"not_picked":["Flying Knee","Outmaneuver"],"picked":"Underhanded Strike","floor":18},{"not_picked":["Dagger Throw","Leg Sweep"],"picked":"Predator","floor":19},{"not_picked":["Expertise","Catalyst"],"picked":"Choke","floor":22}],"player_experience":50771,"relics_obtained":[{"floor":9,"key":"Gambling Chip"}],"event_choices":[{"cards_removed":["Strike_G"],"damage_healed":0,"gold_gain":0,"player_choice":"Card Removal","damage_taken":7,"max_hp_gain":0,"max_hp_loss":0,"event_name":"Golden Wing","floor":3,"gold_loss":0},{"damage_healed":23,"gold_gain":0,"player_choice":"Banana","damage_taken":0,"max_hp_gain":0,"max_hp_loss":0,"event_name":"Big Fish","floor":5,"gold_loss":0},{"damage_healed":0,"gold_gain":0,"cards_transformed":["Strike_G","Strike_G"],"player_choice":"Became Test Subject","damage_taken":0,"max_hp_gain":0,"max_hp_loss":0,"event_name":"Drug Dealer","floor":20,"gold_loss":0,"cards_obtained":["Corpse Explosion","Dagger Spray"]},{"damage_healed":23,"gold_gain":0,"player_choice":"Heal","damage_taken":0,"max_hp_gain":0,"max_hp_loss":0,"event_name":"The Library","floor":21,"gold_loss":0}],"is_beta":false,"boss_relics":[{"not_picked":["Ring of the Serpent","Snecko Eye"],"picked":"Empty Cage"}],"items_purged_floors":[],"is_endless":false,"potions_floor_spawned":[2,8,16,19],"killed_by":"Slavers","ascension_level":0}