{"gold_per_floor":[117,129,144,144,158,158,190,190,215,242,80,132,132,152,152,224,224,199,199,211,226,226,226,226,68,68,68,86,86,102,131,131,208,208,219,1218,1235,1235,1246,1246,321,321,321,338,363,363,363,381,381,381,381],"floor_reached":52,"playtime":5374,"items_purged":["Strike_B","Pain"],"score":1820,"play_id":"21da714a-af23-4922-9872-64c6fc33c0df","local_time":"20190816224818","is_ascension_mode":true,"campfire_choices":[{"data":"Static Discharge","floor":6.0,"key":"SMITH"},{"data":"Streamline","floor":8.0,"key":"SMITH"},{"data":"Reinforced Body","floor":13.0,"key":"SMITH"},{"floor":15.0,"key":"REST"},{"data":"Echo Form","floor":23.0,"key":"SMITH"},{"floor":27.0,"key":"REST"},{"floor":29.0,"key":"REST"},{"data":"Reinforced Body","floor":32.0,"key":"SMITH"},{"data":"Buffer","floor":40,"key":"SMITH"},{"floor":42,"key":"REST"},{"data":"Biased Cognition","floor":49,"key":"SMITH"}],"neow_cost":"NONE","seed_source_timestamp":0,"circlet_count":0,"master_deck":["AscendersBane","Defend_B","Defend_B","Zap+1","Dualcast","Leap","Ball Lightning","Gash","Static Discharge+1","Streamline+1","Reinforced Body+1","Reinforced Body+1","Echo Form+1","Loop+1","Bite","Bite","Bite","Bite","Bite","Conserve Battery","Compile Driver","Thunder Strike","Auto Shields","Biased Cognition+1","Buffer+1","Go for the Eyes+1","Capacitor","Turbo","Gash+1","Panacea","Fusion+1"],"special_seed":0,"relics":["Cracked Core","NeowsBlessing","Bag of Marbles","Omamori","Pen Nib","Boot","Runic Pyramid","PreservedInsect","Oddly Smooth Stone","Lantern","Sozu","WarpedTongs","Torii","Gambling Chip","Pantograph","Darkstone Periapt"],"potions_floor_usage":[39,51],"damage_taken":[{"damage":0.0,"enemies":"Cultist","floor":1.0,"turns":1.0},{"damage":0.0,"enemies":"Jaw Worm","floor":2.0,"turns":1.0},{"damage":0.0,"enemies":"Small Slimes","floor":3.0,"turns":1.0},{"damage":13.0,"enemies":"Blue Slaver","floor":5.0,"turns":3.0},{"damage":27.0,"enemies":"Gremlin Nob","floor":7.0,"turns":4.0},{"damage":6.0,"enemies":"3 Sentries","floor":10.0,"turns":4.0},{"damage":14.0,"enemies":"Exordium Thugs","floor":14.0,"turns":4.0},{"damage":12.0,"enemies":"The Guardian","floor":16.0,"turns":10.0},{"damage":4.0,"enemies":"2 Thieves","floor":18.0,"turns":4.0},{"damage":0.0,"enemies":"Chosen","floor":20.0,"turns":4.0},{"damage":39.0,"enemies":"Sentry and Sphere","floor":21.0,"turns":6.0},{"damage":31.0,"enemies":"Centurion and Healer","floor":28.0,"turns":6.0},{"damage":3.0,"enemies":"Snecko","floor":30.0,"turns":7.0},{"damage":18.0,"enemies":"Gremlin Leader","floor":31.0,"turns":9.0},{"damage":18.0,"enemies":"Automaton","floor":33.0,"turns":8.0},{"damage":22.0,"enemies":"3 Darklings","floor":35.0,"turns":7.0},{"damage":18.0,"enemies":"Orb Walker","floor":37.0,"turns":3.0},{"damage":29,"enemies":"Maw","floor":39,"turns":8},{"damage":14,"enemies":"3 Darklings","floor":44,"turns":7},{"damage":0,"enemies":"Giant Head","floor":45,"turns":7},{"damage":0,"enemies":"4 Shapes","floor":48,"turns":8},{"damage":45,"enemies":"Donu and Deca","floor":50,"turns":9},{"damage":22,"enemies":"Time Eater","floor":51,"turns":13}],"seed_played":"-1136168264177547077","potions_obtained":[{"floor":2.0,"key":"Energy Potion"},{"floor":3.0,"key":"AttackPotion"},{"floor":10.0,"key":"FearPotion"},{"floor":14.0,"key":"SpeedPotion"},{"floor":20.0,"key":"EntropicBrew"}],"is_trial":false,"path_per_floor":["M","M","M","?","M","R","E","R","T","E","$","T","R","M","R","B",null,"M","?","M","M","?","R","?","$","T","R","M","R","M","E","R","B",null,"M","?","M","?","M","R","$","R","T","M","E","?","?","M","R","B","B",null],"character_chosen":"DEFECT","items_purchased":["Reinforced Body","Compile Driver","PreservedInsect","Torii","Gambling Chip","Capacitor","Turbo"],"campfire_rested":4,"item_purchase_floors":[11,11,25,41,41,41,41],"current_hp_per_floor":[64,64,64,64,51,51,24,24,24,18,18,18,18,4,25,13,57,53,49,49,16,16,16,16,16,16,30,7,21,38,40,40,36,46,40,40,28,28,19,19,19,33,33,37,49,49,49,49,49,19,49],"gold":381,"neow_bonus":"THREE_ENEMY_KILL","is_prod":false,"is_daily":false,"chose_seed":false,"campfire_upgraded":7,"win_rate":0,"timestamp":1566010098,"path_taken":["M","?","M","?","?","R","E","R","T","E","$","?","R","M","R","BOSS","M","?","M","M","?","R","?","?","T","R","M","R","M","E","R","BOSS","M","?","M","?","?","R","$","R","T","M","E","?","?","M","R","BOSS","BOSS"],"build_version":"2019-07-17","purchased_purges":2,"victory":true,"max_hp_per_floor":[71,71,71,71,71,71,71,71,71,71,71,71,71,71,71,71,71,71,49,49,49,49,49,49,49,49,49,49,49,49,49,49,49,49,49,49,49,49,49,49,49,49,49,49,49,49,49,49,49,49,49],"card_choices":[{"not_picked":["Steam","Turbo"],"picked":"Leap","floor":1.0},{"not_picked":["Compile Driver","Defragment"],"picked":"Ball Lightning","floor":2.0},{"not_picked":["Compile Driver","Scrape"],"picked":"Gash","floor":3.0},{"not_picked":["Consume","Steam"],"picked":"Static Discharge","floor":5.0},{"not_picked":["Coolheaded","Steam"],"picked":"Streamline","floor":7.0},{"not_picked":["Storm","Beam Cell"],"picked":"Reinforced Body","floor":10.0},{"not_picked":["Steam Power","Streamline","Barrage"],"picked":"SKIP","floor":14.0},{"not_picked":["Thunder Strike","Biased Cognition"],"picked":"Echo Form","floor":16.0},{"not_picked":["Rip and Tear","FTL"],"picked":"Loop+1","floor":18.0},{"not_picked":["Double Energy","Hello World","Tempest"],"picked":"SKIP","floor":20.0},{"not_picked":["Compile Driver","Turbo"],"picked":"Conserve Battery","floor":21.0},{"not_picked":["Rip and Tear","Stack","Conserve Battery"],"picked":"SKIP","floor":28.0},{"not_picked":["Barrage","Self Repair"],"picked":"Auto Shields","floor":30.0},{"not_picked":["Aggregate","Ball Lightning"],"picked":"Biased Cognition","floor":31.0},{"not_picked":["Meteor Strike","All For One"],"picked":"Buffer","floor":33.0},{"not_picked":["Darkness","Beam Cell","Double Energy"],"picked":"SKIP","floor":35.0},{"not_picked":["Cold Snap","Compile Driver+1","Hologram"],"picked":"SKIP","floor":37.0},{"not_picked":["Undo+1","Leap"],"picked":"Go for the Eyes+1","floor":39},{"not_picked":["Barrage","Tempest"],"picked":"Gash+1","floor":44},{"not_picked":["Stack","Heatsinks","Ball Lightning"],"picked":"SKIP","floor":45},{"not_picked":["Impatience","Madness"],"picked":"Panacea","floor":46},{"not_picked":["Gash+1","Barrage"],"picked":"Fusion+1","floor":48}],"player_experience":586592,"relics_obtained":[{"floor":7.0,"key":"Bag of Marbles"},{"floor":9.0,"key":"Omamori"},{"floor":10.0,"key":"Pen Nib"},{"floor":12.0,"key":"Boot"},{"floor":26.0,"key":"Oddly Smooth Stone"},{"floor":31.0,"key":"Lantern"},{"floor":43,"key":"Pantograph"},{"floor":45,"key":"Darkstone Periapt"}],"event_choices":[{"damage_healed":0.0,"max_hp_gain":0.0,"max_hp_loss":0.0,"gold_gain":0.0,"event_name":"Upgrade Shrine","player_choice":"Upgraded","floor":4.0,"gold_loss":0.0,"damage_taken":0.0,"cards_upgraded":["Zap"]},{"damage_healed":0.0,"max_hp_gain":0.0,"max_hp_loss":22.0,"gold_gain":0.0,"event_name":"Vampires","player_choice":"Became a vampire","floor":19.0,"gold_loss":0.0,"damage_taken":0.0,"cards_obtained":["Bite","Bite","Bite","Bite","Bite"]},{"damage_healed":0.0,"max_hp_gain":0.0,"max_hp_loss":0.0,"gold_gain":0.0,"cards_transformed":["Defend_B","Defend_B"],"event_name":"Drug Dealer","player_choice":"Became Test Subject","floor":22.0,"gold_loss":0.0,"damage_taken":0.0,"cards_obtained":["Compile Driver","Thunder Strike"]},{"damage_healed":0.0,"max_hp_gain":0.0,"max_hp_loss":0.0,"gold_gain":0.0,"event_name":"Cursed Tome","player_choice":"Ignored","floor":24.0,"gold_loss":0.0,"damage_taken":0.0},{"damage_healed":0.0,"max_hp_gain":0.0,"max_hp_loss":0.0,"gold_gain":999.0,"event_name":"MindBloom","player_choice":"Gold","floor":36.0,"gold_loss":0.0,"damage_taken":0.0,"cards_obtained":["Normality","Normality"]},{"damage_healed":0.0,"max_hp_gain":0.0,"max_hp_loss":0.0,"gold_gain":0.0,"event_name":"Accursed Blacksmith","player_choice":"Rummage","floor":38.0,"gold_loss":0.0,"damage_taken":0.0,"relics_obtained":["WarpedTongs"],"cards_obtained":["Pain"]},{"damage_healed":0,"gold_gain":0,"player_choice":"Memory 1","damage_taken":0,"max_hp_gain":0,"max_hp_loss":0,"event_name":"SensoryStone","floor":46,"gold_loss":0},{"cards_removed":["Compile Driver"],"damage_healed":0,"gold_gain":0,"player_choice":"Purged","damage_taken":0,"max_hp_gain":0,"max_hp_loss":0,"event_name":"Purifier","floor":47,"gold_loss":0}],"is_beta":false,"boss_relics":[{"not_picked":["Tiny House","Fusion Hammer"],"picked":"Runic Pyramid"},{"not_picked":["Pandora\u0027s Box","Orrery"],"picked":"Sozu"}],"items_purged_floors":[11,41],"is_endless":false,"potions_floor_spawned":[2,3,10,14,20,39,44,45,48],"ascension_level":20}