{"gold_per_floor":[112,132,207,224,238,238,63,98,98,98,125,139,156,202,202,298,298,318,337,355,355,365,365,391,391,391,421,421,276,376,376,376,376],"floor_reached":33,"playtime":2881,"items_purged":["Strike_R","Strike_R"],"score":354,"play_id":"7294b07b-820b-4cbd-ad9a-d70900e56819","local_time":"20190418162947","is_ascension_mode":true,"campfire_choices":[{"data":"Disarm","floor":6.0,"key":"SMITH"},{"data":"Clothesline","floor":10.0,"key":"SMITH"},{"data":"Bash","floor":15.0,"key":"SMITH"},{"data":"Metallicize","floor":23.0,"key":"SMITH"},{"floor":25.0,"key":"REST"},{"data":"Seeing Red","floor":28.0,"key":"SMITH"},{"data":"Disarm","floor":32,"key":"SMITH"}],"neow_cost":"PERCENT_DAMAGE","seed_source_timestamp":0,"circlet_count":0,"master_deck":["Strike_R","Strike_R","Defend_R","Defend_R","Defend_R","Bash+1","Pommel Strike","Disarm+1","Cleave","Clothesline+1","Metallicize+1","Warcry","Seeing Red+1","Fiend Fire+1","Rampage+1","Spot Weakness","Limit Break","Flame Barrier+1","Pummel+1","Sword Boomerang+1","Headbutt+1","Sentinel+1","Power Through","Shrug It Off","Disarm+1","Flame Barrier+1"],"special_seed":0,"relics":["Burning Blood","Ornamental Fan","Singing Bowl","Molten Egg 2","Anchor","Philosopher\u0027s Stone","Enchiridion","Pantograph","Self Forming Clay","Vajra","Calipers","Shuriken"],"potions_floor_usage":[33],"damage_taken":[{"damage":14.0,"enemies":"Small Slimes","floor":1.0,"turns":5.0},{"damage":2.0,"enemies":"Jaw Worm","floor":2.0,"turns":3.0},{"damage":1.0,"enemies":"Cultist","floor":4.0,"turns":4.0},{"damage":0.0,"enemies":"Large Slime","floor":5.0,"turns":5.0},{"damage":20.0,"enemies":"Gremlin Nob","floor":8.0,"turns":4.0},{"damage":10.0,"enemies":"Lagavulin","floor":11.0,"turns":8.0},{"damage":3.0,"enemies":"Looter","floor":12.0,"turns":4.0},{"damage":4.0,"enemies":"2 Fungi Beasts","floor":13.0,"turns":3.0},{"damage":21.0,"enemies":"Slime Boss","floor":16.0,"turns":10.0},{"damage":21.0,"enemies":"2 Thieves","floor":18.0,"turns":4.0},{"damage":10.0,"enemies":"3 Byrds","floor":19.0,"turns":5.0},{"damage":17.0,"enemies":"3 Cultists","floor":20.0,"turns":6.0},{"damage":1.0,"enemies":"Chosen and Byrds","floor":22.0,"turns":4.0},{"damage":32.0,"enemies":"Book of Stabbing","floor":24.0,"turns":4.0},{"damage":28.0,"enemies":"Slavers","floor":27.0,"turns":4.0},{"damage":7,"enemies":"Colosseum Slavers","floor":30,"turns":4},{"damage":6,"enemies":"Colosseum Nobs","floor":30,"turns":3},{"damage":77,"enemies":"Automaton","floor":33,"turns":6}],"seed_played":"8743072118746899535","potions_obtained":[{"floor":5.0,"key":"Ancient Potion"},{"floor":8.0,"key":"SpeedPotion"},{"floor":12.0,"key":"Block Potion"},{"floor":16.0,"key":"AttackPotion"},{"floor":19.0,"key":"LiquidBronze"},{"floor":22.0,"key":"Regen Potion"},{"floor":24.0,"key":"Dexterity Potion"},{"floor":30,"key":"Energy Potion"}],"is_trial":false,"path_per_floor":["M","M","?","M","M","R","$","E","T","R","E","M","M","T","R","B",null,"M","M","M","?","M","R","E","R","T","E","R","$","?","?","R","B"],"character_chosen":"IRONCLAD","items_purchased":["Metallicize","Warcry","Shrug It Off"],"campfire_rested":1,"item_purchase_floors":[7,7,29],"current_hp_per_floor":[48,52,41,46,52,52,52,38,38,38,34,37,39,39,39,24,80,65,61,50,34,39,39,22,46,46,24,24,24,23,23,23,0],"gold":376,"neow_bonus":"REMOVE_TWO","is_prod":false,"is_daily":false,"chose_seed":false,"campfire_upgraded":6,"win_rate":0,"timestamp":1555597787,"path_taken":["M","M","?","M","M","R","$","E","T","R","E","M","M","?","R","BOSS","M","M","?","?","M","R","E","R","T","E","R","$","?","?","R","BOSS"],"build_version":"2019-04-04","purchased_purges":2,"victory":false,"max_hp_per_floor":[80,80,80,80,80,80,80,80,80,80,80,80,80,80,80,80,80,80,80,80,80,80,80,80,80,80,80,80,80,80,80,80,80],"card_choices":[{"not_picked":["Body Slam","Heavy Blade"],"picked":"Pommel Strike","floor":1.0},{"not_picked":["Headbutt","Wild Strike"],"picked":"Disarm","floor":2.0},{"not_picked":["Shrug It Off","Seeing Red"],"picked":"Cleave","floor":4.0},{"not_picked":["Pommel Strike","Headbutt"],"picked":"Clothesline","floor":5.0},{"not_picked":["True Grit","Corruption"],"picked":"Seeing Red","floor":8.0},{"not_picked":["Sword Boomerang","Headbutt"],"picked":"Fiend Fire","floor":11.0},{"not_picked":["Bloodletting","Headbutt+1"],"picked":"Rampage+1","floor":12.0},{"not_picked":["Pommel Strike+1","Bloodletting"],"picked":"Spot Weakness","floor":13.0},{"not_picked":["Barricade","Double Tap"],"picked":"Limit Break","floor":16.0},{"not_picked":["Body Slam+1","Combust"],"picked":"Flame Barrier+1","floor":18.0},{"not_picked":["Inflame","Combust"],"picked":"Pummel+1","floor":19.0},{"not_picked":["Havoc","Flex"],"picked":"Sword Boomerang+1","floor":20.0},{"not_picked":["Reckless Charge+1","Disarm"],"picked":"Headbutt+1","floor":22.0},{"not_picked":["Wild Strike+1","Blood for Blood+1"],"picked":"Sentinel+1","floor":24.0},{"not_picked":["Barricade","Body Slam+1"],"picked":"Power Through","floor":27.0},{"not_picked":["Power Through","Rampage+1"],"picked":"Disarm","floor":30}],"player_experience":324474,"relics_obtained":[{"floor":8.0,"key":"Ornamental Fan"},{"floor":9.0,"key":"Singing Bowl"},{"floor":11.0,"key":"Molten Egg 2"},{"floor":14.0,"key":"Anchor"},{"floor":21.0,"key":"Enchiridion"},{"floor":24.0,"key":"Pantograph"},{"floor":26.0,"key":"Self Forming Clay"},{"floor":27.0,"key":"Vajra"},{"floor":30,"key":"Calipers"},{"floor":30,"key":"Shuriken"}],"event_choices":[{"damage_healed":0.0,"max_hp_gain":0.0,"max_hp_loss":0.0,"gold_gain":75.0,"event_name":"World of Goop","player_choice":"Gather Gold","floor":3.0,"gold_loss":0.0,"damage_taken":11.0},{"damage_healed":0.0,"max_hp_gain":0.0,"max_hp_loss":0.0,"gold_gain":0.0,"event_name":"Cursed Tome","player_choice":"Obtained Book","floor":21.0,"gold_loss":0.0,"damage_taken":16.0},{"damage_healed":0,"gold_gain":0,"player_choice":"Fight","damage_taken":0,"max_hp_gain":0,"max_hp_loss":0,"event_name":"Colosseum","floor":30,"gold_loss":0},{"damage_healed":0,"gold_gain":0,"player_choice":"Fought Nobs","damage_taken":0,"max_hp_gain":0,"max_hp_loss":0,"event_name":"Colosseum","floor":30,"gold_loss":0},{"damage_healed":0,"gold_gain":0,"player_choice":"Copied","damage_taken":0,"max_hp_gain":0,"max_hp_loss":0,"event_name":"Duplicator","floor":31,"gold_loss":0,"cards_obtained":["Flame Barrier"]}],"is_beta":true,"boss_relics":[{"not_picked":["Lizard Tail","Runic Cube"],"picked":"Philosopher\u0027s Stone"}],"items_purged_floors":[7,29],"is_endless":false,"potions_floor_spawned":[5,8,12,13,16,19,22,24,30],"killed_by":"Automaton","ascension_level":4}