{"gold_per_floor":[117,67,80,99,119,119,131,147,147,173,173,204,204,204,204,302,302,320,320,320,420,434,434,468,468,468,488,499,169,169],"floor_reached":30,"playtime":3321,"items_purged":["Defend_B"],"score":441,"play_id":"d6b30a99-9ad0-4a12-b7e1-35c51b463323","local_time":"20181012191556","is_ascension_mode":true,"campfire_choices":[{"floor":6,"key":"REST"},{"floor":11,"key":"REST"},{"floor":15,"key":"REST"},{"floor":23,"key":"REST"},{"floor":25,"key":"REST"}],"neow_cost":"NONE","seed_source_timestamp":1709664170690150,"circlet_count":0,"master_deck":["Strike_B+1","Strike_B+1","Strike_B","Defend_B","Defend_B","Zap","Dualcast","AscendersBane","Steam Power","Streamline","Turbo","Hyperbeam","Ghostly","Ghostly","Ghostly","Ghostly","Ghostly","Reinforced Body","Gash","Fusion+1","Scrape","Hologram"],"relics":["Fusion Hammer","Regal Pillow","Happy Flower","Whetstone","Runic Dome","Pocketwatch","Frozen Egg 2","Pear","Blue Candle","Medical Kit"],"potions_floor_usage":[16,30],"damage_taken":[{"damage":5,"enemies":"2 Louse","floor":1,"turns":2},{"damage":1,"enemies":"Cultist","floor":3,"turns":4},{"damage":11,"enemies":"Small Slimes","floor":4,"turns":3},{"damage":7,"enemies":"Looter","floor":5,"turns":3},{"damage":18,"enemies":"Large Slime","floor":7,"turns":5},{"damage":7,"enemies":"Gremlin Gang","floor":8,"turns":6},{"damage":37,"enemies":"3 Sentries","floor":10,"turns":7},{"damage":32,"enemies":"Lagavulin","floor":12,"turns":6},{"damage":64,"enemies":"The Guardian","floor":16,"turns":11},{"damage":24,"enemies":"3 Byrds","floor":18,"turns":5},{"damage":3,"enemies":"Colosseum Slavers","floor":21,"turns":5},{"damage":23,"enemies":"Colosseum Nobs","floor":21,"turns":7},{"damage":2,"enemies":"Chosen","floor":22,"turns":5},{"damage":29,"enemies":"Book of Stabbing","floor":24,"turns":7},{"damage":21,"enemies":"Centurion and Healer","floor":27,"turns":10},{"damage":1,"enemies":"Snake Plant","floor":28,"turns":6},{"damage":35,"enemies":"Gremlin Leader","floor":30,"turns":6}],"seed_played":"-8326433522356396502","potions_obtained":[{"floor":4,"key":"Ancient Potion"},{"floor":7,"key":"Strength Potion"},{"floor":18,"key":"Strength Potion"},{"floor":22,"key":"Explosive Potion"}],"is_trial":false,"path_per_floor":["M","?","M","M","M","R","M","M","T","E","R","E","?","?","R","B",null,"M","?","?","?","M","R","E","R","T","M","M","$"],"character_chosen":"DEFECT","items_purchased":["Medical Kit","Hologram"],"campfire_rested":5,"item_purchase_floors":[29,29],"current_hp_per_floor":[63,63,62,51,44,66,48,41,41,4,41,9,9,85,85,21,69,45,42,42,16,14,41,22,52,52,31,30,30,0],"gold":169,"neow_bonus":"BOSS_RELIC","is_prod":false,"is_daily":false,"chose_seed":false,"campfire_upgraded":0,"win_rate":0,"timestamp":1539396956,"path_taken":["M","?","M","M","?","R","M","M","T","E","R","E","?","?","R","BOSS","M","?","?","?","M","R","E","R","T","M","?","$","E"],"build_version":"2018-10-11","purchased_purges":1,"victory":false,"max_hp_per_floor":[75,75,75,75,75,75,75,75,75,75,75,75,75,85,85,85,85,85,42,42,42,42,42,52,52,52,52,52,52,52],"card_choices":[{"not_picked":["Turbo","Reinforced Body"],"picked":"Steam Power","floor":1},{"not_picked":["Sunder","Ball Lightning","Compile Driver"],"picked":"SKIP","floor":3},{"not_picked":["Steam","Double Energy"],"picked":"Streamline","floor":4},{"not_picked":["Cold Snap","White Noise","Rebound"],"picked":"SKIP","floor":5},{"not_picked":["Loop","Sunder","Force Field"],"picked":"SKIP","floor":7},{"not_picked":["Sweeping Beam","Heatsinks"],"picked":"Turbo","floor":8},{"not_picked":["Redo","Conserve Battery","Cold Snap"],"picked":"SKIP","floor":10},{"not_picked":["Aggregate","Redo"],"picked":"Machine Learning","floor":12},{"not_picked":["Amplify","Biased Cognition"],"picked":"Hyperbeam","floor":16},{"not_picked":["Turbo","Ball Lightning","Darkness"],"picked":"SKIP","floor":18},{"not_picked":["Auto Shields","Reinforced Body"],"picked":"Gash","floor":21},{"not_picked":["Lockon","Loop+1","Barrage"],"picked":"SKIP","floor":22},{"not_picked":["Leap+1","Ball Lightning"],"picked":"Fusion+1","floor":24},{"not_picked":["Chaos+1","Double Energy"],"picked":"Scrape","floor":27},{"not_picked":["Cold Snap","Turbo","BootSequence"],"picked":"SKIP","floor":28}],"player_experience":876280,"relics_obtained":[{"floor":9,"key":"Regal Pillow"},{"floor":10,"key":"Happy Flower"},{"floor":12,"key":"Whetstone"},{"floor":21,"key":"Pocketwatch"},{"floor":21,"key":"Frozen Egg 2"},{"floor":24,"key":"Pear"},{"floor":26,"key":"Blue Candle"}],"event_choices":[{"event_name":"The Cleric","player_choice":"Card Removal","floor":2,"damage_taken":0},{"event_name":"Shining Light","player_choice":"Ignored","floor":13,"damage_taken":0},{"event_name":"Bonfire Elementals","player_choice":"RARE","floor":14,"damage_taken":0},{"event_name":"Ghosts","player_choice":"Became a Ghost","floor":19,"damage_taken":0},{"event_name":"Transmorgrifier","player_choice":"Transform","floor":20,"damage_taken":0},{"event_name":"Colosseum","player_choice":"Fight","floor":21,"damage_taken":0},{"event_name":"Colosseum","player_choice":"Fought Nobs","floor":21,"damage_taken":0}],"is_beta":false,"boss_relics":[{"not_picked":["Busted Crown","Cursed Key"],"picked":"Runic Dome"}],"items_purged_floors":[29],"is_endless":false,"potions_floor_spawned":[4,7,10,12,18,22,28],"killed_by":"Gremlin Leader","ascension_level":12}