{"gold_per_floor":[119,119,119,294,294,335,20,60,133,133,158,158,174,197,197,325,325,338,338,28,52,70,94,94,107,107,120,120,138,318,353,353,484,484,499,18,1017,1042,1042,1073,1073,1073,1073,1087,1105,9,49,62,62,62],"floor_reached":51,"playtime":2795,"items_purged":["Strike_R","Defend_R","Strike_R","Body Slam+1"],"score":962,"play_id":"4ca7e295-5ddd-4740-9122-7c0ec3a42af2","local_time":"20181222221207","is_ascension_mode":false,"campfire_choices":[{"data":"Feed","floor":10.0,"key":"SMITH"},{"data":"Sever Soul","floor":15.0,"key":"SMITH"},{"data":"Limit Break","floor":24.0,"key":"SMITH"},{"data":"Pummel","floor":28.0,"key":"SMITH"},{"data":"Deep Breath","floor":32.0,"key":"SMITH"},{"data":"Dark Embrace","floor":41,"key":"SMITH"},{"data":"Shockwave","floor":49,"key":"SMITH"}],"neow_cost":"TEN_PERCENT_HP_LOSS","seed_source_timestamp":0,"circlet_count":0,"master_deck":["Strike_R","Strike_R+1","Strike_R+1","Bash","Feed+1","Shockwave+1","Regret","Doubt","Sever Soul+1","Reaper","Dark Embrace+1","Twin Strike","Headbutt","Limit Break+1","Shrug It Off+1","Pain","Warcry+1","Pummel+1","Dual Wield","Deep Breath+1","Twin Strike+1","Exhume","Blood for Blood+1","Limit Break+1","Heavy Blade","Burning Pact","Uppercut","Normality","Normality","Flex+1","Writhe","Rupture+1","Purity","Twin Strike+1"],"special_seed":0,"relics":["Burning Blood","Golden Idol","Du-Vu Doll","Bronze Scales","Oddly Smooth Stone","Vajra","The Courier","Velvet Choker","WarpedTongs","Magic Flower","Bottled Lightning","Potion Belt","Astrolabe","Membership Card","Bag of Marbles","Ancient Tea Set","Bottled Tornado","Orichalcum","Ginger","Unceasing Top","Dead Branch","Molten Egg 2","Happy Flower","ClockworkSouvenir","Lantern","Bag of Preparation","Nunchaku","Boot","Blood Vial","Bottled Flame","Ornamental Fan"],"potions_floor_usage":[],"damage_taken":[{"damage":5.0,"enemies":"2 Louse","floor":1.0,"turns":2.0},{"damage":27.0,"enemies":"Gremlin Nob","floor":6.0,"turns":4.0},{"damage":37.0,"enemies":"Lagavulin","floor":8.0,"turns":7.0},{"damage":4.0,"enemies":"Small Slimes","floor":11.0,"turns":2.0},{"damage":2.0,"enemies":"Jaw Worm","floor":13.0,"turns":2.0},{"damage":7.0,"enemies":"Red Slaver","floor":14.0,"turns":2.0},{"damage":31.0,"enemies":"Slime Boss","floor":16.0,"turns":7.0},{"damage":12.0,"enemies":"Shell Parasite","floor":18.0,"turns":4.0},{"damage":5.0,"enemies":"Chosen","floor":21.0,"turns":3.0},{"damage":18.0,"enemies":"3 Cultists","floor":22.0,"turns":5.0},{"damage":0.0,"enemies":"Snecko","floor":23.0,"turns":2.0},{"damage":4.0,"enemies":"Centurion and Healer","floor":25.0,"turns":4.0},{"damage":11.0,"enemies":"Chosen and Byrds","floor":27.0,"turns":4.0},{"damage":0.0,"enemies":"Snecko","floor":29.0,"turns":2.0},{"damage":0.0,"enemies":"Gremlin Leader","floor":31.0,"turns":4.0},{"damage":69.0,"enemies":"Champ","floor":33.0,"turns":7.0},{"damage":6,"enemies":"3 Shapes","floor":35,"turns":5},{"damage":21,"enemies":"3 Darklings","floor":38,"turns":2},{"damage":33,"enemies":"Giant Head","floor":40,"turns":5},{"damage":3,"enemies":"Maw","floor":44,"turns":3},{"damage":10,"enemies":"Sphere and 2 Shapes","floor":45,"turns":2},{"damage":28,"enemies":"Nemesis","floor":47,"turns":3},{"damage":0,"enemies":"3 Darklings","floor":48,"turns":2},{"damage":20,"enemies":"Donu and Deca","floor":50,"turns":3}],"seed_played":"2190702851417732009","potions_obtained":[{"floor":1.0,"key":"Explosive Potion"},{"floor":6.0,"key":"Poison Potion"},{"floor":11.0,"key":"Weak Potion"},{"floor":13.0,"key":"FairyPotion"},{"floor":29.0,"key":"FearPotion"},{"floor":35,"key":"LiquidBronze"},{"floor":40,"key":"Dexterity Potion"},{"floor":47,"key":"Fire Potion"},{"floor":48,"key":"FearPotion"}],"is_trial":false,"path_per_floor":["M","?","?","?","T","E","$","E","T","R","M","?","M","M","R","B",null,"M","?","$","M","M","M","R","M","T","M","R","M","?","E","R","B",null,"M","$","?","M","?","E","R","?","T","M","M","$","E","M","R","B",null],"character_chosen":"IRONCLAD","items_purchased":["Reaper","Dark Embrace","Magic Flower","Membership Card","Bag of Marbles","Ancient Tea Set","Bottled Tornado","Burning Pact","Uppercut","Unceasing Top","Dead Branch","Molten Egg 2","Happy Flower","ClockworkSouvenir","Lantern","Bag of Preparation","Nunchaku","Purity","Twin Strike+1","Boot","Blood Vial","Bottled Flame"],"campfire_rested":0,"item_purchase_floors":[7,7,20,36,36,36,36,36,36,46,46,46,46,46,46,46,46,46,46,46,46,46],"current_hp_per_floor":[75,69,69,69,69,48,48,29,29,29,42,27,35,41,41,23,80,82,82,82,88,81,88,88,88,88,92,92,92,56,92,92,55,96,100,100,100,88,88,98,98,100,100,100,99,99,81,100,100,89],"gold":62,"neow_bonus":"THREE_RARE_CARDS","is_prod":false,"is_daily":false,"chose_seed":false,"campfire_upgraded":7,"win_rate":0,"timestamp":1545545527,"path_taken":["M","?","?","?","?","E","$","E","T","R","M","?","M","M","R","BOSS","M","?","$","M","M","M","R","M","T","M","R","?","?","E","R","BOSS","M","$","?","M","?","E","R","?","T","M","?","$","E","M","R","BOSS"],"build_version":"2018-12-20","purchased_purges":4,"victory":true,"max_hp_per_floor":[75,69,69,69,69,69,69,72,72,72,76,76,80,80,80,80,80,84,84,84,88,88,88,88,88,88,92,92,92,92,92,92,96,96,100,100,100,100,100,100,100,100,100,100,100,100,100,100,100,100],"card_choices":[{"not_picked":["Berserk","Demon Form"],"picked":"Feed","floor":0.0},{"not_picked":["Iron Wave","Rupture"],"picked":"Shockwave","floor":1.0},{"not_picked":["Iron Wave","Shockwave"],"picked":"Sever Soul","floor":6.0},{"not_picked":["Perfected Strike","Ghostly Armor"],"picked":"Twin Strike","floor":8.0},{"not_picked":["Clash","Cleave"],"picked":"Headbutt","floor":11.0},{"not_picked":["Perfected Strike","Cleave","Fire Breathing"],"picked":"SKIP","floor":13.0},{"not_picked":["Body Slam","Evolve","Seeing Red"],"picked":"SKIP","floor":14.0},{"not_picked":["Berserk","Double Tap"],"picked":"Limit Break","floor":16.0},{"not_picked":["Havoc","Iron Wave"],"picked":"Shrug It Off+1","floor":18.0},{"not_picked":["Pommel Strike","Havoc","Shockwave"],"picked":"SKIP","floor":21.0},{"not_picked":["Wild Strike","Cleave","Disarm"],"picked":"SKIP","floor":22.0},{"not_picked":["Entrench","Havoc"],"picked":"Dropkick","floor":23.0},{"not_picked":["Cleave","Dual Wield"],"picked":"Warcry+1","floor":25.0},{"not_picked":["Flex+1","Warcry"],"picked":"Pummel","floor":27.0},{"not_picked":["Headbutt","Clothesline"],"picked":"Dual Wield","floor":29.0},{"not_picked":["Flex","Body Slam"],"picked":"Twin Strike+1","floor":31.0},{"not_picked":["Impervious","Berserk"],"picked":"Exhume","floor":33.0},{"not_picked":["Reckless Charge","Sentinel+1"],"picked":"Heavy Blade","floor":35},{"not_picked":["Body Slam+1","Disarm+1","Anger+1"],"picked":"SKIP","floor":38},{"not_picked":["Burning Pact","Clothesline+1"],"picked":"Flex+1","floor":40},{"not_picked":["Iron Wave","Metallicize+1","Armaments+1"],"picked":"SKIP","floor":44},{"not_picked":["Flame Barrier","Havoc+1"],"picked":"Rupture+1","floor":45},{"not_picked":["Feed+1","Clothesline+1","Evolve"],"picked":"SKIP","floor":47},{"not_picked":["Evolve+1","Armaments+1","Shrug It Off"],"picked":"SKIP","floor":48}],"player_experience":1054147,"relics_obtained":[{"floor":5.0,"key":"Bronze Scales"},{"floor":6.0,"key":"Oddly Smooth Stone"},{"floor":8.0,"key":"Vajra"},{"floor":9.0,"key":"The Courier"},{"floor":26.0,"key":"Bottled Lightning"},{"floor":31.0,"key":"Potion Belt"},{"floor":40,"key":"Orichalcum"},{"floor":43,"key":"Ginger"},{"floor":47,"key":"Ornamental Fan"}],"event_choices":[{"damage_healed":0.0,"max_hp_gain":0.0,"max_hp_loss":6.0,"gold_gain":0.0,"event_name":"Golden Idol","player_choice":"Lose Max HP","floor":2.0,"gold_loss":0.0,"damage_taken":0.0,"relics_obtained":["Golden Idol"]},{"damage_healed":0.0,"max_hp_gain":0.0,"max_hp_loss":0.0,"gold_gain":0.0,"event_name":"Big Fish","player_choice":"Box","floor":3.0,"gold_loss":0.0,"damage_taken":0.0,"relics_obtained":["Du-Vu Doll"],"cards_obtained":["Regret"]},{"damage_healed":0.0,"max_hp_gain":0.0,"max_hp_loss":0.0,"gold_gain":175.0,"event_name":"Liars Game","player_choice":"AGREE","floor":4.0,"gold_loss":0.0,"damage_taken":0.0,"cards_obtained":["Doubt"]},{"damage_healed":0.0,"max_hp_gain":0.0,"max_hp_loss":0.0,"gold_gain":0.0,"event_name":"Shining Light","player_choice":"Entered Light","floor":12.0,"gold_loss":0.0,"damage_taken":15.0,"cards_upgraded":["Strike_R","Strike_R"]},{"damage_healed":0.0,"max_hp_gain":0.0,"max_hp_loss":0.0,"gold_gain":0.0,"event_name":"Accursed Blacksmith","player_choice":"Rummage","floor":19.0,"gold_loss":0.0,"damage_taken":0.0,"relics_obtained":["WarpedTongs"],"cards_obtained":["Pain"]},{"damage_healed":0.0,"max_hp_gain":0.0,"max_hp_loss":0.0,"gold_gain":180.0,"event_name":"Knowing Skull","player_choice":"CARD GOLD GOLD ","floor":30.0,"potions_obtained":[],"gold_loss":0.0,"damage_taken":36.0,"cards_obtained":["Deep Breath"]},{"damage_healed":0,"gold_gain":999,"player_choice":"Gold","damage_taken":0,"max_hp_gain":0,"max_hp_loss":0,"event_name":"MindBloom","floor":37,"gold_loss":0,"cards_obtained":["Normality","Normality"]},{"cards_removed":["Dropkick"],"damage_healed":0,"gold_gain":0,"player_choice":"Removed Attack","damage_taken":0,"max_hp_gain":0,"max_hp_loss":0,"event_name":"Falling","floor":39,"gold_loss":0},{"damage_healed":25,"gold_gain":0,"player_choice":"Writhe","damage_taken":0,"max_hp_gain":0,"max_hp_loss":0,"event_name":"Winding Halls","floor":42,"gold_loss":0,"cards_obtained":["Writhe"]}],"is_beta":false,"boss_relics":[{"not_picked":["Eternal Feather","White Beast Statue"],"picked":"Velvet Choker"},{"not_picked":["Runic Pyramid","Lizard Tail"],"picked":"Astrolabe"}],"items_purged_floors":[7,20,36,46],"is_endless":false,"potions_floor_spawned":[1,6,11,13,21,22,23,27,29,35,40,47,48],"ascension_level":0}