{"gold_per_floor":[364,383,558,89,89,89,125,125,125,125,146,189,189,204,204,295,295,309,309,295,220,230,230,264,282,282,309,309,326,353,353,353,424,424,444,109,124,136,489,489,514,514,537,566,566,89,118,131,131,131,131,131,5,31,31],"floor_reached":56,"playtime":6711,"items_purged":["Doubt","Defend_B","Writhe"],"score":2147,"play_id":"92c19a23-295e-459d-99f9-96e44cef391e","local_time":"20190808000133","is_ascension_mode":true,"campfire_choices":[{"data":"Sunder","floor":6.0,"key":"SMITH"},{"data":"Zap","floor":10.0,"key":"SMITH"},{"data":"Defragment","floor":13.0,"key":"SMITH"},{"data":"Defragment","floor":15.0,"key":"SMITH"},{"data":"Dualcast","floor":23.0,"key":"SMITH"},{"data":"Recycle","floor":28.0,"key":"SMITH"},{"floor":32.0,"key":"DIG"},{"floor":40.0,"key":"DIG"},{"floor":42.0,"key":"DIG"},{"floor":49.0,"key":"RECALL"},{"floor":52.0,"key":"DIG"}],"neow_cost":"TEN_PERCENT_HP_LOSS","seed_source_timestamp":775021098975633,"circlet_count":0,"master_deck":["AscendersBane","Defend_B","Zap+1","Dualcast+1","Defragment+1","Compile Driver","Cold Snap","Sunder+1","Coolheaded","Beam Cell","Hologram","Recycle+1","Defragment+1","BootSequence","All For One","Go for the Eyes","Gash+1","Leap+1","All For One","Reinforced Body+1","Reboot+1","Beam Cell+1","Lockon+1","Heatsinks+1","Defragment","White Noise+1","White Noise+1","Redo+1","Redo+1","Bandage Up+1","Coolheaded+1","Turbo+1","Seek+1","Go for the Eyes+1"],"special_seed":0,"relics":["FrozenCore","Bottled Flame","Bloody Idol","Calipers","Ice Cream","Bag of Preparation","Centennial Puzzle","Toxic Egg 2","Mango","Shovel","Blue Candle","Astrolabe","DollysMirror","Old Coin","PreservedInsect","Dodecahedron","Question Card","Strawberry","Runic Capacitor","Omamori","Mummified Hand","Sundial"],"potions_floor_usage":[55],"damage_taken":[{"damage":0.0,"enemies":"2 Louse","floor":1.0,"turns":2.0},{"damage":0.0,"enemies":"Small Slimes","floor":2.0,"turns":3.0},{"damage":16.0,"enemies":"Gremlin Nob","floor":7.0,"turns":3.0},{"damage":0.0,"enemies":"Cultist","floor":11.0,"turns":2.0},{"damage":11.0,"enemies":"Lagavulin","floor":12.0,"turns":6.0},{"damage":3.0,"enemies":"Looter","floor":14.0,"turns":3.0},{"damage":10.0,"enemies":"Hexaghost","floor":16.0,"turns":9.0},{"damage":0.0,"enemies":"Spheric Guardian","floor":18.0,"turns":4.0},{"damage":17.0,"enemies":"2 Thieves","floor":20.0,"turns":4.0},{"damage":10.0,"enemies":"Snake Plant","floor":22.0,"turns":5.0},{"damage":0.0,"enemies":"Gremlin Leader","floor":24.0,"turns":9.0},{"damage":0.0,"enemies":"Centurion and Healer","floor":25.0,"turns":7.0},{"damage":0.0,"enemies":"Slavers","floor":27.0,"turns":7.0},{"damage":0.0,"enemies":"Snecko","floor":29.0,"turns":3.0},{"damage":4.0,"enemies":"Gremlin Leader","floor":30.0,"turns":5.0},{"damage":12.0,"enemies":"Automaton","floor":33.0,"turns":9.0},{"damage":0.0,"enemies":"Orb Walker","floor":35.0,"turns":4.0},{"damage":0.0,"enemies":"3 Shapes","floor":37.0,"turns":4.0},{"damage":3.0,"enemies":"Maw","floor":38.0,"turns":6.0},{"damage":0.0,"enemies":"2 Orb Walkers","floor":39.0,"turns":6.0},{"damage":1.0,"enemies":"Giant Head","floor":41.0,"turns":5.0},{"damage":30.0,"enemies":"Nemesis","floor":44.0,"turns":3.0},{"damage":0.0,"enemies":"Giant Head","floor":47.0,"turns":5.0},{"damage":0.0,"enemies":"Sphere and 2 Shapes","floor":48.0,"turns":3.0},{"damage":16.0,"enemies":"Time Eater","floor":50.0,"turns":13.0},{"damage":0.0,"enemies":"Shield and Spear","floor":54.0,"turns":6.0},{"damage":71,"enemies":"The Heart","floor":55,"turns":18}],"seed_played":"4154924162936127909","potions_obtained":[{"floor":7.0,"key":"Swift Potion"},{"floor":11.0,"key":"Block Potion"},{"floor":12.0,"key":"FearPotion"},{"floor":16.0,"key":"Explosive Potion"},{"floor":18.0,"key":"FocusPotion"},{"floor":24.0,"key":"Dexterity Potion"},{"floor":30.0,"key":"Explosive Potion"},{"floor":33.0,"key":"PowerPotion"},{"floor":39.0,"key":"SteroidPotion"},{"floor":54.0,"key":"Explosive Potion"}],"is_trial":false,"path_per_floor":["M","M","?","$","?","R","E","?","T","R","M","E","R","M","R","B",null,"M","?","M","?","M","R","E","M","T","E","R","M","E","?","R","B",null,"M","$","M","M","?","R","E","R","T","E","?","$","E","M","R","B",null,"R","$","E","B",null],"character_chosen":"DEFECT","items_purchased":["Cold Snap","Sunder","Bottled Flame","Coolheaded","White Noise+1","DollysMirror","Runic Capacitor","Bandage Up+1","Coolheaded+1","Seek+1","Swift Potion"],"campfire_rested":0,"item_purchase_floors":[4,4,4,4,36,36,46,46,46,53,53],"current_hp_per_floor":[64,64,64,64,48,48,32,32,32,32,32,21,21,18,18,8,50,50,50,43,43,38,38,43,48,48,67,67,72,73,73,73,66,75,78,78,78,78,78,78,78,78,78,60,81,81,85,85,85,75,83,83,83,85,20],"gold":31,"neow_bonus":"TWO_FIFTY_GOLD","is_prod":false,"is_daily":false,"chose_seed":false,"campfire_upgraded":6,"win_rate":0,"timestamp":1565236893,"path_taken":["M","M","?","$","?","R","E","?","T","R","?","E","R","M","R","BOSS","M","?","M","?","M","R","E","M","T","E","R","M","E","?","R","BOSS","M","$","?","M","?","R","E","R","T","E","?","$","E","M","R","BOSS","R","$","E","BOSS"],"build_version":"2019-07-17","purchased_purges":3,"victory":true,"max_hp_per_floor":[64,64,64,64,64,64,64,64,64,64,64,64,64,64,64,64,64,64,64,64,64,64,64,64,64,64,78,78,78,78,78,78,78,78,78,78,78,78,78,78,78,78,78,85,85,85,85,85,85,85,85,85,85,85,85],"card_choices":[{"not_picked":["Hologram","Barrage"],"picked":"Defragment","floor":1.0},{"not_picked":["Streamline","Go for the Eyes"],"picked":"Compile Driver","floor":2.0},{"not_picked":["Multi-Cast","Aggregate"],"picked":"Beam Cell","floor":7.0},{"not_picked":["Force Field","Hologram"],"picked":"Recycle","floor":11.0},{"not_picked":["Loop","Stack"],"picked":"Defragment","floor":12.0},{"not_picked":["Rebound","Redo"],"picked":"BootSequence","floor":14.0},{"not_picked":["Meteor Strike","Machine Learning"],"picked":"All For One","floor":16.0},{"not_picked":["Sweeping Beam","Leap"],"picked":"Go for the Eyes","floor":18.0},{"not_picked":["Coolheaded","Ball Lightning"],"picked":"Gash+1","floor":20.0},{"not_picked":["Auto Shields","Hello World"],"picked":"Leap+1","floor":22.0},{"not_picked":["Steam","Lockon","Force Field"],"picked":"SKIP","floor":24.0},{"not_picked":["Turbo","Lockon"],"picked":"All For One","floor":25.0},{"not_picked":["Ball Lightning","Rebound","Sweeping Beam"],"picked":"SKIP","floor":27.0},{"not_picked":["Beam Cell","Ball Lightning+1"],"picked":"Reinforced Body+1","floor":29.0},{"not_picked":["Stack+1","Cold Snap","Compile Driver"],"picked":"SKIP","floor":30.0},{"not_picked":["Electrodynamics","Creative AI"],"picked":"Reboot+1","floor":33.0},{"not_picked":["Redo+1","Compile Driver"],"picked":"Defragment","floor":35.0},{"not_picked":["Streamline","Aggregate+1"],"picked":"Redo+1","floor":37.0},{"not_picked":["Steam+1","Sunder"],"picked":"Redo+1","floor":38.0},{"not_picked":["Lockon","Electrodynamics","FTL+1"],"picked":"SKIP","floor":41.0},{"not_picked":["Reprogram+1","Recycle+1","Leap+1","Melter"],"picked":"SKIP","floor":44.0},{"not_picked":["Sunder","Reprogram+1","Barrage+1","Chaos+1"],"picked":"SKIP","floor":47.0},{"not_picked":["Beam Cell","Steam+1","Ball Lightning"],"picked":"Turbo+1","floor":48.0},{"not_picked":["Consume+1","Sweeping Beam","Streamline+1"],"picked":"Go for the Eyes+1","floor":54.0}],"player_experience":401068,"relics_obtained":[{"floor":7.0,"key":"Calipers"},{"floor":9.0,"key":"Ice Cream"},{"floor":12.0,"key":"Bag of Preparation"},{"floor":24.0,"key":"Centennial Puzzle"},{"floor":26.0,"key":"Toxic Egg 2"},{"floor":27.0,"key":"Mango"},{"floor":30.0,"key":"Shovel"},{"floor":32.0,"key":"Blue Candle"},{"floor":39.0,"key":"Old Coin"},{"floor":40.0,"key":"PreservedInsect"},{"floor":41.0,"key":"Dodecahedron"},{"floor":42.0,"key":"Question Card"},{"floor":44.0,"key":"Strawberry"},{"floor":47.0,"key":"Omamori"},{"floor":52.0,"key":"Mummified Hand"},{"floor":54.0,"key":"Sundial"}],"event_choices":[{"damage_healed":0.0,"max_hp_gain":0.0,"max_hp_loss":0.0,"gold_gain":175.0,"event_name":"Liars Game","player_choice":"AGREE","floor":3.0,"gold_loss":0.0,"damage_taken":0.0,"cards_obtained":["Doubt"]},{"damage_healed":0.0,"max_hp_gain":0.0,"max_hp_loss":0.0,"gold_gain":0.0,"event_name":"Golden Idol","player_choice":"Take Damage","floor":5.0,"gold_loss":0.0,"damage_taken":16.0,"relics_obtained":["Golden Idol"]},{"damage_healed":0.0,"max_hp_gain":0.0,"max_hp_loss":0.0,"gold_gain":0.0,"cards_transformed":["Strike_B"],"event_name":"Transmorgrifier","player_choice":"Transformed","floor":8.0,"gold_loss":0.0,"damage_taken":0.0,"cards_obtained":["Hologram"]},{"damage_healed":0.0,"max_hp_gain":0.0,"max_hp_loss":0.0,"gold_gain":0.0,"event_name":"Forgotten Altar","player_choice":"Gave Idol","floor":19.0,"relics_lost":["Golden Idol"],"gold_loss":0.0,"damage_taken":0.0,"relics_obtained":["Bloody Idol"]},{"cards_removed":["Strike_B"],"damage_healed":0.0,"max_hp_gain":0.0,"max_hp_loss":0.0,"gold_gain":0.0,"event_name":"Beggar","player_choice":"Gave Gold","floor":21.0,"gold_loss":75.0,"damage_taken":0.0},{"cards_removed":["Strike_B"],"damage_healed":0.0,"max_hp_gain":0.0,"max_hp_loss":0.0,"gold_gain":0.0,"event_name":"Bonfire Elementals","player_choice":"Offered Basic","floor":31.0,"gold_loss":0.0,"damage_taken":0.0},{"damage_healed":0.0,"max_hp_gain":0.0,"max_hp_loss":0.0,"gold_gain":0.0,"event_name":"Mysterious Sphere","player_choice":"Fight","floor":39.0,"gold_loss":0.0,"damage_taken":0.0},{"damage_healed":21.0,"max_hp_gain":0.0,"max_hp_loss":0.0,"gold_gain":0.0,"event_name":"Winding Halls","player_choice":"Writhe","floor":45.0,"gold_loss":0.0,"damage_taken":0.0,"cards_obtained":["Writhe"]}],"is_beta":false,"boss_relics":[{"not_picked":["Philosopher\u0027s Stone","Velvet Choker"],"picked":"FrozenCore"},{"not_picked":["White Beast Statue","Eternal Feather"],"picked":"Astrolabe"}],"items_purged_floors":[4,36,46],"is_endless":false,"potions_floor_spawned":[7,11,12,16,18,20,24,27,30,33,35,38,39,54],"ascension_level":14}