{"gold_per_floor":[116,41,41,55,75,75,75,75,101,111,111,111,121,121,121,121],"floor_reached":16,"playtime":176,"items_purged":["Defend_B"],"score":90,"play_id":"a0541de0-0107-4eec-b08d-6a60573f2b74","local_time":"20190325233338","is_ascension_mode":false,"campfire_choices":[{"data":"Sweeping Beam","floor":6,"key":"SMITH"},{"data":"Dualcast","floor":8,"key":"SMITH"},{"data":"Hologram","floor":11,"key":"SMITH"},{"floor":15,"key":"REST"}],"neow_cost":"NONE","seed_source_timestamp":92437449811722,"circlet_count":0,"master_deck":["Strike_B","Strike_B","Strike_B","Strike_B","Defend_B","Defend_B","Defend_B","Zap+1","Dualcast+1","Ball Lightning","Compile Driver","Sweeping Beam+1","Hologram+1","Parasite","Redo"],"relics":["Cracked Core","NeowsBlessing","Happy Flower","PreservedInsect","Emotion Chip"],"potions_floor_usage":[],"damage_taken":[{"damage":0,"enemies":"Jaw Worm","floor":1,"turns":1},{"damage":0,"enemies":"Cultist","floor":4,"turns":1},{"damage":0,"enemies":"Small Slimes","floor":5,"turns":1},{"damage":5,"enemies":"Looter","floor":10,"turns":2},{"damage":0,"enemies":"Large Slime","floor":13,"turns":4},{"damage":0,"enemies":"The Guardian","floor":16,"turns":1}],"seed_played":"5106143839009536144","potions_obtained":[{"floor":4,"key":"LiquidBronze"},{"floor":10,"key":"FairyPotion"},{"floor":13,"key":"SneckoOil"}],"is_trial":false,"path_per_floor":["M","$","?","M","M","R","?","R","T","M","R","?","M","T","R","B"],"character_chosen":"DEFECT","items_purchased":[],"campfire_rested":1,"item_purchase_floors":[],"current_hp_per_floor":[75,75,75,75,75,75,72,72,72,67,67,75,75,75,75,75],"gold":121,"neow_bonus":"THREE_ENEMY_KILL","is_prod":false,"is_daily":false,"chose_seed":false,"campfire_upgraded":3,"win_rate":0,"timestamp":1553582018,"path_taken":["M","$","?","?","M","R","?","R","T","M","R","?","M","?","R","BOSS"],"build_version":"2019-01-23","purchased_purges":1,"victory":false,"max_hp_per_floor":[75,75,75,75,75,75,75,75,75,75,75,75,75,75,75,75],"card_choices":[{"not_picked":["Loop","Conserve Battery"],"picked":"Ball Lightning","floor":1},{"not_picked":["BootSequence","Fusion"],"picked":"Compile Driver","floor":4},{"not_picked":["Conserve Battery","Leap"],"picked":"Sweeping Beam","floor":5},{"not_picked":["Coolheaded","Conserve Battery"],"picked":"Hologram","floor":10},{"not_picked":["Conserve Battery","Turbo"],"picked":"Redo","floor":13}],"player_experience":1247877,"relics_obtained":[{"floor":9,"key":"PreservedInsect"},{"floor":14,"key":"Emotion Chip"}],"event_choices":[{"damage_healed":0,"gold_gain":0,"player_choice":"Upgraded","damage_taken":0,"max_hp_gain":0,"max_hp_loss":0,"event_name":"Upgrade Shrine","floor":3,"gold_loss":0,"cards_upgraded":["Zap"]},{"damage_healed":0,"gold_gain":0,"player_choice":"Success","damage_taken":3,"relics_obtained":["Happy Flower"],"max_hp_gain":0,"max_hp_loss":0,"event_name":"Scrap Ooze","floor":7,"gold_loss":0},{"damage_healed":18,"gold_gain":0,"player_choice":"Healed and dodged fight","damage_taken":0,"max_hp_gain":0,"max_hp_loss":0,"event_name":"Mushrooms","floor":12,"gold_loss":0,"cards_obtained":["Parasite"]}],"is_beta":false,"boss_relics":[],"items_purged_floors":[2],"is_endless":false,"potions_floor_spawned":[4,10,13],"killed_by":"The Guardian","ascension_level":0}