{"gold_per_floor":[119,119,130,146,0,28,28,62,89,99,99,99,133,33,33,138,138,156,166,185,60,60,89,89,105,132,150,168,184,184,218,218,316,316,328,328,144,144,159,189,14,14,14,26,42,42,42,58,58,58],"floor_reached":51,"playtime":4051,"items_purged":["Strike_R","Strike_R","Strike_R","Defend_R","Defend_R"],"score":762,"play_id":"15d1cfed-f5b5-4978-821b-00bd2fb1d6f1","local_time":"20180811223335","is_ascension_mode":false,"campfire_choices":[{"data":"Body Slam","floor":7.0,"key":"SMITH"},{"floor":12.0,"key":"REST"},{"data":"Armaments","floor":15.0,"key":"SMITH"},{"floor":24.0,"key":"REST"},{"data":"Barricade","floor":30.0,"key":"SMITH"},{"floor":32.0,"key":"DIG"},{"floor":42.0,"key":"DIG"},{"floor":46.0,"key":"DIG"},{"floor":49,"key":"REST"}],"neow_cost":"NONE","seed_source_timestamp":0,"circlet_count":0,"master_deck":["Strike_R+1","Strike_R+1","Defend_R","Bash","Clothesline","Body Slam+1","Entrench+1","Shrug It Off","Dual Wield+1","Armaments+1","Offering","Entrench","Necronomicurse","Barricade+1","Iron Wave","Body Slam","Shrug It Off","Impervious+1","Iron Wave","Metallicize","Wild Strike","Metallicize+1","Juggernaut","Armaments+1","Juggernaut"],"special_seed":0,"relics":["Burning Blood","NeowsBlessing","Art of War","Regal Pillow","Orichalcum","Gremlin Horn","Bronze Scales","Velvet Choker","Necronomicon","War Paint","Bag of Marbles","Shovel","Toxic Egg 2","Fusion Hammer","Charon\u0027s Ashes","Blue Candle","Darkstone Periapt","Oddly Smooth Stone","Calipers"],"potions_floor_usage":[50],"damage_taken":[{"damage":0.0,"enemies":"Jaw Worm","floor":1.0,"turns":1.0},{"damage":0.0,"enemies":"Small Slimes","floor":3.0,"turns":1.0},{"damage":0.0,"enemies":"Cultist","floor":4.0,"turns":1.0},{"damage":42.0,"enemies":"Gremlin Nob","floor":6.0,"turns":6.0},{"damage":32.0,"enemies":"3 Sentries","floor":8.0,"turns":11.0},{"damage":7.0,"enemies":"Red Slaver","floor":10.0,"turns":4.0},{"damage":12.0,"enemies":"Gremlin Nob","floor":13.0,"turns":4.0},{"damage":16.0,"enemies":"Hexaghost","floor":16.0,"turns":11.0},{"damage":13.0,"enemies":"Spheric Guardian","floor":18.0,"turns":4.0},{"damage":11.0,"enemies":"3 Byrds","floor":19.0,"turns":4.0},{"damage":19.0,"enemies":"3 Cultists","floor":20.0,"turns":5.0},{"damage":31.0,"enemies":"Gremlin Leader","floor":23.0,"turns":7.0},{"damage":22.0,"enemies":"Centurion and Healer","floor":25.0,"turns":12.0},{"damage":1.0,"enemies":"Cultist and Chosen","floor":27.0,"turns":8.0},{"damage":8.0,"enemies":"Chosen and Byrds","floor":28.0,"turns":4.0},{"damage":0.0,"enemies":"Snake Plant","floor":29.0,"turns":1.0},{"damage":9.0,"enemies":"Slavers","floor":31.0,"turns":4.0},{"damage":6.0,"enemies":"Collector","floor":33.0,"turns":6.0},{"damage":5.0,"enemies":"Orb Walker","floor":35.0,"turns":3.0},{"damage":0.0,"floor":36.0,"turns":3.0},{"damage":6.0,"enemies":"Flame Bruiser 1 Orb","floor":39.0,"turns":5.0},{"damage":14.0,"enemies":"2 Orb Walkers","floor":40.0,"turns":6.0},{"damage":26.0,"enemies":"Transient","floor":44.0,"turns":5.0},{"damage":2.0,"enemies":"Flame Bruiser 2 Orb","floor":45.0,"turns":4.0},{"damage":6.0,"enemies":"Sphere and 2 Shapes","floor":48.0,"turns":4.0},{"damage":25,"enemies":"Time Eater","floor":50,"turns":7}],"seed_played":"165228324311816529","potions_obtained":[{"floor":1.0,"key":"Fire Potion"},{"floor":4.0,"key":"Dexterity Potion"},{"floor":13.0,"key":"Fire Potion"},{"floor":19.0,"key":"Block Potion"},{"floor":28.0,"key":"PowerPotion"},{"floor":33.0,"key":"SpeedPotion"},{"floor":39.0,"key":"Explosive Potion"},{"floor":48.0,"key":"Fire Potion"}],"is_trial":false,"path_per_floor":["M","?","M","M","$","E","R","E","T","M","T","R","E","$","R","B",null,"M","M","M","$","?","E","R","M","T","M","M","M","R","E","R","B",null,"M","?","$","?","M","E","$","R","T","M","M","R","?","M","R","B"],"character_chosen":"IRONCLAD","items_purchased":["Entrench","Metallicize"],"campfire_rested":3,"item_purchase_floors":[5,37],"current_hp_per_floor":[80,64,70,76,76,40,40,14,14,13,13,52,46,46,46,36,80,73,68,55,55,39,14,53,37,37,42,40,46,46,43,43,43,80,80,80,80,80,80,72,72,72,72,52,56,56,56,56,80,61],"gold":58,"neow_bonus":"THREE_ENEMY_KILL","is_prod":false,"is_daily":false,"chose_seed":false,"campfire_upgraded":3,"win_rate":0,"timestamp":1534052015,"path_taken":["M","?","?","M","?","E","R","E","T","M","?","R","E","?","R","BOSS","M","M","M","$","?","E","R","M","T","?","M","?","R","E","R","BOSS","M","?","$","?","M","E","?","R","T","M","M","R","?","M","R","BOSS"],"build_version":"2018-08-09","purchased_purges":5,"victory":true,"max_hp_per_floor":[80,80,80,80,80,80,80,80,80,80,80,80,80,80,80,80,80,80,80,80,80,80,80,80,80,80,80,80,80,80,80,80,80,80,80,80,80,80,80,80,80,80,80,80,80,80,80,80,80,80],"card_choices":[{"not_picked":["Disarm","Thunderclap","Heavy Blade"],"picked":"SKIP","floor":1.0},{"not_picked":["Pommel Strike","Flex"],"picked":"Clothesline","floor":3.0},{"not_picked":["Twin Strike","Armaments"],"picked":"Body Slam","floor":4.0},{"not_picked":["Carnage","Rampage"],"picked":"Shrug It Off","floor":6.0},{"not_picked":["Warcry","Searing Blow"],"picked":"Dual Wield","floor":8.0},{"not_picked":["Cleave","Clothesline","Exhume"],"picked":"SKIP","floor":10.0},{"not_picked":["Whirlwind","Warcry"],"picked":"Armaments","floor":13.0},{"not_picked":["Brutality","Demon Form"],"picked":"Offering","floor":16.0},{"not_picked":["Iron Wave","Sword Boomerang"],"picked":"Entrench","floor":18.0},{"not_picked":["Havoc+1","Wild Strike","Thunderclap"],"picked":"SKIP","floor":19.0},{"not_picked":["Sword Boomerang","Rampage","Second Wind"],"picked":"SKIP","floor":20.0},{"not_picked":["Perfected Strike","Second Wind"],"picked":"Barricade","floor":23.0},{"not_picked":["Burning Pact","Evolve+1","True Grit"],"picked":"SKIP","floor":25.0},{"not_picked":["Rampage","Shockwave"],"picked":"Iron Wave","floor":27.0},{"not_picked":["Pummel","Clothesline"],"picked":"Body Slam","floor":28.0},{"not_picked":["Feel No Pain","Sword Boomerang+1"],"picked":"Shrug It Off","floor":29.0},{"not_picked":["Clash+1","Flex+1","Blood for Blood"],"picked":"SKIP","floor":31.0},{"not_picked":["Dark Embrace","Limit Break+1"],"picked":"Impervious+1","floor":33.0},{"not_picked":["True Grit+1","Havoc+1","Thunderclap+1"],"picked":"SKIP","floor":35.0},{"not_picked":["True Grit+1","Cleave"],"picked":"Iron Wave","floor":36.0},{"not_picked":["Pummel","Inflame+1"],"picked":"Metallicize+1","floor":39.0},{"not_picked":["Perfected Strike","Headbutt"],"picked":"Juggernaut","floor":40.0},{"not_picked":["Sword Boomerang","Twin Strike","Perfected Strike"],"picked":"SKIP","floor":44.0},{"not_picked":["Havoc+1","Clothesline+1"],"picked":"Armaments+1","floor":45.0},{"not_picked":["Fiend Fire","True Grit+1","Evolve"],"picked":"SKIP","floor":48.0}],"player_experience":611420,"relics_obtained":[{"floor":6.0,"key":"Art of War"},{"floor":8.0,"key":"Regal Pillow"},{"floor":9.0,"key":"Orichalcum"},{"floor":11.0,"key":"Gremlin Horn"},{"floor":13.0,"key":"Bronze Scales"},{"floor":22.0,"key":"Necronomicon"},{"floor":23.0,"key":"War Paint"},{"floor":26.0,"key":"Bag of Marbles"},{"floor":31.0,"key":"Shovel"},{"floor":32.0,"key":"Toxic Egg 2"},{"floor":36.0,"key":"Charon\u0027s Ashes"},{"floor":40.0,"key":"Blue Candle"},{"floor":42.0,"key":"Darkstone Periapt"},{"floor":43.0,"key":"Oddly Smooth Stone"},{"floor":46.0,"key":"Calipers"}],"event_choices":[{"event_name":"Shining Light","player_choice":"Entered Light","floor":2.0,"damage_taken":0.0},{"event_name":"Cursed Tome","player_choice":"Obtained Book","floor":22.0,"damage_taken":0.0},{"event_name":"MindBloom","player_choice":"Fight","floor":36.0,"damage_taken":0.0},{"event_name":"Transmorgrifier","player_choice":"Transform","floor":38.0,"damage_taken":0.0},{"event_name":"Duplicator","player_choice":"One dupe","floor":47.0,"damage_taken":0.0}],"is_beta":false,"boss_relics":[{"not_picked":["Runic Cube","Black Blood"],"picked":"Velvet Choker"},{"not_picked":["Astrolabe","Busted Crown"],"picked":"Fusion Hammer"}],"items_purged_floors":[5,14,21,37,41],"is_endless":false,"potions_floor_spawned":[1,4,13,19,20,27,28,33,39,48],"ascension_level":0}