{"gold_per_floor":[110,120,132,19,39,73,73,107,189,208,208,208,227,227,227,329,329,349,363,288,288,303,303,313,313,313,344,119,135,135,149,149,246,246,262,273,76,96,151,151,171,171,242,270,270,296,307,55,55,55],"floor_reached":51,"playtime":5645,"items_purged":["Strike_B","Strike_B","Defend_B"],"score":1002,"play_id":"86a95a20-fec8-4b70-8fc2-acae49d5f648","local_time":"20190605144950","is_ascension_mode":true,"campfire_choices":[{"floor":7.0,"key":"REST"},{"floor":12.0,"key":"REST"},{"data":"Redo","floor":15.0,"key":"SMITH"},{"data":"Echo Form","floor":23.0,"key":"SMITH"},{"data":"Capacitor","floor":30.0,"key":"SMITH"},{"floor":32.0,"key":"REST"},{"data":"Consume","floor":40,"key":"SMITH"},{"data":"Zap","floor":42,"key":"SMITH"},{"data":"Blizzard","floor":45,"key":"SMITH"},{"data":"Capacitor","floor":49,"key":"SMITH"}],"neow_cost":"PERCENT_DAMAGE","seed_source_timestamp":0,"circlet_count":0,"master_deck":["Defend_B+1","Zap+1","Dualcast","Cold Snap","Sweeping Beam","Core Surge","Loop+1","Doom and Gloom","Conserve Battery","Redo+1","Rebound","Consume+1","Echo Form+1","Steam","Hologram+1","Ghostly","Ghostly","Ghostly","Ghostly","Ghostly","Double Energy","Turbo+1","Capacitor+1","Multi-Cast","Skim+1","Ghostly","Blizzard+1","Barrage+1","Capacitor+1"],"special_seed":0,"relics":["FrozenCore","Darkstone Periapt","Emotion Chip","Question Card","Shuriken","Potion Belt","Velvet Choker","DollysMirror","Thread and Needle","Pear","Art of War","Strawberry"],"potions_floor_usage":[44,50,50,50,50],"damage_taken":[{"damage":1.0,"enemies":"Cultist","floor":1.0,"turns":3.0},{"damage":0.0,"enemies":"Jaw Worm","floor":2.0,"turns":4.0},{"damage":2.0,"enemies":"Small Slimes","floor":3.0,"turns":4.0},{"damage":18.0,"enemies":"Exordium Wildlife","floor":5.0,"turns":6.0},{"damage":12.0,"enemies":"Lagavulin","floor":6.0,"turns":5.0},{"damage":23.0,"enemies":"3 Sentries","floor":8.0,"turns":6.0},{"damage":0.0,"enemies":"Large Slime","floor":10.0,"turns":4.0},{"damage":0.0,"enemies":"3 Louse","floor":13.0,"turns":2.0},{"damage":0.0,"enemies":"Slime Boss","floor":16.0,"turns":5.0},{"damage":9.0,"enemies":"3 Byrds","floor":18.0,"turns":3.0},{"damage":3.0,"enemies":"Spheric Guardian","floor":19.0,"turns":6.0},{"damage":0.0,"enemies":"Snake Plant","floor":22.0,"turns":6.0},{"damage":0.0,"enemies":"Shelled Parasite and Fungi","floor":24.0,"turns":8.0},{"damage":17.0,"enemies":"Slavers","floor":27.0,"turns":6.0},{"damage":0.0,"enemies":"Snecko","floor":29.0,"turns":8.0},{"damage":6.0,"enemies":"Centurion and Healer","floor":31.0,"turns":9.0},{"damage":3.0,"enemies":"Champ","floor":33.0,"turns":13.0},{"damage":0.0,"enemies":"Orb Walker","floor":35.0,"turns":4.0},{"damage":0,"enemies":"3 Darklings","floor":36,"turns":8},{"damage":0,"enemies":"4 Shapes","floor":38,"turns":5},{"damage":0,"enemies":"2 Orb Walkers","floor":39,"turns":9},{"damage":0,"enemies":"Writhing Mass","floor":41,"turns":7},{"damage":13,"enemies":"Nemesis","floor":44,"turns":9},{"damage":0,"enemies":"Reptomancer","floor":46,"turns":8},{"damage":0,"enemies":"Spire Growth","floor":47,"turns":8},{"damage":0,"enemies":"Awakened One","floor":50,"turns":9}],"seed_played":"-6765328721145980723","potions_obtained":[{"floor":5.0,"key":"GamblersBrew"},{"floor":6.0,"key":"AttackPotion"},{"floor":13.0,"key":"Dexterity Potion"},{"floor":18.0,"key":"FearPotion"},{"floor":22.0,"key":"PowerPotion"},{"floor":31.0,"key":"Energy Potion"},{"floor":33.0,"key":"Regen Potion"},{"floor":35.0,"key":"SteroidPotion"},{"floor":38,"key":"SpeedPotion"},{"floor":39,"key":"SteroidPotion"},{"floor":47,"key":"Explosive Potion"}],"is_trial":false,"path_per_floor":["M","M","M","$","M","E","R","E","T","M","?","R","M","?","R","B",null,"M","M","?","?","M","R","M","?","T","E","$","M","R","M","R","B",null,"M","M","$","M","?","R","M","R","T","E","R","E","M","$","R","B",null],"character_chosen":"DEFECT","items_purchased":["Loop","PowerPotion","EssenceOfSteel","DollysMirror","Capacitor","Swift Potion"],"campfire_rested":3,"item_purchase_floors":[4,28,28,37,48,48],"current_hp_per_floor":[53,53,51,51,33,21,43,20,20,20,5,27,27,27,27,27,75,66,63,63,37,37,37,37,37,37,20,20,20,20,14,25,22,37,37,37,37,37,37,37,37,37,47,44,44,51,51,51,51,51],"gold":55,"neow_bonus":"REMOVE_TWO","is_prod":false,"is_daily":false,"chose_seed":false,"campfire_upgraded":7,"win_rate":0,"timestamp":1559738990,"path_taken":["M","M","M","$","?","E","R","E","T","M","?","R","M","?","R","BOSS","M","M","?","?","M","R","M","?","T","E","$","M","R","M","R","BOSS","M","M","$","M","?","R","M","R","T","E","R","E","M","$","R","BOSS"],"build_version":"2019-06-02","purchased_purges":3,"victory":true,"max_hp_per_floor":[75,75,75,75,75,75,75,75,75,75,75,75,75,75,75,75,75,75,75,75,37,37,37,37,37,37,37,37,37,37,37,37,37,37,37,37,37,37,37,37,37,37,47,47,47,54,54,54,54,54],"card_choices":[{"not_picked":["Streamline","Hologram"],"picked":"Cold Snap","floor":1.0},{"not_picked":["Auto Shields","Steam Power"],"picked":"Sweeping Beam","floor":2.0},{"not_picked":["Beam Cell","Chill"],"picked":"Core Surge","floor":3.0},{"not_picked":["Go for the Eyes","Gash"],"picked":"Doom and Gloom","floor":5.0},{"not_picked":["Sweeping Beam","Force Field"],"picked":"Conserve Battery","floor":6.0},{"not_picked":["Reboot","Chill"],"picked":"Redo","floor":8.0},{"not_picked":["Barrage","Darkness","Steam"],"picked":"Rebound","floor":10.0},{"not_picked":["Static Discharge","Sweeping Beam","Auto Shields"],"picked":"Consume","floor":13.0},{"not_picked":["All For One","Meteor Strike","Biased Cognition"],"picked":"Echo Form","floor":16.0},{"not_picked":["Force Field","Stack","Coolheaded"],"picked":"Steam","floor":18.0},{"not_picked":["Rebound","Beam Cell","Cold Snap"],"picked":"Hologram+1","floor":19.0},{"not_picked":["Reinforced Body","Sweeping Beam","Rainbow"],"picked":"Double Energy","floor":22.0},{"not_picked":["Ball Lightning+1","Sweeping Beam","Hello World"],"picked":"Turbo+1","floor":24.0},{"not_picked":["Skim","Static Discharge","Loop"],"picked":"Capacitor","floor":27.0},{"not_picked":["Tempest","Conserve Battery","Steam","Cold Snap+1"],"picked":"SKIP","floor":29.0},{"not_picked":["Sunder","Streamline","Sweeping Beam","Steam"],"picked":"SKIP","floor":31.0},{"not_picked":["Machine Learning","Rainbow","All For One"],"picked":"Multi-Cast","floor":33.0},{"not_picked":["Beam Cell","Barrage+1","Cold Snap"],"picked":"Skim+1","floor":35.0},{"not_picked":["Ball Lightning","Storm+1","Doom and Gloom","Self Repair+1"],"picked":"SKIP","floor":36},{"not_picked":["BootSequence","Steam+1","Compile Driver","Leap"],"picked":"SKIP","floor":38},{"not_picked":["Beam Cell","Steam+1","Consume","Capacitor"],"picked":"SKIP","floor":41},{"not_picked":["Double Energy","Hologram+1","Cold Snap"],"picked":"Blizzard","floor":44},{"not_picked":["Cold Snap+1","Go for the Eyes","Machine Learning","Tempest"],"picked":"SKIP","floor":46},{"not_picked":["Rip and Tear","Heatsinks","Self Repair"],"picked":"Barrage+1","floor":47}],"player_experience":427783,"relics_obtained":[{"floor":6.0,"key":"Darkstone Periapt"},{"floor":8.0,"key":"Emotion Chip"},{"floor":9.0,"key":"Question Card"},{"floor":26.0,"key":"Shuriken"},{"floor":27.0,"key":"Potion Belt"},{"floor":39,"key":"Thread and Needle"},{"floor":43,"key":"Pear"},{"floor":44,"key":"Art of War"},{"floor":46,"key":"Strawberry"}],"event_choices":[{"damage_healed":0.0,"max_hp_gain":0.0,"max_hp_loss":0.0,"gold_gain":0.0,"event_name":"Shining Light","player_choice":"Entered Light","floor":11.0,"gold_loss":0.0,"damage_taken":15.0,"cards_upgraded":["Defend_B","Loop"]},{"damage_healed":0.0,"max_hp_gain":0.0,"max_hp_loss":0.0,"gold_gain":0.0,"event_name":"Golden Idol","player_choice":"Ignored","floor":14.0,"gold_loss":0.0,"damage_taken":0.0},{"cards_removed":["Defend_B"],"damage_healed":0.0,"max_hp_gain":0.0,"max_hp_loss":0.0,"gold_gain":0.0,"event_name":"Beggar","player_choice":"Gave Gold","floor":20.0,"gold_loss":75.0,"damage_taken":0.0},{"damage_healed":0.0,"max_hp_gain":0.0,"max_hp_loss":38.0,"gold_gain":0.0,"event_name":"Ghosts","player_choice":"Became a Ghost","floor":21.0,"gold_loss":0.0,"damage_taken":0.0,"cards_obtained":["Ghostly","Ghostly","Ghostly","Ghostly","Ghostly"]},{"cards_removed":["Defend_B"],"damage_healed":0.0,"max_hp_gain":0.0,"max_hp_loss":0.0,"gold_gain":0.0,"event_name":"Purifier","player_choice":"Purged","floor":25.0,"gold_loss":0.0,"damage_taken":0.0},{"damage_healed":0,"gold_gain":0,"player_choice":"Fight","damage_taken":0,"max_hp_gain":0,"max_hp_loss":0,"event_name":"Mysterious Sphere","floor":39,"gold_loss":0}],"is_beta":true,"boss_relics":[{"not_picked":["Lizard Tail","Calling Bell"],"picked":"FrozenCore"},{"not_picked":["Sozu","Pandora\u0027s Box"],"picked":"Velvet Choker"}],"items_purged_floors":[4,28,48],"is_endless":false,"potions_floor_spawned":[5,6,13,18,22,31,33,35,38,39,47],"ascension_level":4}