{"gold_per_floor":[113,130,147,32,32,32,58,133,133,133,33,61,72,72,72,174,174,187,204,26,41,41,41,41,41,41,73,90,107,142,41,41,145,145,160,260,270,289,289,314,314,327,327,358,370,386,411,428,428,428,428,428,35,35],"floor_reached":54,"playtime":8445,"items_purged":["Defend_B","Strike_B","Darkness+1","Streamline"],"score":1123,"play_id":"64fcf02a-da3e-4e1c-8dd8-b7122ebefa44","local_time":"20190727104618","is_ascension_mode":true,"campfire_choices":[{"data":"Zap","floor":6.0,"key":"SMITH"},{"data":"Sunder","floor":10.0,"key":"SMITH"},{"floor":15.0,"key":"REST"},{"data":"Apotheosis","floor":23.0,"key":"SMITH"},{"data":"Seek","floor":25.0,"key":"SMITH"},{"data":"Echo Form","floor":32.0,"key":"SMITH"},{"data":"Steam Power","floor":41.0,"key":"SMITH"},{"floor":49.0,"key":"RECALL"},{"floor":52,"key":"REST"}],"neow_cost":"NONE","seed_source_timestamp":0,"circlet_count":0,"master_deck":["Zap+1","Dualcast+1","Auto Shields","Leap","Glacier","Sunder+1","Doom and Gloom","Fission+1","Redo","Seek+1","Redo","Steam Power+1","Lockon","Auto Shields","Genetic Algorithm+1","Leap","Apotheosis+1","Turbo","Self Repair","Forethought+1","Loop","Echo Form+1","Buffer","Seek"],"special_seed":0,"relics":["Cracked Core","Darkstone Periapt","Pear","Mercury Hourglass","Art of War","Pandora\u0027s Box","War Paint","Smiling Mask","Molten Egg 2","Busted Crown","Pantograph","Bronze Scales","Kunai","DataDisk"],"potions_floor_usage":[50,54],"damage_taken":[{"damage":0.0,"enemies":"2 Louse","floor":1.0,"turns":3.0},{"damage":7.0,"enemies":"Small Slimes","floor":2.0,"turns":3.0},{"damage":1.0,"enemies":"Jaw Worm","floor":3.0,"turns":4.0},{"damage":11.0,"enemies":"Lagavulin","floor":7.0,"turns":7.0},{"damage":20.0,"enemies":"Gremlin Nob","floor":12.0,"turns":4.0},{"damage":0.0,"enemies":"2 Fungi Beasts","floor":13.0,"turns":1.0},{"damage":8.0,"enemies":"Hexaghost","floor":16.0,"turns":9.0},{"damage":11.0,"enemies":"2 Thieves","floor":18.0,"turns":3.0},{"damage":12.0,"enemies":"Chosen","floor":19.0,"turns":4.0},{"damage":3.0,"enemies":"3 Cultists","floor":21.0,"turns":4.0},{"damage":7.0,"enemies":"Book of Stabbing","floor":27.0,"turns":4.0},{"damage":0.0,"enemies":"Shelled Parasite and Fungi","floor":28.0,"turns":4.0},{"damage":11.0,"enemies":"Centurion and Healer","floor":29.0,"turns":3.0},{"damage":14.0,"enemies":"Slavers","floor":30.0,"turns":5.0},{"damage":33.0,"enemies":"Collector","floor":33.0,"turns":9.0},{"damage":0.0,"enemies":"Orb Walker","floor":35.0,"turns":4.0},{"damage":8.0,"enemies":"3 Darklings","floor":37.0,"turns":6.0},{"damage":0.0,"enemies":"Spire Growth","floor":38.0,"turns":5.0},{"damage":51.0,"enemies":"Reptomancer","floor":40.0,"turns":8.0},{"damage":0.0,"enemies":"Jaw Worm Horde","floor":42.0,"turns":4.0},{"damage":0.0,"enemies":"Giant Head","floor":44.0,"turns":10.0},{"damage":20.0,"enemies":"Transient","floor":45.0,"turns":5.0},{"damage":0.0,"enemies":"Sphere and 2 Shapes","floor":46.0,"turns":4.0},{"damage":47.0,"enemies":"Nemesis","floor":47.0,"turns":11.0},{"damage":8.0,"enemies":"4 Shapes","floor":48.0,"turns":4.0},{"damage":78,"enemies":"Time Eater","floor":50,"turns":12},{"damage":93,"enemies":"Shield and Spear","floor":54,"turns":6}],"seed_played":"-977867329697751680","potions_obtained":[{"floor":3.0,"key":"Dexterity Potion"},{"floor":7.0,"key":"Swift Potion"},{"floor":12.0,"key":"PowerPotion"},{"floor":19.0,"key":"Energy Potion"},{"floor":27.0,"key":"Regen Potion"},{"floor":29.0,"key":"Ancient Potion"},{"floor":30.0,"key":"Explosive Potion"},{"floor":37.0,"key":"LiquidBronze"},{"floor":39.0,"key":"EntropicBrew"},{"floor":39.0,"key":"SkillPotion"},{"floor":40.0,"key":"SteroidPotion"},{"floor":42.0,"key":"Swift Potion"},{"floor":45.0,"key":"Explosive Potion"}],"is_trial":false,"path_per_floor":["M","M","M","$","?","R","E","?","T","R","$","E","M","?","R","B",null,"M","M","$","M","?","R","?","R","T","E","M","M","E","$","R","B",null,"M","?","M","M","?","E","R","M","T","E","M","M","E","M","R","B",null,"R","$","E"],"character_chosen":"DEFECT","items_purchased":["Doom and Gloom","Apotheosis","Energy Potion","DataDisk","Seek","Swift Potion"],"campfire_rested":2,"item_purchase_floors":[4,20,31,53,53,53],"current_hp_per_floor":[68,61,60,60,53,53,52,41,41,41,41,21,21,21,46,38,73,62,50,50,47,47,47,47,47,47,50,60,59,69,69,69,46,75,75,75,77,84,84,40,40,50,50,70,70,85,58,60,60,17,68,85,85,0],"gold":35,"neow_bonus":"THREE_CARDS","is_prod":false,"is_daily":false,"chose_seed":false,"campfire_upgraded":6,"win_rate":0,"timestamp":1564217178,"path_taken":["M","M","M","$","?","R","E","?","T","R","?","E","M","?","R","BOSS","M","M","$","M","?","R","?","R","T","E","?","M","E","?","R","BOSS","M","?","?","M","?","E","R","M","T","E","?","M","E","M","R","BOSS","R","$","E"],"build_version":"2019-07-18","purchased_purges":4,"victory":false,"max_hp_per_floor":[75,75,75,75,75,75,85,85,85,85,85,85,85,85,85,85,85,85,85,85,85,85,85,85,85,85,85,85,85,85,85,85,85,85,85,85,85,85,85,85,85,85,85,85,85,85,85,85,85,85,85,85,85,85],"card_choices":[{"not_picked":["Turbo","Beam Cell"],"picked":"Auto Shields","floor":0.0},{"not_picked":["Gash","Reprogram"],"picked":"Leap","floor":1.0},{"not_picked":["Gash","Steam"],"picked":"Glacier","floor":2.0},{"not_picked":["Storm","Turbo"],"picked":"Sunder","floor":3.0},{"not_picked":["Gash","Coolheaded"],"picked":"Streamline","floor":7.0},{"not_picked":["Beam Cell","Force Field"],"picked":"Fission","floor":12.0},{"not_picked":["Sweeping Beam","Gash"],"picked":"Redo","floor":13.0},{"not_picked":["Fission","Buffer"],"picked":"Seek","floor":16.0},{"not_picked":["Rebound+1","Storm"],"picked":"Genetic Algorithm+1","floor":18.0},{"not_picked":["Sweeping Beam","Recycle"],"picked":"Leap","floor":19.0},{"not_picked":["Blizzard","Ball Lightning"],"picked":"Darkness+1","floor":21.0},{"not_picked":["Amplify","Barrage","Scrape+1"],"picked":"SKIP","floor":27.0},{"not_picked":["Conserve Battery","Steam Power"],"picked":"Loop","floor":28.0},{"not_picked":["Beam Cell","Compile Driver+1","Streamline"],"picked":"SKIP","floor":29.0},{"not_picked":["Cold Snap","Steam"],"picked":"Echo Form","floor":30.0},{"not_picked":["Machine Learning","Meteor Strike+1"],"picked":"Buffer","floor":33.0},{"not_picked":["Turbo+1"],"picked":"SKIP","floor":35.0},{"not_picked":["Streamline+1"],"picked":"SKIP","floor":37.0},{"not_picked":["Stack+1"],"picked":"SKIP","floor":38.0},{"not_picked":["Cold Snap+1"],"picked":"SKIP","floor":40.0},{"not_picked":["Glacier"],"picked":"SKIP","floor":42.0},{"not_picked":["Rebound+1"],"picked":"SKIP","floor":44.0},{"not_picked":["Reinforced Body+1"],"picked":"SKIP","floor":45.0},{"not_picked":["Static Discharge+1"],"picked":"SKIP","floor":46.0},{"not_picked":["Beam Cell+1"],"picked":"SKIP","floor":47.0},{"not_picked":["Conserve Battery+1"],"picked":"SKIP","floor":48.0}],"player_experience":468032,"relics_obtained":[{"floor":7.0,"key":"Pear"},{"floor":9.0,"key":"Mercury Hourglass"},{"floor":12.0,"key":"Art of War"},{"floor":26.0,"key":"War Paint"},{"floor":27.0,"key":"Smiling Mask"},{"floor":30.0,"key":"Molten Egg 2"},{"floor":40.0,"key":"Pantograph"},{"floor":44.0,"key":"Bronze Scales"},{"floor":47.0,"key":"Kunai"}],"event_choices":[{"damage_healed":0.0,"max_hp_gain":0.0,"max_hp_loss":0.0,"gold_gain":0.0,"event_name":"Scrap Ooze","player_choice":"Success","floor":5.0,"gold_loss":0.0,"damage_taken":7.0,"relics_obtained":["Darkstone Periapt"]},{"damage_healed":0.0,"max_hp_gain":0.0,"max_hp_loss":0.0,"gold_gain":75.0,"event_name":"World of Goop","player_choice":"Gather Gold","floor":8.0,"gold_loss":0.0,"damage_taken":11.0},{"damage_healed":0.0,"max_hp_gain":0.0,"max_hp_loss":0.0,"gold_gain":0.0,"event_name":"Living Wall","player_choice":"Grow","floor":14.0,"gold_loss":0.0,"damage_taken":0.0,"cards_upgraded":["Fission"]},{"damage_healed":0.0,"max_hp_gain":0.0,"max_hp_loss":0.0,"gold_gain":0.0,"cards_transformed":["Capacitor","Beam Cell"],"event_name":"Drug Dealer","player_choice":"Became Test Subject","floor":22.0,"gold_loss":0.0,"damage_taken":0.0,"cards_obtained":["Turbo","Self Repair"]},{"damage_healed":0.0,"max_hp_gain":0.0,"max_hp_loss":0.0,"gold_gain":0.0,"event_name":"Match and Keep!","player_choice":"1 cards matched","floor":24.0,"gold_loss":0.0,"damage_taken":0.0,"cards_obtained":["Forethought"]},{"damage_healed":0.0,"max_hp_gain":0.0,"max_hp_loss":0.0,"gold_gain":100.0,"event_name":"Golden Shrine","player_choice":"Pray","floor":36.0,"gold_loss":0.0,"damage_taken":0.0},{"damage_healed":0.0,"max_hp_gain":0.0,"max_hp_loss":0.0,"gold_gain":0.0,"event_name":"Lab","player_choice":"Got Potions","floor":39.0,"gold_loss":0.0,"damage_taken":0.0}],"is_beta":true,"boss_relics":[{"not_picked":["Inserter","Velvet Choker"],"picked":"Pandora\u0027s Box"},{"not_picked":["Runic Pyramid","FrozenCore"],"picked":"Busted Crown"}],"items_purged_floors":[4,11,31,53],"is_endless":false,"potions_floor_spawned":[3,7,12,19,27,29,30,37,40,42,45],"killed_by":"Shield and Spear","ascension_level":8}