{"gold_per_floor":[19,30,43,63,63,63,83,83,83,83,83,83,110,126,126,197,197,209,209,209,259,259],"floor_reached":22,"playtime":813,"items_purged":[],"score":359,"play_id":"2bdd68ea-6c1e-448e-922e-e8b2e45699f5","local_time":"20190701220206","is_ascension_mode":true,"campfire_choices":[{"data":"Defragment","floor":6,"key":"SMITH"},{"data":"Blizzard","floor":8,"key":"SMITH"},{"data":"Hologram","floor":10,"key":"SMITH"},{"floor":12,"key":"REST"},{"floor":15,"key":"REST"}],"neow_cost":"NO_GOLD","seed_source_timestamp":796080543951719,"circlet_count":0,"master_deck":["AscendersBane","Strike_B+1","Defend_B","Defend_B+1","Defend_B","Zap","Dualcast","Coolheaded","Leap","Defragment+1","Hologram+1","Blizzard+1","Reboot","White Noise","Machine Learning","Cold Snap","Reboot","Creative AI"],"relics":["Cracked Core","StoneCalendar","Dodecahedron","Centennial Puzzle","Empty Cage"],"potions_floor_usage":[13,16],"damage_taken":[{"damage":1,"enemies":"Cultist","floor":1,"turns":3},{"damage":5,"enemies":"Jaw Worm","floor":2,"turns":4},{"damage":9,"enemies":"2 Louse","floor":3,"turns":3},{"damage":0,"enemies":"Large Slime","floor":4,"turns":7},{"damage":19,"enemies":"Exordium Wildlife","floor":7,"turns":7},{"damage":1,"enemies":"Lagavulin","floor":13,"turns":7},{"damage":4,"enemies":"Blue Slaver","floor":14,"turns":4},{"damage":27,"enemies":"Slime Boss","floor":16,"turns":8},{"damage":40,"enemies":"Chosen","floor":18,"turns":7},{"damage":24,"enemies":"Spheric Guardian","floor":22,"turns":3}],"seed_played":"980687290781676512","potions_obtained":[{"floor":4,"key":"FearPotion"},{"floor":7,"key":"EssenceOfSteel"},{"floor":13,"key":"GamblersBrew"},{"floor":14,"key":"FocusPotion"},{"floor":18,"key":"PowerPotion"}],"is_trial":false,"path_per_floor":["M","M","M","M","$","R","M","R","T","R","?","R","E","M","R","B",null,"M","?","?","?","M"],"character_chosen":"DEFECT","items_purchased":[],"campfire_rested":2,"item_purchase_floors":[],"current_hp_per_floor":[63,58,49,49,49,49,30,30,30,30,9,30,29,25,46,19,58,18,18,18,18,0],"gold":259,"neow_bonus":"ONE_RARE_RELIC","is_prod":false,"is_daily":false,"chose_seed":false,"campfire_upgraded":3,"win_rate":0,"timestamp":1562043726,"path_taken":["M","M","M","M","$","R","?","R","T","R","?","R","E","M","R","BOSS","M","?","?","?","M"],"build_version":"2019-07-01","purchased_purges":0,"victory":false,"max_hp_per_floor":[71,71,71,71,71,71,71,71,71,71,71,71,71,71,71,71,71,71,71,71,71,71],"card_choices":[{"not_picked":["Rebound","Self Repair"],"picked":"Coolheaded","floor":1},{"not_picked":["Darkness","Go for the Eyes"],"picked":"Leap","floor":2},{"not_picked":["Beam Cell","Ball Lightning"],"picked":"Defragment","floor":3},{"not_picked":["Streamline","Redo"],"picked":"Hologram","floor":4},{"not_picked":["Sweeping Beam","Conserve Battery"],"picked":"Blizzard","floor":7},{"not_picked":["Meteor Strike","Darkness"],"picked":"Reboot","floor":13},{"not_picked":["Beam Cell","Gash"],"picked":"White Noise","floor":14},{"not_picked":["Electrodynamics","Hyperbeam"],"picked":"Machine Learning","floor":16},{"not_picked":["Coolheaded+1","Barrage"],"picked":"Cold Snap","floor":18}],"player_experience":1421819,"relics_obtained":[{"floor":9,"key":"Dodecahedron"},{"floor":13,"key":"Centennial Puzzle"}],"event_choices":[{"damage_healed":0,"gold_gain":0,"player_choice":"Entered Light","damage_taken":21,"max_hp_gain":0,"max_hp_loss":0,"event_name":"Shining Light","floor":11,"gold_loss":0,"cards_upgraded":["Strike_B","Defend_B"]},{"damage_healed":0,"gold_gain":0,"player_choice":"Ignored","damage_taken":0,"max_hp_gain":0,"max_hp_loss":0,"event_name":"Vampires","floor":19,"gold_loss":0},{"damage_healed":0,"gold_gain":0,"cards_transformed":["Strike_B","Defend_B"],"player_choice":"Became Test Subject","damage_taken":0,"max_hp_gain":0,"max_hp_loss":0,"event_name":"Drug Dealer","floor":20,"gold_loss":0,"cards_obtained":["Reboot","Creative AI"]},{"damage_healed":0,"gold_gain":50,"player_choice":"Stole From Cult","damage_taken":0,"max_hp_gain":0,"max_hp_loss":0,"event_name":"Nest","floor":21,"gold_loss":0}],"is_beta":false,"boss_relics":[{"not_picked":["Calling Bell","Tiny House"],"picked":"Empty Cage"}],"items_purged_floors":[],"is_endless":false,"potions_floor_spawned":[4,7,13,14,18],"killed_by":"Spheric Guardian","ascension_level":19}