{"gold_per_floor":[115,135,85,96,107,107,126,126,126,145,156,189,206,225,225,326,326,336,346,115,132,32,32,43,43],"floor_reached":25,"playtime":2118,"items_purged":["Defend_B","Strike_B"],"score":211,"play_id":"606130dc-d80f-4127-a153-761761814615","local_time":"20181206114858","is_ascension_mode":false,"campfire_choices":[{"floor":6,"key":"RECALL"},{"data":"Rainbow","floor":8,"key":"SMITH"},{"floor":15,"key":"DIG"},{"floor":23,"key":"DIG"}],"neow_cost":"NONE","seed_source_timestamp":1509449814128,"circlet_count":0,"master_deck":["Strike_B","Strike_B","Defend_B","Defend_B","Defend_B","Zap","Dualcast","Rainbow+1","Leap","Ball Lightning","Stack","Undo","Compile Driver","Undo","Self Repair","Conserve Battery","Compile Driver","Echo Form","Ball Lightning","Ball Lightning"],"relics":["Cracked Core","Shovel","Matryoshka","Torii","Eternal Feather","PreservedInsect","Oddly Smooth Stone"],"potions_floor_usage":[12,18,19],"damage_taken":[{"damage":0,"enemies":"Cultist","floor":1,"turns":3},{"damage":8,"enemies":"Small Slimes","floor":2,"turns":3},{"damage":0,"enemies":"2 Louse","floor":4,"turns":2},{"damage":21,"enemies":"Lots of Slimes","floor":5,"turns":6},{"damage":10,"enemies":"Gremlin Gang","floor":7,"turns":5},{"damage":3,"enemies":"Large Slime","floor":10,"turns":4},{"damage":0,"enemies":"3 Louse","floor":11,"turns":3},{"damage":3,"enemies":"Lagavulin","floor":12,"turns":5},{"damage":0,"enemies":"2 Fungi Beasts","floor":13,"turns":4},{"damage":5,"enemies":"Looter","floor":14,"turns":3},{"damage":13,"enemies":"Hexaghost","floor":16,"turns":11},{"damage":23,"enemies":"2 Thieves","floor":18,"turns":5},{"damage":14,"enemies":"Chosen","floor":19,"turns":5},{"damage":35,"enemies":"Snake Plant","floor":21,"turns":5},{"damage":24,"enemies":"Centurion and Healer","floor":24,"turns":10},{"damage":38,"enemies":"Slavers","floor":25,"turns":3}],"seed_played":"3062112099525308489","potions_obtained":[{"floor":5,"key":"SpeedPotion"},{"floor":10,"key":"FairyPotion"},{"floor":11,"key":"SkillPotion"},{"floor":14,"key":"Block Potion"},{"floor":16,"key":"Poison Potion"},{"floor":18,"key":"LiquidBronze"},{"floor":24,"key":"Weak Potion"}],"is_trial":false,"path_per_floor":["M","M","?","M","M","R","M","R","T","M","M","E","M","M","R","B",null,"M","M","$","M","$","R","M","E"],"character_chosen":"DEFECT","items_purchased":["PreservedInsect"],"campfire_rested":0,"item_purchase_floors":[20],"current_hp_per_floor":[75,67,67,67,46,46,36,36,36,33,33,30,37,39,39,33,75,59,52,52,24,24,33,23,0],"gold":43,"neow_bonus":"ONE_RANDOM_RARE_CARD","is_prod":false,"is_daily":false,"chose_seed":false,"campfire_upgraded":1,"win_rate":0,"timestamp":1544125738,"path_taken":["M","?","?","M","M","R","M","R","T","M","M","E","M","M","R","BOSS","M","M","$","M","$","R","M","E"],"build_version":"2018-11-15","purchased_purges":2,"victory":false,"max_hp_per_floor":[75,75,75,75,75,75,75,75,75,75,75,75,75,75,75,75,75,75,75,75,75,75,75,75,75],"card_choices":[{"not_picked":["Turbo","BootSequence"],"picked":"Leap","floor":1},{"not_picked":["Steam","Undo"],"picked":"Ball Lightning","floor":2},{"not_picked":["Lockon","Conserve Battery","Rip and Tear"],"picked":"SKIP","floor":4},{"not_picked":["Sweeping Beam","Beam Cell"],"picked":"Stack","floor":5},{"not_picked":["Recycle","Hologram"],"picked":"Undo","floor":7},{"not_picked":["Streamline","Electrodynamics"],"picked":"Compile Driver","floor":10},{"not_picked":["Doom and Gloom","Stack"],"picked":"Undo","floor":11},{"not_picked":["Redo","Rip and Tear"],"picked":"Self Repair","floor":12},{"not_picked":["Go for the Eyes","Sweeping Beam"],"picked":"Conserve Battery","floor":13},{"not_picked":["Reboot","Auto Shields"],"picked":"Compile Driver","floor":14},{"not_picked":["All For One","Biased Cognition"],"picked":"Echo Form","floor":16},{"not_picked":["Barrage","Go for the Eyes","Recycle"],"picked":"SKIP","floor":18},{"not_picked":["Leap","Sweeping Beam+1","Rebound"],"picked":"SKIP","floor":19},{"not_picked":["Steam Power+1","Beam Cell+1"],"picked":"Ball Lightning","floor":21},{"not_picked":["Streamline","Leap"],"picked":"Ball Lightning","floor":24}],"player_experience":1039894,"relics_obtained":[{"floor":9,"key":"Shovel"},{"floor":12,"key":"Matryoshka"},{"floor":15,"key":"Torii"},{"floor":23,"key":"Oddly Smooth Stone"}],"event_choices":[{"cards_removed":["Strike_B"],"damage_healed":0,"gold_gain":0,"player_choice":"Card Removal","damage_taken":0,"max_hp_gain":0,"max_hp_loss":0,"event_name":"The Cleric","floor":3,"gold_loss":50}],"is_beta":false,"boss_relics":[{"not_picked":["Astrolabe","Black Star"],"picked":"Eternal Feather"}],"items_purged_floors":[20,22],"is_endless":false,"potions_floor_spawned":[5,10,11,14,16,18,24],"killed_by":"Slavers","ascension_level":0}