{"gold_per_floor":[109,284,34,48,48,48,73,83,83,94,125,125,25,44,44,146,146,157,168,43,43],"floor_reached":21,"playtime":2791,"items_purged":["Doubt","Defend_B","Strike_B"],"score":302,"play_id":"10b67be0-2f52-4b55-87ab-10c19d5d9df9","local_time":"20181009213100","is_ascension_mode":true,"campfire_choices":[{"data":"Dualcast","floor":6,"key":"SMITH"},{"floor":15,"key":"REST"}],"neow_cost":"TEN_PERCENT_HP_LOSS","seed_source_timestamp":1546795468906486,"circlet_count":0,"master_deck":["Strike_B","Zap","Dualcast+1","AscendersBane","Glacier","Cold Snap","Conserve Battery","Defragment","Capacitor","Defragment","Creative AI","Genetic Algorithm"],"relics":["Cracked Core","MawBank","Singing Bowl","Pen Nib","Happy Flower","Centennial Puzzle","Empty Cage"],"potions_floor_usage":[16],"damage_taken":[{"damage":1,"enemies":"Cultist","floor":1,"turns":3},{"damage":1,"enemies":"2 Louse","floor":4,"turns":2},{"damage":3,"enemies":"3 Sentries","floor":7,"turns":12},{"damage":1,"enemies":"Jaw Worm","floor":8,"turns":3},{"damage":13,"enemies":"Exordium Wildlife","floor":10,"turns":4},{"damage":31,"enemies":"Gremlin Nob","floor":11,"turns":5},{"damage":2,"enemies":"Blue Slaver","floor":14,"turns":5},{"damage":1,"enemies":"The Guardian","floor":16,"turns":11},{"damage":10,"enemies":"Chosen","floor":18,"turns":7},{"damage":23,"enemies":"3 Byrds","floor":19,"turns":3},{"damage":35,"enemies":"3 Cultists","floor":21,"turns":5}],"seed_played":"-5618741438749900446","potions_obtained":[{"floor":7,"key":"LiquidBronze"},{"floor":10,"key":"Energy Potion"},{"floor":19,"key":"Dexterity Potion"}],"is_trial":false,"path_per_floor":["M","?","$","M","?","R","E","M","T","M","E","?","$","M","R","B",null,"M","M","$"],"character_chosen":"DEFECT","items_purchased":["MawBank","Cold Snap"],"campfire_rested":1,"item_purchase_floors":[3,3],"current_hp_per_floor":[67,67,67,66,66,66,65,64,64,51,20,8,8,8,29,28,61,51,30,30,0],"gold":43,"neow_bonus":"REMOVE_TWO","is_prod":false,"is_daily":false,"chose_seed":false,"campfire_upgraded":1,"win_rate":0,"timestamp":1539145860,"path_taken":["M","?","$","M","?","R","E","M","T","M","E","?","$","?","R","BOSS","M","M","$","M"],"build_version":"2018-10-04v2","purchased_purges":3,"victory":false,"max_hp_per_floor":[68,68,68,68,68,68,70,70,70,70,70,70,70,72,72,72,72,72,74,74,74],"card_choices":[{"not_picked":["Conserve Battery","Rip and Tear"],"picked":"Glacier","floor":1},{"not_picked":["Go for the Eyes","Leap"],"picked":"Conserve Battery","floor":4},{"not_picked":["Beam Cell","Sweeping Beam","Reprogram"],"picked":"Singing Bowl","floor":7},{"not_picked":["Turbo","Glacier"],"picked":"Defragment","floor":8},{"not_picked":["Sunder","Conserve Battery"],"picked":"Capacitor","floor":10},{"not_picked":["Capacitor","Cold Snap"],"picked":"Defragment","floor":11},{"not_picked":["Go for the Eyes","Beam Cell","Steam"],"picked":"Singing Bowl","floor":14},{"not_picked":["Hyperbeam","Meteor Strike"],"picked":"Creative AI","floor":16},{"not_picked":["Scrape","Reinforced Body"],"picked":"Genetic Algorithm","floor":18},{"not_picked":["Streamline","Rebound","Redo"],"picked":"Singing Bowl","floor":19}],"player_experience":865783,"relics_obtained":[{"floor":7,"key":"Singing Bowl"},{"floor":9,"key":"Pen Nib"},{"floor":11,"key":"Happy Flower"}],"event_choices":[{"event_name":"Liars Game","player_choice":"agreed","floor":2,"damage_taken":0},{"event_name":"Living Wall","player_choice":"Forget","floor":5,"damage_taken":0},{"event_name":"Scrap Ooze","player_choice":"success","floor":12,"damage_taken":12}],"is_beta":false,"boss_relics":[{"not_picked":["White Beast Statue","Eternal Feather"],"picked":"Empty Cage"}],"items_purged_floors":[3,13,20],"is_endless":false,"potions_floor_spawned":[7,10,11,14,19],"killed_by":"3 Cultists","ascension_level":12}