{"gold_per_floor":[363,243,255,265,265,294,294,328,397,397,167,187,207,227,227,330],"floor_reached":16,"playtime":871,"items_purged":["Defend_R","Defend_R"],"score":162,"play_id":"76fe0b48-5fe3-44e9-8e77-1de7f462176d","local_time":"20190111095702","is_ascension_mode":false,"campfire_choices":[{"data":"Armaments","floor":7,"key":"SMITH"},{"floor":10,"key":"REST"},{"data":"Pommel Strike","floor":15,"key":"SMITH"}],"neow_cost":"CURSE","seed_source_timestamp":243084880590415,"circlet_count":0,"master_deck":["Strike_R","Strike_R","Strike_R","Strike_R","Strike_R","Defend_R","Defend_R","Bash","Headbutt","Armaments+1","Shrug It Off","Swift Strike","Pommel Strike+1"],"relics":["Burning Blood","Calipers","Bag of Marbles","Sundial"],"potions_floor_usage":[8],"damage_taken":[{"damage":1,"enemies":"Cultist","floor":1,"turns":4},{"damage":17,"enemies":"Jaw Worm","floor":3,"turns":4},{"damage":5,"enemies":"Small Slimes","floor":4,"turns":3},{"damage":25,"enemies":"3 Sentries","floor":6,"turns":11},{"damage":33,"enemies":"Lagavulin","floor":8,"turns":8},{"damage":7,"enemies":"Blue Slaver","floor":12,"turns":3},{"damage":2,"enemies":"Looter","floor":13,"turns":2},{"damage":0,"enemies":"Large Slime","floor":14,"turns":4},{"damage":8,"enemies":"Slime Boss","floor":16,"turns":6}],"seed_played":"-8797350671575931570","potions_obtained":[{"floor":1,"key":"Swift Potion"},{"floor":13,"key":"SpeedPotion"},{"floor":16,"key":"FearPotion"}],"is_trial":false,"path_per_floor":["M","$","M","M","?","E","R","E","T","R","$","M","M","M","R","B"],"character_chosen":"IRONCLAD","items_purchased":["Headbutt","Shrug It Off","Swift Strike"],"campfire_rested":1,"item_purchase_floors":[2,11,11],"current_hp_per_floor":[80,80,69,70,63,44,44,17,17,41,41,40,44,50,50,48],"gold":330,"neow_bonus":"TWO_FIFTY_GOLD","is_prod":false,"is_daily":false,"chose_seed":false,"campfire_upgraded":2,"win_rate":0,"timestamp":1547229422,"path_taken":["M","$","M","?","?","E","R","E","T","R","$","M","M","M","R","BOSS"],"build_version":"2019-01-10","purchased_purges":2,"victory":false,"max_hp_per_floor":[80,80,80,80,80,80,80,80,80,80,80,80,80,80,80,80],"card_choices":[{"not_picked":["Havoc","Intimidate","Heavy Blade"],"picked":"SKIP","floor":1},{"not_picked":["Infernal Blade","Second Wind"],"picked":"Armaments","floor":3},{"not_picked":["Clash","Iron Wave","Armaments"],"picked":"SKIP","floor":4},{"not_picked":["Hemokinesis","Shockwave","Bludgeon"],"picked":"SKIP","floor":6},{"not_picked":["Warcry","Battle Trance","Uppercut"],"picked":"SKIP","floor":8},{"not_picked":["Wild Strike","Heavy Blade"],"picked":"Pommel Strike","floor":12},{"not_picked":["Clash","Armaments","Burning Pact"],"picked":"SKIP","floor":13},{"not_picked":["Cleave","Clothesline","Heavy Blade"],"picked":"SKIP","floor":14}],"player_experience":1098465,"relics_obtained":[{"floor":6,"key":"Calipers"},{"floor":8,"key":"Bag of Marbles"},{"floor":9,"key":"Sundial"}],"event_choices":[{"cards_removed":["Clumsy"],"damage_healed":0,"gold_gain":0,"player_choice":"Card Removal","damage_taken":7,"max_hp_gain":0,"max_hp_loss":0,"event_name":"Golden Wing","floor":5,"gold_loss":0}],"is_beta":false,"boss_relics":[],"items_purged_floors":[2,11],"is_endless":false,"potions_floor_spawned":[1,13,16],"killed_by":"Slime Boss","ascension_level":0}