{"gold_per_floor":[116,126,136,136,147,147,172,192,192,192,209,209,209,220,220,291,291,302,217,251,264,278,278,309,328,378,378,16,16,16,16,16,88,88,105,120,130,145,145,145,164,177,177,208,90,116,143,182,194,206],"floor_reached":50,"playtime":4127,"items_purged":["Decay","Decay"],"score":1122,"play_id":"6f025894-b597-4d59-ba67-2b1de0935f16","local_time":"20190809022037","is_ascension_mode":true,"campfire_choices":[{"data":"Perfected Strike","floor":6.0,"key":"SMITH"},{"data":"Flame Barrier","floor":10.0,"key":"SMITH"},{"data":"Bash","floor":13.0,"key":"SMITH"},{"data":"Headbutt","floor":15.0,"key":"SMITH"},{"floor":23.0,"key":"REST"},{"data":"Offering","floor":27.0,"key":"SMITH"},{"data":"Inflame","floor":29.0,"key":"SMITH"},{"floor":32.0,"key":"REST"},{"data":"Pommel Strike","floor":40.0,"key":"SMITH"},{"floor":49.0,"key":"RECALL"}],"neow_cost":"NONE","seed_source_timestamp":872369180444473,"circlet_count":0,"master_deck":["AscendersBane","Strike_R+1","Strike_R","Strike_R","Strike_R","Strike_R","Defend_R","Defend_R","Defend_R","Defend_R","Bash+1","Perfected Strike+1","Spot Weakness+1","Dual Wield+1","Perfected Strike+1","Flame Barrier+1","Feel No Pain","Headbutt+1","Headbutt+1","Offering+1","Shrug It Off+1","Twin Strike","Thunderclap+1","Headbutt","Wild Strike","Pommel Strike+1","Battle Trance","Inflame+1","Double Tap+1","Seeing Red+1","Clothesline+1","Burning Pact+1","Disarm","Spot Weakness","Clumsy"],"special_seed":0,"relics":["Burning Blood","Dream Catcher","Odd Mushroom","Cursed Key","Pear","Red Mask","Smiling Mask","Anchor","Nloth\u0027s Gift","Coffee Dripper","PreservedInsect","Whetstone","Juzu Bracelet","MawBank","Vajra"],"potions_floor_usage":[50],"damage_taken":[{"damage":0.0,"enemies":"Small Slimes","floor":1.0,"turns":3.0},{"damage":2.0,"enemies":"2 Louse","floor":2.0,"turns":3.0},{"damage":1.0,"enemies":"Cultist","floor":3.0,"turns":3.0},{"damage":3.0,"enemies":"Blue Slaver","floor":5.0,"turns":3.0},{"damage":11.0,"enemies":"Gremlin Nob","floor":7.0,"turns":4.0},{"damage":7.0,"enemies":"The Mushroom Lair","floor":8.0,"turns":4.0},{"damage":0.0,"enemies":"Red Slaver","floor":11.0,"turns":3.0},{"damage":15.0,"enemies":"Exordium Thugs","floor":14.0,"turns":4.0},{"damage":0.0,"enemies":"Slime Boss","floor":16.0,"turns":4.0},{"damage":7.0,"enemies":"Chosen","floor":18.0,"turns":4.0},{"damage":26.0,"enemies":"Masked Bandits","floor":20.0,"turns":6.0},{"damage":4.0,"enemies":"3 Byrds","floor":21.0,"turns":4.0},{"damage":29.0,"enemies":"Centurion and Healer","floor":22.0,"turns":6.0},{"damage":36.0,"enemies":"Gremlin Leader","floor":24.0,"turns":3.0},{"damage":15.0,"enemies":"Shelled Parasite and Fungi","floor":25.0,"turns":4.0},{"damage":45.0,"enemies":"Champ","floor":33.0,"turns":12.0},{"damage":16.0,"enemies":"Orb Walker","floor":35.0,"turns":3.0},{"damage":9.0,"enemies":"3 Shapes","floor":36.0,"turns":3.0},{"damage":20.0,"enemies":"3 Darklings","floor":37.0,"turns":4.0},{"damage":22.0,"enemies":"Maw","floor":38.0,"turns":5.0},{"damage":0.0,"enemies":"Sphere and 2 Shapes","floor":41.0,"turns":3.0},{"damage":2.0,"enemies":"4 Shapes","floor":42.0,"turns":3.0},{"damage":6.0,"enemies":"Nemesis","floor":44.0,"turns":3.0},{"damage":15.0,"enemies":"Reptomancer","floor":46.0,"turns":4.0},{"damage":5.0,"enemies":"Giant Head","floor":48.0,"turns":5.0},{"damage":40,"enemies":"Awakened One","floor":50,"turns":3}],"seed_played":"6165472941623484190","potions_obtained":[{"floor":1.0,"key":"AttackPotion"},{"floor":2.0,"key":"SpeedPotion"},{"floor":5.0,"key":"Block Potion"},{"floor":7.0,"key":"AttackPotion"},{"floor":11.0,"key":"Ancient Potion"},{"floor":20.0,"key":"Block Potion"},{"floor":21.0,"key":"Poison Potion"},{"floor":25.0,"key":"SteroidPotion"},{"floor":33.0,"key":"SteroidPotion"},{"floor":41.0,"key":"Block Potion"},{"floor":44.0,"key":"Ancient Potion"},{"floor":48.0,"key":"SpeedPotion"}],"is_trial":false,"path_per_floor":["M","M","M","?","M","R","E","?","T","R","M","?","R","M","R","B",null,"M","?","?","M","M","R","E","M","T","R","$","R","?","?","R","B",null,"M","M","M","M","?","R","M","M","T","E","$","E","T","E","R","B"],"character_chosen":"IRONCLAD","items_purchased":["Pommel Strike","Battle Trance","Anchor","Inflame","Disarm"],"campfire_rested":2,"item_purchase_floors":[28,28,28,28,45],"current_hp_per_floor":[74,75,75,52,55,55,50,49,49,49,55,55,55,46,46,52,69,68,78,58,60,37,62,32,23,23,23,23,23,23,23,48,9,66,56,53,39,23,23,23,29,33,33,33,33,24,24,25,25,0],"gold":206,"neow_bonus":"THREE_CARDS","is_prod":false,"is_daily":false,"chose_seed":false,"campfire_upgraded":7,"win_rate":0,"timestamp":1565331637,"path_taken":["M","M","M","?","M","R","E","?","T","R","M","?","R","M","R","BOSS","M","?","?","M","M","R","E","M","T","R","$","R","?","?","R","BOSS","M","?","M","M","?","R","M","?","T","E","$","E","?","E","R","BOSS"],"build_version":"2019-07-17","purchased_purges":2,"victory":false,"max_hp_per_floor":[75,75,75,75,75,75,75,75,75,75,75,75,75,75,75,75,75,75,85,85,85,85,85,85,85,85,85,85,85,85,85,85,85,85,85,85,85,85,85,85,85,85,85,85,85,85,85,85,85,85],"card_choices":[{"not_picked":["Reckless Charge","Sever Soul"],"picked":"Perfected Strike","floor":0.0},{"not_picked":["Uppercut","Clash"],"picked":"Spot Weakness","floor":1.0},{"not_picked":["Sever Soul","Entrench"],"picked":"Dual Wield","floor":2.0},{"not_picked":["Clothesline","Body Slam"],"picked":"Perfected Strike","floor":3.0},{"not_picked":["Clash","Havoc"],"picked":"Flame Barrier","floor":5.0},{"not_picked":["Carnage","Exhume"],"picked":"Feel No Pain","floor":7.0},{"not_picked":["Warcry","Rupture"],"picked":"Headbutt","floor":8.0},{"not_picked":["Combust","Cleave","Body Slam"],"picked":"SKIP","floor":11.0},{"not_picked":["Cleave","Flex"],"picked":"Headbutt","floor":14.0},{"not_picked":["Dark Embrace","Immolate"],"picked":"Offering","floor":16.0},{"not_picked":["Shockwave","Iron Wave"],"picked":"Shrug It Off+1","floor":18.0},{"not_picked":["Iron Wave","Clash"],"picked":"Twin Strike","floor":20.0},{"not_picked":["Armaments","Dropkick","Body Slam"],"picked":"SKIP","floor":21.0},{"not_picked":["Dropkick","True Grit"],"picked":"Thunderclap+1","floor":22.0},{"not_picked":["Iron Wave","Body Slam"],"picked":"Headbutt","floor":23.0},{"not_picked":["Carnage","Sever Soul","Cleave"],"picked":"SKIP","floor":24.0},{"not_picked":["Burning Pact","Armaments"],"picked":"Wild Strike","floor":25.0},{"not_picked":["Exhume","Brutality"],"picked":"Double Tap","floor":33.0},{"not_picked":["Reckless Charge","True Grit"],"picked":"Seeing Red+1","floor":35.0},{"not_picked":["Hemokinesis","Seeing Red","Feel No Pain"],"picked":"SKIP","floor":36.0},{"not_picked":["Warcry","Sword Boomerang"],"picked":"Clothesline+1","floor":37.0},{"not_picked":["Sword Boomerang","Power Through"],"picked":"Burning Pact+1","floor":38.0},{"not_picked":["Body Slam+1","Iron Wave","Fire Breathing"],"picked":"SKIP","floor":41.0},{"not_picked":["Sever Soul","Dark Embrace","Flex"],"picked":"SKIP","floor":42.0},{"not_picked":["Double Tap","Carnage","Headbutt"],"picked":"SKIP","floor":44.0},{"not_picked":["Fire Breathing","Infernal Blade"],"picked":"Spot Weakness","floor":46.0},{"not_picked":["Bludgeon","Clash+1","Berserk"],"picked":"SKIP","floor":48.0}],"player_experience":423652,"relics_obtained":[{"floor":7.0,"key":"Dream Catcher"},{"floor":8.0,"key":"Odd Mushroom"},{"floor":20.0,"key":"Red Mask"},{"floor":24.0,"key":"Orichalcum"},{"floor":26.0,"key":"Smiling Mask"},{"floor":43.0,"key":"PreservedInsect"},{"floor":44.0,"key":"Whetstone"},{"floor":46.0,"key":"Juzu Bracelet"},{"floor":47.0,"key":"MawBank"},{"floor":48.0,"key":"Vajra"}],"event_choices":[{"damage_healed":0.0,"max_hp_gain":0.0,"max_hp_loss":0.0,"gold_gain":0.0,"event_name":"Shining Light","player_choice":"Entered Light","floor":4.0,"gold_loss":0.0,"damage_taken":23.0,"cards_upgraded":["Perfected Strike","Dual Wield"]},{"damage_healed":0.0,"max_hp_gain":0.0,"max_hp_loss":0.0,"gold_gain":0.0,"event_name":"Mushrooms","player_choice":"Fought Mushrooms","floor":8.0,"gold_loss":0.0,"damage_taken":0.0},{"damage_healed":0.0,"max_hp_gain":0.0,"max_hp_loss":0.0,"gold_gain":0.0,"event_name":"Living Wall","player_choice":"Grow","floor":12.0,"gold_loss":0.0,"damage_taken":0.0,"cards_upgraded":["Spot Weakness"]},{"damage_healed":0.0,"max_hp_gain":0.0,"max_hp_loss":0.0,"gold_gain":0.0,"event_name":"Addict","player_choice":"Obtained Relic","floor":19.0,"gold_loss":85.0,"damage_taken":0.0,"relics_obtained":["Pear"]},{"damage_healed":0.0,"max_hp_gain":0.0,"max_hp_loss":0.0,"gold_gain":0.0,"event_name":"Masked Bandits","player_choice":"Fought Bandits","floor":20.0,"gold_loss":0.0,"damage_taken":0.0},{"damage_healed":0.0,"max_hp_gain":0.0,"max_hp_loss":0.0,"gold_gain":0.0,"event_name":"Vampires","player_choice":"Ignored","floor":30.0,"gold_loss":0.0,"damage_taken":0.0},{"damage_healed":0.0,"max_hp_gain":0.0,"max_hp_loss":0.0,"gold_gain":0.0,"event_name":"N\u0027loth","player_choice":"Traded Relic","floor":31.0,"relics_lost":["Orichalcum"],"gold_loss":0.0,"damage_taken":0.0,"relics_obtained":["Nloth\u0027s Gift"]},{"damage_healed":0.0,"max_hp_gain":0.0,"max_hp_loss":0.0,"gold_gain":0.0,"event_name":"Accursed Blacksmith","player_choice":"Forge","floor":39.0,"gold_loss":0.0,"damage_taken":0.0,"cards_upgraded":["Double Tap"]}],"is_beta":false,"boss_relics":[{"not_picked":["Runic Pyramid","White Beast Statue"],"picked":"Cursed Key"},{"not_picked":["Astrolabe","Black Blood"],"picked":"Coffee Dripper"}],"items_purged_floors":[28,45],"is_endless":false,"potions_floor_spawned":[1,2,5,7,11,20,21,25,33,35,38,41,44,48],"killed_by":"Awakened One","ascension_level":15}