{"gold_per_floor":[111,111,130,148,168,168,184,213,213,213],"floor_reached":10,"playtime":811,"items_purged":[],"score":133,"play_id":"47dfd22e-12c3-4fbf-a4f7-447363b3cb55","local_time":"20190815010218","is_ascension_mode":true,"campfire_choices":[{"data":"All Out Attack","floor":6.0,"key":"SMITH"}],"neow_cost":"NONE","seed_source_timestamp":1390158021391437,"circlet_count":0,"master_deck":["AscendersBane","Strike_G","Strike_G","Strike_G","Strike_G","Strike_G","Defend_G","Defend_G","Defend_G","Defend_G","Defend_G","Survivor","Neutralize","All Out Attack+1","Masterful Stab","Dagger Spray","Quick Slash"],"special_seed":0,"relics":["Ring of the Snake","Strawberry","Smiling Mask","Darkstone Periapt"],"potions_floor_usage":[10],"damage_taken":[{"damage":4.0,"enemies":"Small Slimes","floor":1.0,"turns":5.0},{"damage":0.0,"enemies":"Cultist","floor":3.0,"turns":4.0},{"damage":3.0,"enemies":"2 Louse","floor":4.0,"turns":3.0},{"damage":2.0,"enemies":"2 Fungi Beasts","floor":5.0,"turns":3.0},{"damage":0.0,"enemies":"Large Slime","floor":7.0,"turns":8.0},{"damage":44.0,"enemies":"Lagavulin","floor":8.0,"turns":8.0},{"damage":22,"enemies":"3 Sentries","floor":10,"turns":4}],"seed_played":"-6295977329897746261","potions_obtained":[{"floor":1.0,"key":"Block Potion"},{"floor":4.0,"key":"Block Potion"},{"floor":8.0,"key":"Swift Potion"}],"is_trial":false,"path_per_floor":["M","?","M","M","M","R","M","E","T","E"],"character_chosen":"THE_SILENT","items_purchased":[],"campfire_rested":0,"item_purchase_floors":[],"current_hp_per_floor":[62,67,67,64,62,62,62,18,18,0],"gold":213,"neow_bonus":"RANDOM_COMMON_RELIC","is_prod":false,"is_daily":false,"chose_seed":false,"campfire_upgraded":1,"win_rate":0,"timestamp":1565845338,"path_taken":["M","?","M","M","M","R","M","E","T","E"],"build_version":"2019-07-17","purchased_purges":0,"victory":false,"max_hp_per_floor":[73,78,78,78,78,78,78,78,78,78],"card_choices":[{"not_picked":["Riddle With Holes","Expertise"],"picked":"All Out Attack","floor":1.0},{"not_picked":["Blade Dance","Bane","Deflect"],"picked":"SKIP","floor":3.0},{"not_picked":["Crippling Poison","Blade Dance"],"picked":"Masterful Stab","floor":4.0},{"not_picked":["Accuracy","Setup","Deadly Poison"],"picked":"SKIP","floor":5.0},{"not_picked":["Eviscerate","Deadly Poison"],"picked":"Dagger Spray","floor":7.0},{"not_picked":["Flechettes","Reflex"],"picked":"Quick Slash","floor":8.0}],"player_experience":537582,"relics_obtained":[{"floor":8.0,"key":"Smiling Mask"},{"floor":9.0,"key":"Darkstone Periapt"}],"event_choices":[{"damage_healed":0.0,"max_hp_gain":5.0,"max_hp_loss":0.0,"gold_gain":0.0,"event_name":"Big Fish","player_choice":"Donut","floor":2.0,"gold_loss":0.0,"damage_taken":0.0}],"is_beta":false,"boss_relics":[],"items_purged_floors":[],"is_endless":false,"potions_floor_spawned":[1,4,8],"killed_by":"3 Sentries","ascension_level":18}