{"gold_per_floor":[117,117,267,282,302,302,17,17,17,46,46,46,46,56,56,131,131,148,348,359,376,388,388,421,421,421,421,46,46,81,96,96,175,175,191,206,33,49,149,149,166,166,166,166,193,193,213,43,43,43],"floor_reached":51,"playtime":3222,"items_purged":["Doubt","Writhe","Strike_R"],"score":1288,"play_id":"17c6c295-bb5e-4a84-af73-55bf179dc88a","local_time":"20190312213932","is_ascension_mode":true,"campfire_choices":[{"data":"Limit Break","floor":6,"key":"SMITH"},{"data":"Flex","floor":8,"key":"SMITH"},{"floor":13,"key":"REST"},{"data":"Shrug It Off","floor":15,"key":"SMITH"},{"data":"Heavy Blade","floor":23,"key":"SMITH"},{"data":"Battle Trance","floor":27,"key":"SMITH"},{"floor":32,"key":"REST"},{"data":"Heavy Blade","floor":40,"key":"SMITH"},{"data":"Flex","floor":44,"key":"SMITH"},{"data":"Double Tap","floor":46,"key":"SMITH"},{"floor":49,"key":"REST"}],"neow_cost":"NONE","seed_source_timestamp":1680685500423847,"circlet_count":0,"master_deck":["AscendersBane","Strike_R","Strike_R+1","Strike_R+1","Defend_R+1","Defend_R","Defend_R","Bash","Limit Break+1","Shrug It Off+1","Twin Strike","Flex+1","Immolate","Sword Boomerang+1","Shrug It Off","Heavy Blade+1","Battle Trance+1","Second Wind+1","Flex+1","Double Tap+1","Heavy Blade+1","Headbutt","Sword Boomerang","Flex","Demon Form","Spot Weakness"],"relics":["Burning Blood","ClockworkSouvenir","Pantograph","Pear","Mark of Pain","Bag of Preparation","Darkstone Periapt","Pen Nib","Sling","Boot","Velvet Choker","War Paint","Pocketwatch","Molten Egg 2","Prayer Wheel"],"potions_floor_usage":[5,16,24,33,33,38,50],"damage_taken":[{"damage":0,"enemies":"2 Louse","floor":1,"turns":3},{"damage":13,"enemies":"Jaw Worm","floor":4,"turns":8},{"damage":2,"enemies":"Cultist","floor":5,"turns":4},{"damage":12,"enemies":"Lagavulin","floor":10,"turns":5},{"damage":1,"enemies":"Looter","floor":14,"turns":3},{"damage":30,"enemies":"The Guardian","floor":16,"turns":9},{"damage":1,"enemies":"Chosen","floor":18,"turns":3},{"damage":10,"enemies":"3 Byrds","floor":20,"turns":4},{"damage":19,"enemies":"Snake Plant","floor":21,"turns":3},{"damage":18,"enemies":"Snecko","floor":22,"turns":3},{"damage":22,"enemies":"Book of Stabbing","floor":24,"turns":3},{"damage":24,"enemies":"Slavers","floor":30,"turns":3},{"damage":0,"enemies":"3 Cultists","floor":31,"turns":3},{"damage":22,"enemies":"Collector","floor":33,"turns":4},{"damage":16,"enemies":"3 Darklings","floor":35,"turns":4},{"damage":6,"enemies":"3 Shapes","floor":36,"turns":4},{"damage":0,"enemies":"Transient","floor":38,"turns":5},{"damage":0,"enemies":"Mind Bloom Boss Battle","floor":39,"turns":3},{"damage":33,"enemies":"3 Darklings","floor":41,"turns":5},{"damage":23,"enemies":"Nemesis","floor":45,"turns":3},{"damage":29,"enemies":"4 Shapes","floor":47,"turns":2},{"damage":57,"enemies":"Donu and Deca","floor":50,"turns":4}],"seed_played":"-9163071564072964323","potions_obtained":[{"floor":1,"key":"Poison Potion"},{"floor":4,"key":"LiquidBronze"},{"floor":10,"key":"EssenceOfSteel"},{"floor":14,"key":"Weak Potion"},{"floor":16,"key":"Weak Potion"},{"floor":21,"key":"SteroidPotion"},{"floor":24,"key":"EssenceOfSteel"},{"floor":31,"key":"FearPotion"},{"floor":33,"key":"AttackPotion"},{"floor":35,"key":"Weak Potion"},{"floor":38,"key":"Fruit Juice"},{"floor":41,"key":"Ancient Potion"}],"is_trial":false,"path_per_floor":["M","?","?","M","M","R","$","R","T","E","?","$","R","M","R","B",null,"M","?","M","M","M","R","E","?","T","R","$","?","E","M","R","B",null,"M","M","$","M","?","R","M","?","T","R","E","R","M","$","R","B",null],"character_chosen":"IRONCLAD","items_purchased":["ClockworkSouvenir","Sling","Flex","War Paint","Spot Weakness"],"campfire_rested":3,"item_purchase_floors":[7,28,28,37,48],"current_hp_per_floor":[74,67,67,60,64,64,64,64,64,68,42,42,67,72,72,61,79,84,84,80,67,55,55,39,45,45,45,45,45,27,33,60,69,86,76,76,76,87,96,96,69,69,69,69,52,52,29,29,57,31],"gold":43,"neow_bonus":"ONE_RANDOM_RARE_CARD","is_prod":false,"is_daily":false,"chose_seed":false,"campfire_upgraded":8,"win_rate":0,"timestamp":1552451972,"path_taken":["M","?","?","M","?","R","$","R","T","E","?","?","R","?","R","BOSS","M","?","?","M","?","R","E","?","T","R","$","?","E","M","R","BOSS","M","M","$","M","?","R","M","?","T","R","E","R","?","$","R","BOSS"],"build_version":"2019-01-23","purchased_purges":3,"victory":true,"max_hp_per_floor":[75,75,75,75,75,75,75,75,75,85,85,85,85,85,85,85,85,85,85,85,85,85,85,85,91,91,91,91,91,91,91,91,91,91,91,91,91,96,96,96,96,96,96,96,96,96,96,96,96,96],"card_choices":[{"not_picked":["Combust","Feel No Pain"],"picked":"Shrug It Off","floor":1},{"not_picked":["Thunderclap","Havoc"],"picked":"Twin Strike","floor":4},{"not_picked":["Disarm","Sever Soul"],"picked":"Flex","floor":5},{"not_picked":["Hemokinesis","True Grit","Ghostly Armor"],"picked":"SKIP","floor":10},{"not_picked":["Hemokinesis","Blood for Blood","Iron Wave"],"picked":"SKIP","floor":14},{"not_picked":["Dark Embrace","Juggernaut"],"picked":"Immolate","floor":16},{"not_picked":["Perfected Strike","Pommel Strike"],"picked":"Sword Boomerang+1","floor":18},{"not_picked":["Iron Wave","Havoc+1"],"picked":"Shrug It Off","floor":20},{"not_picked":["Perfected Strike","Body Slam"],"picked":"Heavy Blade","floor":21},{"not_picked":["Wild Strike","Headbutt"],"picked":"Battle Trance","floor":22},{"not_picked":["Hemokinesis","True Grit"],"picked":"Second Wind","floor":24},{"not_picked":["Brutality","Perfected Strike","Pommel Strike"],"picked":"SKIP","floor":30},{"not_picked":["Havoc","Cleave","Clash+1"],"picked":"SKIP","floor":31},{"not_picked":["Juggernaut","Feed"],"picked":"Double Tap","floor":33},{"not_picked":["Headbutt","Shrug It Off"],"picked":"Heavy Blade","floor":35},{"not_picked":["Carnage","Havoc"],"picked":"Headbutt","floor":36},{"not_picked":["Havoc","Immolate"],"picked":"Sword Boomerang","floor":38},{"not_picked":["Rupture","Rage+1","Feel No Pain"],"picked":"SKIP","floor":41},{"not_picked":["Perfected Strike+1","Battle Trance","Burning Pact"],"picked":"SKIP","floor":45},{"not_picked":["Twin Strike+1","Pommel Strike+1"],"picked":"Flex","floor":47},{"not_picked":["Rupture","Seeing Red"],"picked":"Demon Form","floor":47}],"player_experience":1215790,"relics_obtained":[{"floor":9,"key":"Pantograph"},{"floor":10,"key":"Pear"},{"floor":24,"key":"Bag of Preparation"},{"floor":26,"key":"Pen Nib"},{"floor":30,"key":"Boot"},{"floor":39,"key":"Pocketwatch"},{"floor":43,"key":"Molten Egg 2"},{"floor":45,"key":"Prayer Wheel"}],"event_choices":[{"cards_removed":["Defend_R"],"damage_healed":0,"gold_gain":0,"player_choice":"Card Removal","damage_taken":7,"max_hp_gain":0,"max_hp_loss":0,"event_name":"Golden Wing","floor":2,"gold_loss":0},{"damage_healed":0,"gold_gain":150,"player_choice":"AGREE","damage_taken":0,"max_hp_gain":0,"max_hp_loss":0,"event_name":"Liars Game","floor":3,"gold_loss":0,"cards_obtained":["Doubt"]},{"damage_healed":0,"gold_gain":0,"player_choice":"Entered Light","damage_taken":26,"max_hp_gain":0,"max_hp_loss":0,"event_name":"Shining Light","floor":11,"gold_loss":0,"cards_upgraded":["Strike_R","Strike_R"]},{"damage_healed":0,"gold_gain":200,"player_choice":"Gold","damage_taken":0,"max_hp_gain":0,"max_hp_loss":0,"event_name":"Wheel of Change","floor":19,"gold_loss":0},{"damage_healed":0,"gold_gain":0,"player_choice":"Opened","damage_taken":0,"relics_obtained":["Darkstone Periapt"],"max_hp_gain":0,"max_hp_loss":0,"event_name":"The Mausoleum","floor":25,"gold_loss":0,"cards_obtained":["Writhe"]},{"damage_healed":0,"gold_gain":0,"player_choice":"Ignored","damage_taken":0,"max_hp_gain":0,"max_hp_loss":0,"event_name":"Ghosts","floor":29,"gold_loss":0},{"damage_healed":0,"gold_gain":0,"player_choice":"Fight","damage_taken":0,"max_hp_gain":0,"max_hp_loss":0,"event_name":"MindBloom","floor":39,"gold_loss":0},{"cards_removed":["Strike_R"],"damage_healed":0,"gold_gain":0,"player_choice":"Purged","damage_taken":0,"max_hp_gain":0,"max_hp_loss":0,"event_name":"Purifier","floor":42,"gold_loss":0}],"is_beta":false,"boss_relics":[{"not_picked":["Tiny House","Ectoplasm"],"picked":"Mark of Pain"},{"not_picked":["Fusion Hammer","Eternal Feather"],"picked":"Velvet Choker"}],"items_purged_floors":[7,28,48],"is_endless":false,"potions_floor_spawned":[1,4,10,14,16,21,24,31,33,35,36,38,41],"ascension_level":16}