{"gold_per_floor":[110,127,138,152,163,163,174,99,99,99,118,118,137,148,148,148],"floor_reached":16,"playtime":544,"items_purged":["Defend_B"],"score":172,"play_id":"df2cf0d7-660f-41b7-8a8c-c23ba427e637","local_time":"20190325234257","is_ascension_mode":true,"campfire_choices":[{"data":"Chaos","floor":6,"key":"SMITH"},{"data":"Beam Cell","floor":10,"key":"SMITH"},{"data":"Meteor Strike","floor":15,"key":"SMITH"}],"neow_cost":"NONE","seed_source_timestamp":92628060563744,"circlet_count":0,"master_deck":["AscendersBane","Strike_B","Strike_B","Strike_B","Strike_B","Defend_B","Defend_B","Defend_B","Zap","Dualcast","Chaos+1","Ball Lightning","FTL","Reboot","Leap","Beam Cell+1","Meteor Strike+1","Decay","Sunder","Turbo"],"relics":["Coffee Dripper","Lantern"],"potions_floor_usage":[14,16,16],"damage_taken":[{"damage":3,"enemies":"Small Slimes","floor":1,"turns":3},{"damage":0,"enemies":"Cultist","floor":2,"turns":5},{"damage":0,"enemies":"2 Louse","floor":3,"turns":2},{"damage":11,"enemies":"Blue Slaver","floor":4,"turns":3},{"damage":15,"enemies":"2 Fungi Beasts","floor":5,"turns":3},{"damage":1,"enemies":"Large Slime","floor":7,"turns":4},{"damage":0,"enemies":"Red Slaver","floor":11,"turns":2},{"damage":24,"enemies":"Lots of Slimes","floor":13,"turns":4},{"damage":0,"enemies":"Looter","floor":14,"turns":1},{"damage":27,"enemies":"The Guardian","floor":16,"turns":5}],"seed_played":"2913838733233291253","potions_obtained":[{"floor":2,"key":"Strength Potion"},{"floor":7,"key":"Fire Potion"},{"floor":14,"key":"Regen Potion"}],"is_trial":false,"path_per_floor":["M","M","M","M","M","R","M","$","T","R","M","?","M","M","R","B"],"character_chosen":"DEFECT","items_purchased":[],"campfire_rested":0,"item_purchase_floors":[],"current_hp_per_floor":[61,61,61,50,35,35,34,34,34,34,34,34,10,10,10,0],"gold":148,"neow_bonus":"BOSS_RELIC","is_prod":false,"is_daily":false,"chose_seed":false,"campfire_upgraded":3,"win_rate":0,"timestamp":1553582577,"path_taken":["M","M","M","M","M","R","M","$","T","R","M","?","?","M","R","BOSS"],"build_version":"2019-01-23","purchased_purges":1,"victory":false,"max_hp_per_floor":[71,71,71,71,71,71,71,71,71,71,71,71,71,71,71,71],"card_choices":[{"not_picked":["Gash","Steam Power"],"picked":"Chaos","floor":1},{"not_picked":["Compile Driver","Redo"],"picked":"Ball Lightning","floor":2},{"not_picked":["Rebound","Undo"],"picked":"FTL","floor":3},{"not_picked":["Tempest","Compile Driver"],"picked":"Reboot","floor":4},{"not_picked":["Coolheaded","Ball Lightning"],"picked":"Leap","floor":5},{"not_picked":["Steam Power","Steam"],"picked":"Beam Cell","floor":7},{"not_picked":["Storm","Turbo"],"picked":"Meteor Strike","floor":11},{"not_picked":["Beam Cell","Cold Snap"],"picked":"Sunder","floor":13},{"not_picked":["Cold Snap","Ball Lightning"],"picked":"Turbo","floor":14}],"player_experience":1248053,"relics_obtained":[{"floor":9,"key":"Lantern"}],"event_choices":[{"damage_healed":0,"gold_gain":0,"player_choice":"Cursed","damage_taken":0,"max_hp_gain":0,"max_hp_loss":0,"event_name":"Wheel of Change","floor":12,"gold_loss":0,"cards_obtained":["Decay"]}],"is_beta":false,"boss_relics":[],"items_purged_floors":[8],"is_endless":false,"potions_floor_spawned":[2,7,11,13,14],"killed_by":"The Guardian","ascension_level":15}