{"gold_per_floor":[117,136,156,15,15,15,40,53,76,76,87,87,120,131,131,203,203,215,215,105,121,133,158,158,193,218,218,251,266,266,280,280,280],"floor_reached":33,"playtime":3695,"items_purged":[],"score":675,"play_id":"ee945d4d-c91f-48b5-83d0-c977aedd8267","local_time":"20190815004636","is_ascension_mode":true,"campfire_choices":[{"data":"Skewer","floor":6.0,"key":"SMITH"},{"floor":12.0,"key":"REST"},{"data":"Wraith Form v2","floor":15.0,"key":"SMITH"},{"data":"Cloak And Dagger","floor":24.0,"key":"SMITH"},{"floor":27.0,"key":"REST"},{"data":"Adrenaline","floor":30.0,"key":"SMITH"},{"data":"Cloak And Dagger","floor":32.0,"key":"SMITH"}],"neow_cost":"NONE","seed_source_timestamp":1385114474069402,"circlet_count":0,"master_deck":["AscendersBane","Strike_G","Strike_G","Defend_G+1","Defend_G","Defend_G","Defend_G","Defend_G","Survivor","Neutralize","Wraith Form v2+1","Skewer+1","Cloak And Dagger+1","Backflip+1","Backstab","Cloak And Dagger+1","All Out Attack","Cloak And Dagger+1","Adrenaline+1","PiercingWail","Well Laid Plans","Cloak And Dagger+1","Masterful Stab+1","PiercingWail","After Image"],"special_seed":0,"relics":["Ring of the Snake","Orichalcum","Anchor","War Paint","Ornamental Fan","Runic Pyramid","Bottled Flame","Singing Bowl","Pen Nib","Bag of Marbles"],"potions_floor_usage":[33],"damage_taken":[{"damage":17.0,"enemies":"Cultist","floor":1.0,"turns":7.0},{"damage":5.0,"enemies":"Small Slimes","floor":2.0,"turns":4.0},{"damage":0.0,"enemies":"2 Louse","floor":3.0,"turns":3.0},{"damage":16.0,"enemies":"Lagavulin","floor":7.0,"turns":6.0},{"damage":0.0,"enemies":"Exordium Wildlife","floor":8.0,"turns":3.0},{"damage":1.0,"enemies":"Gremlin Gang","floor":11.0,"turns":6.0},{"damage":15.0,"enemies":"Gremlin Nob","floor":13.0,"turns":5.0},{"damage":0.0,"enemies":"3 Louse","floor":14.0,"turns":2.0},{"damage":10.0,"enemies":"The Guardian","floor":16.0,"turns":21.0},{"damage":2.0,"enemies":"3 Byrds","floor":18.0,"turns":4.0},{"damage":0.0,"enemies":"Chosen","floor":21.0,"turns":7.0},{"damage":0.0,"enemies":"Snake Plant","floor":22.0,"turns":5.0},{"damage":16.0,"enemies":"Slavers","floor":23.0,"turns":11.0},{"damage":49.0,"enemies":"Book of Stabbing","floor":25.0,"turns":8.0},{"damage":0.0,"enemies":"Gremlin Leader","floor":28.0,"turns":6.0},{"damage":0.0,"enemies":"Chosen and Byrds","floor":29.0,"turns":7.0},{"damage":0.0,"enemies":"Sentry and Sphere","floor":31.0,"turns":3.0},{"damage":44,"enemies":"Champ","floor":33,"turns":16}],"seed_played":"-8557578637698383973","potions_obtained":[{"floor":2.0,"key":"Swift Potion"},{"floor":7.0,"key":"Weak Potion"},{"floor":8.0,"key":"Regen Potion"},{"floor":13.0,"key":"Block Potion"},{"floor":14.0,"key":"Swift Potion"},{"floor":16.0,"key":"LiquidBronze"},{"floor":21.0,"key":"Regen Potion"},{"floor":22.0,"key":"EntropicBrew"},{"floor":31.0,"key":"LiquidBronze"}],"is_trial":false,"path_per_floor":["M","M","M","$","?","R","E","M","T","?","M","R","E","M","R","B",null,"M","?","?","M","M","E","R","E","T","R","E","M","R","M","R","B"],"character_chosen":"THE_SILENT","items_purchased":["Backstab","Poison Potion"],"campfire_rested":2,"item_purchase_floors":[4,4],"current_hp_per_floor":[42,37,37,37,19,19,3,3,3,3,16,35,20,20,20,10,52,50,50,50,50,50,49,49,15,15,34,36,36,36,38,38,0],"gold":280,"neow_bonus":"ONE_RANDOM_RARE_CARD","is_prod":false,"is_daily":false,"chose_seed":false,"campfire_upgraded":5,"win_rate":0,"timestamp":1565844396,"path_taken":["M","M","M","?","?","R","E","M","T","?","?","R","E","?","R","BOSS","M","?","?","?","M","E","R","E","T","R","E","M","R","M","R","BOSS"],"build_version":"2019-07-17","purchased_purges":0,"victory":false,"max_hp_per_floor":[66,66,66,66,66,66,66,66,66,66,66,66,66,66,66,66,66,66,66,66,66,66,66,66,66,66,66,68,68,68,70,70,70],"card_choices":[{"not_picked":["Deadly Poison","Acrobatics"],"picked":"Skewer","floor":1.0},{"not_picked":["PiercingWail","Underhanded Strike"],"picked":"Cloak And Dagger","floor":2.0},{"not_picked":["Expertise","Distraction"],"picked":"Backflip","floor":3.0},{"not_picked":["Dagger Throw","Heel Hook"],"picked":"Cloak And Dagger","floor":7.0},{"not_picked":["Dagger Throw","Masterful Stab"],"picked":"All Out Attack","floor":8.0},{"not_picked":["Bullet Time","Deflect"],"picked":"Cloak And Dagger","floor":11.0},{"not_picked":["Dagger Throw","Deadly Poison","Acrobatics"],"picked":"SKIP","floor":13.0},{"not_picked":["Acrobatics","Deadly Poison","Concentrate"],"picked":"SKIP","floor":14.0},{"not_picked":["Unload","A Thousand Cuts"],"picked":"Adrenaline","floor":16.0},{"not_picked":["Distraction","Sucker Punch","Terror"],"picked":"SKIP","floor":18.0},{"not_picked":["Tactician","Distraction","Sucker Punch+1"],"picked":"SKIP","floor":21.0},{"not_picked":["Slice+1","Caltrops"],"picked":"Cloak And Dagger+1","floor":22.0},{"not_picked":["Sucker Punch","Dagger Spray"],"picked":"Masterful Stab+1","floor":23.0},{"not_picked":["Deflect","Sucker Punch"],"picked":"PiercingWail","floor":25.0},{"not_picked":["Poisoned Stab","Slice","Outmaneuver"],"picked":"Singing Bowl","floor":28.0},{"not_picked":["Terror","Deflect"],"picked":"After Image","floor":29.0},{"not_picked":["Backflip+1","Underhanded Strike","Deflect"],"picked":"Singing Bowl","floor":31.0}],"player_experience":533887,"relics_obtained":[{"floor":7.0,"key":"Anchor"},{"floor":9.0,"key":"War Paint"},{"floor":13.0,"key":"Ornamental Fan"},{"floor":23.0,"key":"Bottled Flame"},{"floor":25.0,"key":"Singing Bowl"},{"floor":26.0,"key":"Pen Nib"},{"floor":28.0,"key":"Bag of Marbles"}],"event_choices":[{"damage_healed":0.0,"max_hp_gain":0.0,"max_hp_loss":0.0,"gold_gain":0.0,"event_name":"Scrap Ooze","player_choice":"Success","floor":5.0,"gold_loss":0.0,"damage_taken":18.0,"relics_obtained":["Orichalcum"]},{"damage_healed":0.0,"max_hp_gain":0.0,"max_hp_loss":0.0,"gold_gain":0.0,"event_name":"Liars Game","player_choice":"Ignored","floor":10.0,"gold_loss":0.0,"damage_taken":0.0},{"damage_healed":0.0,"max_hp_gain":0.0,"max_hp_loss":0.0,"gold_gain":0.0,"cards_transformed":["Strike_G","Strike_G"],"event_name":"Drug Dealer","player_choice":"Became Test Subject","floor":19.0,"gold_loss":0.0,"damage_taken":0.0,"cards_obtained":["PiercingWail","Well Laid Plans"]},{"cards_removed":["Strike_G"],"damage_healed":0.0,"max_hp_gain":0.0,"max_hp_loss":0.0,"gold_gain":0.0,"event_name":"Designer","player_choice":"Upgrade and Remove","floor":20.0,"gold_loss":110.0,"damage_taken":0.0,"cards_upgraded":["Cloak And Dagger"]}],"is_beta":false,"boss_relics":[{"not_picked":["Eternal Feather","Lizard Tail"],"picked":"Runic Pyramid"}],"items_purged_floors":[],"is_endless":false,"potions_floor_spawned":[2,7,8,13,14,16,21,22,31],"killed_by":"Champ","ascension_level":18}