{"gold_per_floor":[117,128,128,144,21,21,48,48,48,11,11,11,27,56,56,56],"floor_reached":16,"playtime":1154,"items_purged":["Doubt"],"score":173,"play_id":"9e876801-688c-436f-a0aa-cc148761d24b","local_time":"20181018193220","is_ascension_mode":true,"campfire_choices":[{"data":"Hologram","floor":6,"key":"SMITH"},{"floor":8,"key":"REST"},{"data":"Zap","floor":12,"key":"SMITH"},{"floor":15,"key":"REST"}],"neow_cost":"CURSE","seed_source_timestamp":2057613974980623,"circlet_count":0,"master_deck":["Strike_B","Strike_B","Strike_B","Defend_B","Defend_B","Defend_B","Defend_B","Zap+1","Dualcast","AscendersBane","Jack Of All Trades+1","Flash of Steel","Turbo","Scrape","Hologram+1","Self Repair","Streamline","Hologram"],"relics":["Cracked Core","WingedGreaves","Calipers","Strawberry"],"potions_floor_usage":[14],"damage_taken":[{"damage":8,"enemies":"Small Slimes","floor":1,"turns":4},{"damage":6,"enemies":"Cultist","floor":2,"turns":4},{"damage":2,"enemies":"Jaw Worm","floor":4,"turns":4},{"damage":34,"enemies":"Gremlin Nob","floor":7,"turns":4},{"damage":2,"enemies":"2 Fungi Beasts","floor":13,"turns":2},{"damage":27,"enemies":"Lagavulin","floor":14,"turns":6},{"damage":57,"enemies":"Hexaghost","floor":16,"turns":9}],"seed_played":"2514273099956851067","potions_obtained":[{"floor":1,"key":"Explosive Potion"},{"floor":7,"key":"FocusPotion"}],"is_trial":false,"path_per_floor":["M","M","?","M","$","R","E","R","T","?","?","R","M","E","R"],"character_chosen":"DEFECT","items_purchased":["Hologram"],"campfire_rested":2,"item_purchase_floors":[5],"current_hp_per_floor":[60,54,54,52,52,52,18,40,40,40,40,40,45,32,56,0],"gold":56,"neow_bonus":"RANDOM_COLORLESS_2","is_prod":false,"is_daily":false,"chose_seed":false,"campfire_upgraded":2,"win_rate":0,"timestamp":1539916340,"path_taken":["M","M","?","M","$","R","E","R","T","?","?","R","M","E","R","BOSS"],"build_version":"2018-10-18","purchased_purges":1,"victory":false,"max_hp_per_floor":[75,75,75,75,75,75,75,75,75,75,75,75,75,82,82,82],"card_choices":[{"not_picked":["Barrage","Sweeping Beam"],"picked":"Turbo","floor":1},{"not_picked":["Barrage","Stack","Chaos"],"picked":"SKIP","floor":2},{"not_picked":["Coolheaded","Ball Lightning"],"picked":"Scrape","floor":4},{"not_picked":["Stack","Genetic Algorithm"],"picked":"Self Repair","floor":7},{"not_picked":["Turbo","Sweeping Beam"],"picked":"Streamline","floor":13},{"not_picked":["Turbo","Coolheaded"],"picked":"Hologram","floor":14}],"player_experience":895410,"relics_obtained":[{"floor":7,"key":"WingedGreaves"},{"floor":9,"key":"Calipers"},{"floor":14,"key":"Strawberry"}],"event_choices":[{"damage_healed":0,"gold_gain":0,"player_choice":"Upgraded","damage_taken":0,"max_hp_gain":0,"max_hp_loss":0,"event_name":"Upgrade Shrine","floor":3,"gold_loss":0,"cards_upgraded":["Jack Of All Trades"]},{"damage_healed":0,"gold_gain":0,"player_choice":"Left Gold","damage_taken":0,"max_hp_gain":0,"max_hp_loss":0,"event_name":"World of Goop","floor":10,"gold_loss":37},{"cards_removed":["Strike_B"],"damage_healed":0,"gold_gain":0,"player_choice":"Purged","damage_taken":0,"max_hp_gain":0,"max_hp_loss":0,"event_name":"Purifier","floor":11,"gold_loss":0}],"is_beta":false,"boss_relics":[],"items_purged_floors":[5],"is_endless":false,"potions_floor_spawned":[1,7],"killed_by":"Hexaghost","ascension_level":12}