{"gold_per_floor":[119,119,136,86,96,130,130,146,217,231,241,14,33,50,50,155,155,173,273,283,63,63,63,96,114,114,128,141,41,41,52,52,157,157,173,191,191,66,66,66,101,117,198,198,209,223,223,30,30,30],"floor_reached":50,"playtime":3584,"items_purged":["Strike_R","Shame","Defend_R"],"score":747,"play_id":"c3910ec3-3b08-4345-b604-3583983ea366","local_time":"20180923234422","is_ascension_mode":true,"campfire_choices":[{"data":"Armaments","floor":7.0,"key":"SMITH"},{"floor":15.0,"key":"REST"},{"floor":23.0,"key":"REST"},{"floor":30.0,"key":"REST"},{"floor":32.0,"key":"REST"},{"data":"Searing Blow","floor":40,"key":"SMITH"},{"floor":44,"key":"REST"},{"floor":47,"key":"REST"},{"data":"Bludgeon","floor":49,"key":"SMITH"}],"neow_cost":"NONE","seed_source_timestamp":0,"circlet_count":0,"master_deck":["Strike_R+1","Strike_R","Defend_R","Defend_R","Bash","AscendersBane","Perfected Strike+1","Bash","Armaments+1","Heavy Blade","Clothesline","Bludgeon+1","Searing Blow+1","Bludgeon","Dual Wield+1","Apotheosis","Uppercut","Clothesline","Immolate","Shockwave+1","Battle Trance+1"],"special_seed":0,"relics":["Snecko Eye","Dead Branch","Gremlin Horn","Happy Flower","Empty Cage","Turnip","Frozen Egg 2","Potion Belt","Boot","Toxic Egg 2","Runic Dome","Gambling Chip","Whetstone","Mercury Hourglass","Lee\u0027s Waffle"],"potions_floor_usage":[46,46,50,50,50,50],"damage_taken":[{"damage":7.0,"enemies":"2 Louse","floor":1.0,"turns":2.0},{"damage":0.0,"enemies":"Cultist","floor":3.0,"turns":2.0},{"damage":2.0,"enemies":"Jaw Worm","floor":5.0,"turns":2.0},{"damage":30.0,"enemies":"Lagavulin","floor":6.0,"turns":4.0},{"damage":9.0,"enemies":"Looter","floor":8.0,"turns":3.0},{"damage":8.0,"enemies":"Blue Slaver","floor":10.0,"turns":2.0},{"damage":0.0,"enemies":"Exordium Thugs","floor":11.0,"turns":2.0},{"damage":4.0,"enemies":"2 Fungi Beasts","floor":13.0,"turns":2.0},{"damage":0.0,"enemies":"Looter","floor":14.0,"turns":2.0},{"damage":28.0,"enemies":"The Guardian","floor":16.0,"turns":6.0},{"damage":9.0,"enemies":"Shell Parasite","floor":18.0,"turns":2.0},{"damage":0.0,"enemies":"Colosseum Slavers","floor":19.0,"turns":1.0},{"damage":16.0,"enemies":"Colosseum Nobs","floor":19.0,"turns":3.0},{"damage":6.0,"enemies":"3 Byrds","floor":20.0,"turns":3.0},{"damage":16.0,"enemies":"Slavers","floor":24.0,"turns":4.0},{"damage":13.0,"enemies":"Snecko","floor":25.0,"turns":3.0},{"damage":8.0,"enemies":"Cultist and Chosen","floor":27.0,"turns":3.0},{"damage":4.0,"enemies":"Snake Plant","floor":28.0,"turns":2.0},{"damage":2.0,"enemies":"Snecko","floor":31.0,"turns":3.0},{"damage":16.0,"enemies":"Collector","floor":33.0,"turns":5.0},{"damage":0,"enemies":"Orb Walker","floor":35,"turns":2},{"damage":5,"enemies":"3 Darklings","floor":36,"turns":2},{"damage":0,"enemies":"Mind Bloom Boss Battle","floor":37,"turns":3},{"damage":49,"enemies":"Nemesis","floor":41,"turns":3},{"damage":15,"enemies":"4 Shapes","floor":42,"turns":3},{"damage":0,"enemies":"Sphere and 2 Shapes","floor":45,"turns":2},{"damage":25,"enemies":"Maw","floor":46,"turns":5},{"damage":90,"enemies":"Awakened One","floor":50,"turns":6}],"seed_played":"-2291128882341002213","potions_obtained":[{"floor":6.0,"key":"FearPotion"},{"floor":10.0,"key":"SpeedPotion"},{"floor":11.0,"key":"BloodPotion"},{"floor":24.0,"key":"Strength Potion"},{"floor":27.0,"key":"FearPotion"},{"floor":31.0,"key":"Ancient Potion"},{"floor":33.0,"key":"Swift Potion"},{"floor":42,"key":"BloodPotion"},{"floor":46,"key":"Ancient Potion"}],"is_trial":false,"path_per_floor":["M","?","M","?","M","E","R","M","T","M","M","$","M","M","R","B",null,"M","?","M","$","?","R","E","M","T","M","M","$","R","M","R","B",null,"M","M","?","$","?","R","E","M","T","R","M","M","R","$","R"],"character_chosen":"IRONCLAD","items_purchased":["Happy Flower","Apotheosis","Uppercut","Lee\u0027s Waffle"],"campfire_rested":6,"item_purchase_floors":[12,21,21,48],"current_hp_per_floor":[65,65,65,65,63,33,33,24,24,16,16,16,12,12,36,8,62,53,37,31,31,31,55,39,26,26,28,24,24,48,46,70,54,74,74,69,69,69,69,69,20,5,5,27,27,16,38,83,83,0],"gold":30,"neow_bonus":"BOSS_RELIC","is_prod":false,"is_daily":false,"chose_seed":false,"campfire_upgraded":3,"win_rate":0,"timestamp":1537771462,"path_taken":["M","?","M","?","M","E","R","M","T","M","M","?","M","M","R","BOSS","M","?","M","$","?","R","E","M","T","?","M","$","R","M","R","BOSS","M","M","?","$","?","R","E","M","T","R","M","?","R","?","R","BOSS"],"build_version":"2018-09-20","purchased_purges":3,"victory":false,"max_hp_per_floor":[80,80,80,80,80,80,80,80,80,80,80,80,80,80,80,80,80,80,80,80,80,80,80,80,80,80,80,80,80,80,80,80,80,80,80,80,80,80,76,76,76,76,76,76,76,76,76,83,83,83],"card_choices":[{"not_picked":["Armaments","Wild Strike"],"picked":"Perfected Strike","floor":1.0},{"not_picked":["Pommel Strike","Clash","Thunderclap"],"picked":"SKIP","floor":3.0},{"not_picked":["Clash","Intimidate"],"picked":"Heavy Blade","floor":5.0},{"not_picked":["Corruption","Headbutt"],"picked":"Clothesline","floor":6.0},{"not_picked":["Second Wind","Heavy Blade"],"picked":"Bludgeon","floor":8.0},{"not_picked":["Flex","Havoc","Inflame"],"picked":"SKIP","floor":10.0},{"not_picked":["Shrug It Off","Armaments","Warcry"],"picked":"SKIP","floor":11.0},{"not_picked":["Twin Strike","Anger"],"picked":"Searing Blow","floor":13.0},{"not_picked":["Wild Strike","Iron Wave","Shrug It Off"],"picked":"SKIP","floor":14.0},{"not_picked":["Berserk","Feed"],"picked":"Bludgeon","floor":16.0},{"not_picked":["Burning Pact","Carnage+1"],"picked":"Dual Wield+1","floor":18.0},{"not_picked":["Pommel Strike","Warcry","Pummel"],"picked":"SKIP","floor":20.0},{"not_picked":["Inflame+1","Perfected Strike","Armaments"],"picked":"SKIP","floor":24.0},{"not_picked":["Armaments","Havoc+1"],"picked":"Clothesline","floor":25.0},{"not_picked":["Armaments+1","Seeing Red+1","Flex+1"],"picked":"SKIP","floor":27.0},{"not_picked":["True Grit+1","Rupture+1","Combust+1"],"picked":"SKIP","floor":28.0},{"not_picked":["Armaments+1","Infernal Blade+1","Bloodletting+1"],"picked":"SKIP","floor":31.0},{"not_picked":["Barricade+1","Juggernaut+1"],"picked":"Immolate","floor":33.0},{"not_picked":["Combust+1","Heavy Blade+1"],"picked":"Shockwave+1","floor":35},{"not_picked":["Warcry+1","Whirlwind"],"picked":"Battle Trance+1","floor":36},{"not_picked":["Cleave","Power Through+1","Fire Breathing+1"],"picked":"SKIP","floor":41},{"not_picked":["Twin Strike+1","Body Slam+1","Heavy Blade+1"],"picked":"SKIP","floor":42},{"not_picked":["Entrench+1","Reckless Charge","Thunderclap+1"],"picked":"SKIP","floor":45},{"not_picked":["Anger","Cleave+1","Whirlwind+1"],"picked":"SKIP","floor":46}],"player_experience":833383,"relics_obtained":[{"floor":6.0,"key":"Dead Branch"},{"floor":9.0,"key":"Gremlin Horn"},{"floor":19.0,"key":"Turnip"},{"floor":19.0,"key":"Frozen Egg 2"},{"floor":24.0,"key":"Boot"},{"floor":26.0,"key":"Toxic Egg 2"},{"floor":37,"key":"Gambling Chip"},{"floor":41,"key":"Whetstone"},{"floor":43,"key":"Mercury Hourglass"}],"event_choices":[{"event_name":"Match and Keep!","player_choice":"2 cards matched","floor":2.0,"damage_taken":0.0},{"event_name":"The Cleric","player_choice":"Card Removal","floor":4.0,"damage_taken":0.0},{"event_name":"Colosseum","player_choice":"Fight","floor":19.0,"damage_taken":0.0},{"event_name":"Colosseum","player_choice":"Fought Nobs","floor":19.0,"damage_taken":0.0},{"event_name":"Addict","player_choice":"Stole Relic","floor":22.0,"damage_taken":0.0},{"event_name":"MindBloom","player_choice":"Fight","floor":37,"damage_taken":0},{"event_name":"Winding Halls","player_choice":"Max HP","floor":39,"damage_taken":0}],"is_beta":false,"boss_relics":[{"not_picked":["Ectoplasm","Runic Cube"],"picked":"Empty Cage"},{"not_picked":["Busted Crown","Eternal Feather"],"picked":"Runic Dome"}],"items_purged_floors":[12,29,38],"is_endless":false,"potions_floor_spawned":[6,10,11,13,24,27,31,33,42,45,46],"killed_by":"Awakened One","ascension_level":10}