{"gold_per_floor":[113,125,125,200,200,200,231,231,231,560,578,597,597,609,609,681,681,695,695,714,116,128,159,159,170,252,83,83,95,95,112,112,190,190,205,215,226,33,50,50,78,78,103,165,177,205,228,30,30,30,30],"floor_reached":52,"playtime":4434,"items_purged":["Decay","Strike_G","Pain"],"score":2078,"play_id":"45d2926a-ad10-4e42-8d21-22565060ffcd","local_time":"20190816010631","is_ascension_mode":true,"campfire_choices":[{"data":"Poisoned Stab","floor":6.0,"key":"SMITH"},{"data":"Neutralize","floor":8.0,"key":"SMITH"},{"floor":13.0,"key":"REST"},{"data":"Poisoned Stab","floor":15.0,"key":"SMITH"},{"floor":24.0,"key":"REST"},{"floor":28.0,"key":"REST"},{"data":"Catalyst","floor":30.0,"key":"SMITH"},{"data":"Footwork","floor":32.0,"key":"SMITH"},{"data":"Footwork","floor":40.0,"key":"SMITH"},{"data":"Footwork","floor":42.0,"key":"SMITH"},{"data":"Catalyst","floor":45,"key":"SMITH"},{"floor":49,"key":"REST"}],"neow_cost":"NONE","seed_source_timestamp":1472873284365599,"circlet_count":0,"master_deck":["AscendersBane","Strike_G","Defend_G","Defend_G","Defend_G","Defend_G","Defend_G","Survivor","Neutralize+1","Poisoned Stab+1","Backflip","Poisoned Stab","Cloak And Dagger","Poisoned Stab+1","After Image","Deadly Poison","PiercingWail+1","Noxious Fumes","Catalyst+1","Cloak And Dagger","Backflip+1","Backflip+1","Sucker Punch+1","PiercingWail+1","Footwork+1","A Thousand Cuts","Footwork+1","Catalyst+1","Footwork+1","Backflip","Poisoned Stab","Crippling Poison+1","Blur+1","Distraction+1","Leg Sweep+1"],"special_seed":0,"relics":["Ring of the Snake","NeowsBlessing","Happy Flower","Ornamental Fan","Bronze Scales","Old Coin","Empty Cage","Paper Crane","Question Card","Mummified Hand","Bag of Preparation","Cursed Key","Toxic Egg 2","MawBank"],"potions_floor_usage":[47,51],"damage_taken":[{"damage":0.0,"enemies":"Cultist","floor":1.0,"turns":1.0},{"damage":0.0,"enemies":"2 Louse","floor":2.0,"turns":1.0},{"damage":0.0,"enemies":"Lagavulin","floor":7.0,"turns":1.0},{"damage":21.0,"enemies":"3 Sentries","floor":10.0,"turns":8.0},{"damage":0.0,"enemies":"Jaw Worm","floor":11.0,"turns":2.0},{"damage":12.0,"enemies":"Exordium Thugs","floor":12.0,"turns":4.0},{"damage":0.0,"enemies":"Blue Slaver","floor":14.0,"turns":3.0},{"damage":5.0,"enemies":"Hexaghost","floor":16.0,"turns":9.0},{"damage":17.0,"enemies":"Spheric Guardian","floor":18.0,"turns":5.0},{"damage":0.0,"enemies":"3 Byrds","floor":20.0,"turns":3.0},{"damage":2.0,"enemies":"Snake Plant","floor":22.0,"turns":5.0},{"damage":15.0,"enemies":"Book of Stabbing","floor":23.0,"turns":5.0},{"damage":26.0,"enemies":"Snecko","floor":25.0,"turns":8.0},{"damage":5.0,"enemies":"Centurion and Healer","floor":29.0,"turns":6.0},{"damage":0.0,"enemies":"Snake Plant","floor":31.0,"turns":4.0},{"damage":21.0,"enemies":"Automaton","floor":33.0,"turns":10.0},{"damage":0.0,"enemies":"3 Shapes","floor":35.0,"turns":6.0},{"damage":0.0,"enemies":"3 Darklings","floor":36.0,"turns":5.0},{"damage":0.0,"enemies":"Transient","floor":37.0,"turns":6.0},{"damage":9.0,"enemies":"4 Shapes","floor":39.0,"turns":5.0},{"damage":0.0,"enemies":"Giant Head","floor":41.0,"turns":7.0},{"damage":9,"enemies":"Writhing Mass","floor":46,"turns":7},{"damage":5,"enemies":"Spire Growth","floor":47,"turns":4},{"damage":0,"enemies":"Donu and Deca","floor":50,"turns":12},{"damage":24,"enemies":"Time Eater","floor":51,"turns":17}],"seed_played":"-6826870298317172339","potions_obtained":[{"floor":2.0,"key":"SkillPotion"},{"floor":12.0,"key":"AttackPotion"},{"floor":14.0,"key":"Explosive Potion"},{"floor":31.0,"key":"Regen Potion"},{"floor":33.0,"key":"Block Potion"},{"floor":37.0,"key":"FearPotion"},{"floor":41.0,"key":"SpeedPotion"},{"floor":46,"key":"Block Potion"},{"floor":47,"key":"Fire Potion"}],"is_trial":false,"path_per_floor":["M","M","?","?","?","R","E","R","T","E","M","M","R","M","R","B",null,"M","?","M","$","M","E","R","M","T","$","R","M","R","M","R","B",null,"M","M","M","$","M","R","E","R","T","?","R","M","M","$","R","B","B",null],"character_chosen":"THE_SILENT","items_purchased":["Noxious Fumes","Paper Crane","Catalyst","Cloak And Dagger","LiquidBronze","Bag of Preparation","Footwork","Backflip","Leg Sweep+1"],"campfire_rested":4,"item_purchase_floors":[21,21,21,21,21,27,38,38,48],"current_hp_per_floor":[59,59,48,37,37,37,37,37,37,16,16,4,23,23,23,18,54,37,37,37,37,35,20,39,13,13,13,32,27,27,27,27,21,55,55,55,55,55,46,46,46,46,46,40,40,31,26,26,45,45,21],"gold":30,"neow_bonus":"THREE_ENEMY_KILL","is_prod":false,"is_daily":false,"chose_seed":false,"campfire_upgraded":8,"win_rate":0,"timestamp":1565931991,"path_taken":["M","M","?","?","?","R","E","R","T","E","M","M","R","M","R","BOSS","M","?","?","?","M","E","R","M","T","$","R","M","R","?","R","BOSS","M","?","?","$","M","R","E","R","T","?","R","M","M","$","R","BOSS","BOSS"],"build_version":"2019-07-17","purchased_purges":3,"victory":true,"max_hp_per_floor":[66,66,66,66,66,66,66,66,66,66,66,66,66,66,66,66,66,66,66,66,66,66,66,66,66,66,66,66,66,66,66,66,66,66,66,66,66,66,66,66,66,66,66,66,66,66,66,66,66,66,66],"card_choices":[{"not_picked":["Underhanded Strike","Riddle With Holes","Dodge and Roll"],"picked":"SKIP","floor":1.0},{"not_picked":["Acrobatics","Catalyst"],"picked":"Poisoned Stab","floor":2.0},{"not_picked":["Terror","Calculated Gamble"],"picked":"Backflip","floor":7.0},{"not_picked":["Underhanded Strike","Blur"],"picked":"Poisoned Stab","floor":10.0},{"not_picked":["Sucker Punch","Prepared","Dodge and Roll"],"picked":"SKIP","floor":11.0},{"not_picked":["Riddle With Holes","Concentrate"],"picked":"Cloak And Dagger","floor":12.0},{"not_picked":["Deflect","Terror"],"picked":"Poisoned Stab","floor":14.0},{"not_picked":["Bullet Time","Tools of the Trade"],"picked":"After Image","floor":16.0},{"not_picked":["Dash","Masterful Stab"],"picked":"Deadly Poison","floor":18.0},{"not_picked":["Reflex","Prepared+1"],"picked":"PiercingWail+1","floor":20.0},{"not_picked":["Outmaneuver","Quick Slash"],"picked":"Backflip+1","floor":22.0},{"not_picked":["Grand Finale","Slice"],"picked":"Backflip+1","floor":23.0},{"not_picked":["Blade Dance","Acrobatics","Quick Slash"],"picked":"Sucker Punch+1","floor":25.0},{"not_picked":["Poisoned Stab","Deadly Poison","Dodge and Roll"],"picked":"PiercingWail+1","floor":29.0},{"not_picked":["Noxious Fumes","Heel Hook","Dagger Spray"],"picked":"Footwork","floor":31.0},{"not_picked":["Tools of the Trade","Die Die Die","Malaise"],"picked":"A Thousand Cuts","floor":33.0},{"not_picked":["Dash","Bane","Masterful Stab","Sucker Punch"],"picked":"SKIP","floor":35.0},{"not_picked":["Backflip","Dagger Throw","Poisoned Stab"],"picked":"Footwork","floor":36.0},{"not_picked":["Tactician","Dagger Spray","Acrobatics"],"picked":"Catalyst","floor":37.0},{"not_picked":["Accuracy","Eviscerate","Backstab"],"picked":"Poisoned Stab","floor":39.0},{"not_picked":["Dodge and Roll","Setup","Blade Dance"],"picked":"Crippling Poison","floor":41.0},{"not_picked":["Acrobatics+1","Slice","Poisoned Stab+1"],"picked":"Blur+1","floor":46},{"not_picked":["Concentrate+1","Envenom","Sucker Punch"],"picked":"Distraction+1","floor":47}],"player_experience":558207,"relics_obtained":[{"floor":7.0,"key":"Ornamental Fan"},{"floor":9.0,"key":"Bronze Scales"},{"floor":10.0,"key":"Old Coin"},{"floor":23.0,"key":"Question Card"},{"floor":26.0,"key":"Mummified Hand"},{"floor":41.0,"key":"Toxic Egg 2"},{"floor":43.0,"key":"MawBank"}],"event_choices":[{"damage_healed":0.0,"max_hp_gain":0.0,"max_hp_loss":0.0,"gold_gain":0.0,"event_name":"Scrap Ooze","player_choice":"Success","floor":3.0,"gold_loss":0.0,"damage_taken":11.0,"relics_obtained":["Happy Flower"]},{"damage_healed":0.0,"max_hp_gain":0.0,"max_hp_loss":0.0,"gold_gain":75.0,"event_name":"World of Goop","player_choice":"Gather Gold","floor":4.0,"gold_loss":0.0,"damage_taken":11.0},{"cards_removed":["Strike_G"],"damage_healed":0.0,"max_hp_gain":0.0,"max_hp_loss":0.0,"gold_gain":0.0,"event_name":"Wheel of Change","player_choice":"Card Removal","floor":5.0,"gold_loss":0.0,"damage_taken":0.0},{"damage_healed":0.0,"max_hp_gain":0.0,"max_hp_loss":0.0,"gold_gain":0.0,"event_name":"Wheel of Change","player_choice":"Cursed","floor":19.0,"gold_loss":0.0,"damage_taken":0.0,"cards_obtained":["Decay"]},{"damage_healed":0,"gold_gain":50,"player_choice":"Touch","damage_taken":6,"max_hp_gain":0,"max_hp_loss":0,"event_name":"FaceTrader","floor":44,"gold_loss":0}],"is_beta":false,"boss_relics":[{"not_picked":["Orrery","HoveringKite"],"picked":"Empty Cage"},{"not_picked":["Runic Dome","Lizard Tail"],"picked":"Cursed Key"}],"items_purged_floors":[21,38,48],"is_endless":false,"potions_floor_spawned":[2,12,14,31,33,37,41,46,47],"ascension_level":20}