{"gold_per_floor":[14,34,34,53,53,53,78,78,151,167,167,24,54,54,54,158,158,127,127,27,44,59,59,59,59,138,168,168,168,202,220,220,325,325,335,349,349,349,349,349,376,376,376,388,388,388,402,106,106,106],"floor_reached":51,"playtime":3658,"items_purged":["Defend_B","Strike_B","Decay"],"score":1062,"play_id":"e877c0d8-068d-4c9e-b254-b274c544bb48","local_time":"20180914204655","is_ascension_mode":true,"campfire_choices":[{"data":"Creative AI","floor":6.0,"key":"SMITH"},{"floor":8.0,"key":"REST"},{"data":"Stack","floor":11.0,"key":"SMITH"},{"floor":15.0,"key":"REST"},{"data":"Seek","floor":23.0,"key":"SMITH"},{"floor":28,"key":"REST"},{"floor":32,"key":"REST"},{"floor":40,"key":"REST"},{"floor":42,"key":"REST"},{"data":"Amplify","floor":49,"key":"SMITH"}],"neow_cost":"NO_GOLD","seed_source_timestamp":0,"circlet_count":0,"master_deck":["Strike_B+1","Strike_B+1","Defend_B+1","Defend_B+1","Defend_B+1","Zap+1","Dualcast+1","AscendersBane","Creative AI+1","Stack+1","Cold Snap+1","Chill+1","Cold Snap+1","Force Field+1","Cold Snap+1","Seek+1","Coolheaded+1","Force Field+1","White Noise+1","Cold Snap+1","Blizzard+1","Creative AI+1","Stack+1","Coolheaded+1","Blizzard+1","Undo+1","Heatsinks+1","Amplify+1","Heatsinks"],"special_seed":0,"relics":["Cracked Core","DataDisk","Molten Egg 2","Juzu Bracelet","Symbiotic Virus","Runic Dome","Mercury Hourglass","Torii","Sundial","Lizard Tail","Dream Catcher","Bottled Lightning","Mark of the Bloom"],"potions_floor_usage":[30,36,50,50],"damage_taken":[{"damage":0.0,"enemies":"2 Louse","floor":1.0,"turns":2.0},{"damage":1.0,"enemies":"Cultist","floor":2.0,"turns":4.0},{"damage":9.0,"enemies":"Jaw Worm","floor":4.0,"turns":4.0},{"damage":12.0,"enemies":"3 Sentries","floor":7.0,"turns":8.0},{"damage":4.0,"enemies":"Exordium Wildlife","floor":10.0,"turns":4.0},{"damage":22.0,"enemies":"Gremlin Nob","floor":13.0,"turns":5.0},{"damage":6.0,"enemies":"The Guardian","floor":16.0,"turns":12.0},{"damage":10.0,"enemies":"2 Thieves","floor":18.0,"turns":5.0},{"damage":2.0,"enemies":"Spheric Guardian","floor":21.0,"turns":4.0},{"damage":14.0,"enemies":"Chosen and Byrds","floor":22.0,"turns":7.0},{"damage":14,"enemies":"Book of Stabbing","floor":27,"turns":5},{"damage":16,"enemies":"Slavers","floor":30,"turns":4},{"damage":0,"enemies":"3 Cultists","floor":31,"turns":4},{"damage":19,"enemies":"Automaton","floor":33,"turns":9},{"damage":19,"enemies":"3 Shapes","floor":35,"turns":4},{"damage":20,"enemies":"3 Darklings","floor":36,"turns":6},{"damage":53,"enemies":"2 Orb Walkers","floor":41,"turns":6},{"damage":13,"enemies":"Reptomancer","floor":44,"turns":6},{"damage":0,"enemies":"4 Shapes","floor":47,"turns":4},{"damage":42,"enemies":"Time Eater","floor":50,"turns":14}],"seed_played":"6877242176927069004","potions_obtained":[{"floor":1.0,"key":"Regen Potion"},{"floor":7.0,"key":"Block Potion"},{"floor":10.0,"key":"Energy Potion"},{"floor":16.0,"key":"SteroidPotion"},{"floor":30,"key":"SteroidPotion"},{"floor":36,"key":"SteroidPotion"}],"is_trial":false,"path_per_floor":["M","M","?","M","?","R","E","R","T","M","R","$","E","?","R","B",null,"M","?","$","M","M","R","?","?","T","E","R","?","E","M","R","B",null,"M","M","?","?","?","R","E","R","T","M","?","?","M","$","R","B"],"character_chosen":"DEFECT","items_purchased":["Force Field","Amplify","Heatsinks"],"campfire_rested":6,"item_purchase_floors":[12,48,48],"current_hp_per_floor":[68,67,52,43,43,43,31,53,53,49,49,49,41,38,60,54,70,60,60,60,58,44,44,44,44,44,30,52,52,36,36,58,39,66,47,27,27,27,27,49,36,58,58,45,45,45,45,45,45,3],"gold":106,"neow_bonus":"THREE_RARE_CARDS","is_prod":false,"is_daily":false,"chose_seed":false,"campfire_upgraded":4,"win_rate":0,"timestamp":1536983215,"path_taken":["M","M","?","?","?","R","E","R","T","M","R","$","E","?","R","BOSS","M","?","$","M","M","R","?","?","T","E","R","?","E","M","R","BOSS","M","M","?","?","?","R","E","R","T","M","?","?","M","$","R","BOSS"],"build_version":"2018-09-06","purchased_purges":3,"victory":true,"max_hp_per_floor":[75,75,75,75,75,75,75,75,75,75,75,75,75,75,75,75,75,75,75,75,75,75,75,75,75,75,75,75,75,75,75,75,75,75,75,75,75,75,75,75,75,75,75,75,75,75,75,75,75,75],"card_choices":[{"not_picked":["Echo Form","Machine Learning"],"picked":"Creative AI","floor":0.0},{"not_picked":["Scrape","Cold Snap"],"picked":"Stack","floor":1.0},{"not_picked":["Streamline","Reprogram","Steam"],"picked":"SKIP","floor":2.0},{"not_picked":["Compile Driver","Recycle"],"picked":"Cold Snap","floor":4.0},{"not_picked":["Lockon","Cold Snap"],"picked":"Chill","floor":7.0},{"not_picked":["All For One+1","Barrage+1"],"picked":"Cold Snap+1","floor":10.0},{"not_picked":["Go for the Eyes+1","Hologram"],"picked":"Cold Snap+1","floor":13.0},{"not_picked":["Hyperbeam+1","Multi-Cast"],"picked":"Seek","floor":16.0},{"not_picked":["Hologram","Steam Power"],"picked":"Coolheaded","floor":18.0},{"not_picked":["Scrape+1","Streamline+1","Reinforced Body"],"picked":"SKIP","floor":21.0},{"not_picked":["Hologram","Heatsinks"],"picked":"Force Field","floor":22.0},{"not_picked":["Double Energy","Rebound+1","Skim"],"picked":"SKIP","floor":27},{"not_picked":["FTL+1","Rip and Tear+1"],"picked":"Cold Snap+1","floor":30},{"not_picked":["Rebound+1","Aggregate"],"picked":"Blizzard+1","floor":31},{"not_picked":["Rainbow","Reboot"],"picked":"Creative AI","floor":33},{"not_picked":["Rebound+1","Redo+1"],"picked":"Stack","floor":35},{"not_picked":["Barrage+1","Genetic Algorithm+1"],"picked":"Coolheaded+1","floor":36},{"not_picked":["Beam Cell+1","Static Discharge+1","Rip and Tear+1"],"picked":"SKIP","floor":41},{"not_picked":["Gash+1","Ball Lightning+1"],"picked":"Undo+1","floor":42},{"not_picked":["Auto Shields+1","Coolheaded"],"picked":"Heatsinks+1","floor":44},{"not_picked":["Gash+1","Self Repair","Static Discharge+1"],"picked":"SKIP","floor":47}],"player_experience":800270,"relics_obtained":[{"floor":7.0,"key":"DataDisk"},{"floor":9.0,"key":"Molten Egg 2"},{"floor":13.0,"key":"Juzu Bracelet"},{"floor":26,"key":"Mercury Hourglass"},{"floor":27,"key":"Torii"},{"floor":30,"key":"Sundial"},{"floor":41,"key":"Dream Catcher"},{"floor":43,"key":"Bottled Lightning"}],"event_choices":[{"event_name":"Shining Light","player_choice":"Entered Light","floor":3.0,"damage_taken":0.0},{"event_name":"Living Wall","player_choice":"Forget","floor":5.0,"damage_taken":0.0},{"event_name":"Scrap Ooze","player_choice":"success","floor":14.0,"damage_taken":3.0},{"event_name":"Vampires","player_choice":"Ignored","floor":19.0,"damage_taken":0.0},{"event_name":"Ghosts","player_choice":"Ignored","floor":24.0,"damage_taken":0.0},{"event_name":"The Library","player_choice":"Read","floor":29,"damage_taken":0},{"event_name":"Upgrade Shrine","player_choice":"Upgraded","floor":37,"damage_taken":0},{"event_name":"Duplicator","player_choice":"One dupe","floor":38,"damage_taken":0},{"event_name":"SecretPortal","player_choice":"Rejected Portal.","floor":39,"damage_taken":0},{"event_name":"MindBloom","player_choice":"Upgrade","floor":45,"damage_taken":0},{"event_name":"Wheel of Change","player_choice":"Curse","floor":46,"damage_taken":0}],"is_beta":false,"boss_relics":[{"not_picked":["Nuclear Battery","Cursed Key"],"picked":"Runic Dome"},{"not_picked":["FrozenCore","Runic Pyramid"],"picked":"Lizard Tail"}],"items_purged_floors":[12,20,48],"is_endless":false,"potions_floor_spawned":[1,7,10,16,27,30,31,36,44],"ascension_level":11}