{"gold_per_floor":[144,155,155,170,170,170,170,193,248,248,248,283,283,299,299,389,389,407,246,266,56,56,56,99,129,141,153],"floor_reached":27,"playtime":993,"items_purged":["Shame","Decay"],"score":487,"play_id":"c98d5e68-6eb6-448e-b680-eef61ae7a279","local_time":"20190610204343","is_ascension_mode":true,"campfire_choices":[{"data":"Pommel Strike","floor":6,"key":"SMITH"},{"floor":10,"key":"REST"},{"data":"Juggernaut","floor":13,"key":"SMITH"},{"data":"Flame Barrier","floor":15,"key":"SMITH"},{"floor":23,"key":"DIG"}],"neow_cost":"NONE","seed_source_timestamp":61778868851111,"circlet_count":0,"master_deck":["AscendersBane","Strike_R","Strike_R","Strike_R","Strike_R","Strike_R","Defend_R","Defend_R","Defend_R","Defend_R","Bash","Pommel Strike+1","Twin Strike","Disarm","Injury","Flame Barrier+1","Juggernaut+1","Feed","Shame","Shrug It Off","Disarm","Body Slam","Shrug It Off","Shrug It Off"],"relics":["Burning Blood","Tiny Chest","Mercury Hourglass","Centennial Puzzle","Golden Idol","Bag of Marbles","Darkstone Periapt","Calling Bell","Juzu Bracelet","Paper Frog","Shovel","MawBank","Ornamental Fan","Ancient Tea Set"],"potions_floor_usage":[16,24],"damage_taken":[{"damage":9,"enemies":"2 Louse","floor":1,"turns":3},{"damage":4,"enemies":"Jaw Worm","floor":2,"turns":5},{"damage":7,"enemies":"Small Slimes","floor":4,"turns":3},{"damage":7,"enemies":"Exordium Thugs","floor":8,"turns":4},{"damage":32,"enemies":"Gremlin Nob","floor":12,"turns":4},{"damage":5,"enemies":"3 Louse","floor":14,"turns":2},{"damage":15,"enemies":"The Guardian","floor":16,"turns":11},{"damage":11,"enemies":"Chosen","floor":18,"turns":6},{"damage":2,"enemies":"3 Byrds","floor":20,"turns":3},{"damage":54,"enemies":"Slavers","floor":24,"turns":7},{"damage":25,"enemies":"Snake Plant","floor":25,"turns":5},{"damage":35,"enemies":"Sentry and Sphere","floor":27,"turns":5}],"seed_played":"1730160014612652617","potions_obtained":[{"floor":1,"key":"SteroidPotion"},{"floor":2,"key":"BloodPotion"},{"floor":14,"key":"Energy Potion"},{"floor":16,"key":"Strength Potion"},{"floor":18,"key":"PowerPotion"}],"is_trial":false,"path_per_floor":["M","M","?","M","T","R","?","M","T","R","?","E","R","M","R","B",null,"M","$","M","$","?","R","E","M","T","M"],"character_chosen":"IRONCLAD","items_purchased":["Disarm","Body Slam","Shrug It Off"],"campfire_rested":1,"item_purchase_floors":[19,21,21],"current_hp_per_floor":[65,67,56,55,55,55,55,54,54,75,75,49,49,50,50,41,85,80,80,87,87,96,96,51,32,32,0],"gold":153,"neow_bonus":"RANDOM_COMMON_RELIC","is_prod":false,"is_daily":false,"chose_seed":false,"campfire_upgraded":3,"win_rate":0,"timestamp":1560224623,"path_taken":["M","M","?","M","?","R","?","?","T","R","?","E","R","M","R","BOSS","M","$","M","$","?","R","E","M","T","M"],"build_version":"2019-01-23","purchased_purges":2,"victory":false,"max_hp_per_floor":[75,75,75,75,75,75,75,75,75,75,75,75,75,75,75,75,93,93,93,96,96,96,96,99,99,99,99],"card_choices":[{"not_picked":["Ghostly Armor","Flame Barrier"],"picked":"Pommel Strike","floor":1},{"not_picked":["Disarm","Wild Strike"],"picked":"Twin Strike","floor":2},{"not_picked":["Armaments","Corruption"],"picked":"Disarm","floor":4},{"not_picked":["Battle Trance","Headbutt"],"picked":"Flame Barrier","floor":8},{"not_picked":["Havoc","Twin Strike"],"picked":"Juggernaut","floor":12},{"not_picked":["Pummel","Clash","Heavy Blade"],"picked":"SKIP","floor":14},{"not_picked":["Offering","Berserk"],"picked":"Feed","floor":16},{"not_picked":["Hemokinesis","Cleave"],"picked":"Shrug It Off","floor":18},{"not_picked":["Flex","Combust","Seeing Red"],"picked":"SKIP","floor":20},{"not_picked":["Pommel Strike","Heavy Blade"],"picked":"Shrug It Off","floor":24},{"not_picked":["Hemokinesis","Cleave","Bloodletting"],"picked":"SKIP","floor":25}],"player_experience":1388752,"relics_obtained":[{"floor":5,"key":"Centennial Puzzle"},{"floor":9,"key":"Bag of Marbles"},{"floor":12,"key":"Darkstone Periapt"},{"floor":17,"key":"Juzu Bracelet"},{"floor":17,"key":"Paper Frog"},{"floor":17,"key":"Shovel"},{"floor":23,"key":"MawBank"},{"floor":24,"key":"Ornamental Fan"},{"floor":26,"key":"Ancient Tea Set"}],"event_choices":[{"damage_healed":0,"gold_gain":0,"player_choice":"Success","damage_taken":11,"relics_obtained":["Mercury Hourglass"],"max_hp_gain":0,"max_hp_loss":0,"event_name":"Scrap Ooze","floor":3,"gold_loss":0},{"damage_healed":0,"gold_gain":0,"player_choice":"Take Wound","damage_taken":0,"relics_obtained":["Golden Idol"],"max_hp_gain":0,"max_hp_loss":0,"event_name":"Golden Idol","floor":7,"gold_loss":0,"cards_obtained":["Injury"]},{"damage_healed":0,"gold_gain":0,"player_choice":"Ignored","damage_taken":0,"max_hp_gain":0,"max_hp_loss":0,"event_name":"Liars Game","floor":11,"gold_loss":0},{"damage_healed":9,"gold_gain":0,"player_choice":"Full Heal","damage_taken":0,"max_hp_gain":0,"max_hp_loss":0,"event_name":"Wheel of Change","floor":22,"gold_loss":0}],"is_beta":false,"boss_relics":[{"not_picked":["Orrery","Empty Cage"],"picked":"Calling Bell"}],"items_purged_floors":[19,21],"is_endless":false,"potions_floor_spawned":[1,2,14,16,18],"killed_by":"Sentry and Sphere","ascension_level":20}