{"gold_per_floor":[18,38,55,55,66,66,401,401,401,427,98,109,119,136,136,234,234,250,250,200,215,215,215,230,230],"floor_reached":25,"playtime":1123,"items_purged":["Defend_B"],"score":358,"play_id":"f4fa61f4-9e86-47ed-8ae5-10061102f979","local_time":"20190504214600","is_ascension_mode":true,"campfire_choices":[{"data":"Hologram","floor":6,"key":"SMITH"},{"floor":8,"key":"REST"},{"floor":15,"key":"REST"},{"data":"Seek","floor":23,"key":"SMITH"}],"neow_cost":"NO_GOLD","seed_source_timestamp":290305240041291,"circlet_count":0,"master_deck":["Strike_B","Strike_B","Strike_B","Defend_B","Defend_B","Defend_B","Zap","Dualcast","Good Instincts","Impatience","Steam","Hologram+1","Streamline","Reboot","Go for the Eyes","Streamline","Madness","Chrysalis","Seek+1","Beam Cell","Beam Cell","Hologram","Go for the Eyes","Beam Cell"],"relics":["Cracked Core","Dream Catcher","Old Coin","Pantograph","FossilizedHelix","Sozu"],"potions_floor_usage":[16,16],"damage_taken":[{"damage":2,"enemies":"Small Slimes","floor":1,"turns":3},{"damage":0,"enemies":"2 Louse","floor":2,"turns":2},{"damage":0,"enemies":"Cultist","floor":3,"turns":4},{"damage":0,"enemies":"2 Fungi Beasts","floor":5,"turns":3},{"damage":19,"enemies":"Lagavulin","floor":7,"turns":7},{"damage":15,"enemies":"3 Sentries","floor":10,"turns":8},{"damage":3,"enemies":"Looter","floor":12,"turns":3},{"damage":5,"enemies":"Gremlin Gang","floor":13,"turns":3},{"damage":0,"enemies":"Blue Slaver","floor":14,"turns":2},{"damage":0,"enemies":"Slime Boss","floor":16,"turns":3},{"damage":0,"enemies":"Spheric Guardian","floor":18,"turns":6},{"damage":17,"enemies":"Shell Parasite","floor":21,"turns":3},{"damage":30,"enemies":"Snecko","floor":24,"turns":6},{"damage":33,"enemies":"Slavers","floor":25,"turns":3}],"seed_played":"4202836532535097919","potions_obtained":[{"floor":1,"key":"LiquidBronze"},{"floor":5,"key":"Poison Potion"},{"floor":10,"key":"LiquidBronze"},{"floor":14,"key":"Poison Potion"},{"floor":16,"key":"Energy Potion"}],"is_trial":false,"path_per_floor":["M","M","M","?","M","R","E","R","T","E","$","M","M","M","R","B",null,"M","?","?","M","?","R","M","E"],"character_chosen":"DEFECT","items_purchased":["Madness","Chrysalis"],"campfire_rested":2,"item_purchase_floors":[11,11],"current_hp_per_floor":[66,66,66,48,48,48,29,51,51,36,36,33,28,28,50,75,75,75,75,75,58,58,58,28,0],"gold":230,"neow_bonus":"RANDOM_COLORLESS_2","is_prod":false,"is_daily":false,"chose_seed":false,"campfire_upgraded":2,"win_rate":0,"timestamp":1557031560,"path_taken":["M","M","M","?","M","R","E","R","T","E","$","M","M","M","R","BOSS","M","?","?","?","?","R","M","E"],"build_version":"2019-01-23","purchased_purges":1,"victory":false,"max_hp_per_floor":[75,75,75,75,75,75,75,75,75,75,75,75,75,75,75,75,75,75,75,75,75,75,75,75,75],"card_choices":[{"not_picked":["Hologram","Barrage"],"picked":"Steam","floor":1},{"not_picked":["Tempest","Stack"],"picked":"Hologram","floor":2},{"not_picked":["Redo","Barrage"],"picked":"Streamline","floor":3},{"not_picked":["Aggregate","Ball Lightning"],"picked":"Reboot","floor":5},{"not_picked":["Compile Driver","Force Field"],"picked":"Go for the Eyes","floor":7},{"not_picked":["Coolheaded","Conserve Battery"],"picked":"Streamline","floor":8},{"not_picked":["Tempest","Rebound","Conserve Battery"],"picked":"SKIP","floor":10},{"not_picked":["Leap","Sweeping Beam"],"picked":"Seek","floor":12},{"not_picked":["Static Discharge","Darkness"],"picked":"Beam Cell","floor":13},{"not_picked":["Skim","Tempest"],"picked":"Beam Cell","floor":14},{"not_picked":["Stack","Leap"],"picked":"Hologram","floor":15},{"not_picked":["Redo","Compile Driver+1","Reinforced Body"],"picked":"SKIP","floor":18},{"not_picked":["Glacier","Redo"],"picked":"Go for the Eyes","floor":21},{"not_picked":["Ball Lightning","Conserve Battery+1"],"picked":"Beam Cell","floor":24}],"player_experience":1333263,"relics_obtained":[{"floor":7,"key":"Old Coin"},{"floor":9,"key":"Pantograph"},{"floor":10,"key":"FossilizedHelix"}],"event_choices":[{"damage_healed":0,"gold_gain":0,"player_choice":"Success","damage_taken":18,"relics_obtained":["Dream Catcher"],"max_hp_gain":0,"max_hp_loss":0,"event_name":"Scrap Ooze","floor":4,"gold_loss":0},{"cards_removed":["Strike_B"],"damage_healed":0,"gold_gain":0,"player_choice":"Elegance","damage_taken":0,"max_hp_gain":0,"max_hp_loss":0,"event_name":"Back to Basics","floor":19,"gold_loss":0},{"damage_healed":0,"gold_gain":0,"player_choice":"Bet on Owner","damage_taken":0,"max_hp_gain":0,"max_hp_loss":0,"event_name":"The Joust","floor":20,"gold_loss":50},{"damage_healed":0,"gold_gain":0,"player_choice":"Ignored","damage_taken":0,"max_hp_gain":0,"max_hp_loss":0,"event_name":"Ghosts","floor":22,"gold_loss":0}],"is_beta":false,"boss_relics":[{"not_picked":["Snecko Eye","Orrery"],"picked":"Sozu"}],"items_purged_floors":[11],"is_endless":false,"potions_floor_spawned":[1,5,10,14,16,18],"killed_by":"Slavers","ascension_level":7}