{"gold_per_floor":[113,123,123,189,207,207,217,217,242,196,246,273,290,355,355,450,450,439,256,221,238,19,35,35,85,110,187,205,336,355,366,366,471,471,491,586,636,275,295,295,345,362,362,512,528,540,540,605,605,605],"floor_reached":51,"playtime":4493,"items_purged":["Strike_B","Strike_B"],"score":653,"play_id":"cfe59eea-ebde-497c-a36d-2592fc7970d3","local_time":"20190815160147","is_ascension_mode":false,"campfire_choices":[{"data":"Zap","floor":6,"key":"SMITH"},{"data":"Lockon","floor":8,"key":"SMITH"},{"data":"Beam Cell","floor":15,"key":"SMITH"},{"data":"Defragment","floor":24,"key":"SMITH"},{"floor":32,"key":"REST"},{"data":"Hologram","floor":40,"key":"SMITH"},{"data":"Aggregate","floor":47,"key":"SMITH"},{"floor":49,"key":"REST"}],"neow_cost":"NONE","seed_source_timestamp":64550902668900,"circlet_count":0,"master_deck":["Strike_B","Defend_B","Defend_B","Defend_B+1","Defend_B","Zap+1","Dualcast","Lockon+1","Cold Snap","Darkness","Turbo","Barrage","Conserve Battery","Leap","Beam Cell+1","Chill","All For One","Skim+1","FTL","Hologram+1","Defragment+1","Coolheaded+1","Go for the Eyes+1","Glacier","Redo+1","Electrodynamics","Aggregate+1","Defragment+1","Madness","Madness","Hologram+1","Rebound+1","Go for the Eyes+1","Chaos+1","Self Repair"],"relics":["Cracked Core","SsserpentHead","Blood Vial","Meat on the Bone","Potion Belt","Inserter","Tiny Chest","War Paint","Bronze Scales","Prayer Wheel","Lantern","Orichalcum","Bottled Lightning","Nuclear Battery","Regal Pillow","Matryoshka","DataDisk","StoneCalendar","Torii"],"potions_floor_usage":[16,16,16,33,33,33,33,50,50,50],"damage_taken":[{"damage":15,"enemies":"Jaw Worm","floor":1,"turns":4},{"damage":0,"enemies":"Cultist","floor":2,"turns":3},{"damage":0,"enemies":"2 Louse","floor":4,"turns":2},{"damage":2,"enemies":"Exordium Thugs","floor":5,"turns":6},{"damage":16,"enemies":"Large Slime","floor":7,"turns":5},{"damage":22,"enemies":"3 Sentries","floor":12,"turns":6},{"damage":0,"enemies":"3 Louse","floor":13,"turns":4},{"damage":0,"enemies":"Exordium Wildlife","floor":14,"turns":3},{"damage":13,"enemies":"Slime Boss","floor":16,"turns":10},{"damage":11,"enemies":"2 Thieves","floor":18,"turns":4},{"damage":0,"enemies":"3 Byrds","floor":21,"turns":5},{"damage":8,"enemies":"Snecko","floor":23,"turns":4},{"damage":9,"enemies":"Snake Plant","floor":28,"turns":3},{"damage":3,"enemies":"Centurion and Healer","floor":30,"turns":7},{"damage":4,"enemies":"Sentry and Sphere","floor":31,"turns":10},{"damage":19,"enemies":"Automaton","floor":33,"turns":11},{"damage":8,"enemies":"Orb Walker","floor":35,"turns":4},{"damage":1,"enemies":"3 Shapes","floor":39,"turns":5},{"damage":6,"enemies":"Maw","floor":42,"turns":8},{"damage":13,"enemies":"Mind Bloom Boss Battle","floor":44,"turns":4},{"damage":0,"enemies":"Transient","floor":45,"turns":5},{"damage":9,"enemies":"4 Shapes","floor":46,"turns":4},{"damage":2,"enemies":"Writhing Mass","floor":48,"turns":7},{"damage":56,"enemies":"Awakened One","floor":50,"turns":10}],"seed_played":"2070248476953362890","potions_obtained":[{"floor":2,"key":"Explosive Potion"},{"floor":4,"key":"AttackPotion"},{"floor":12,"key":"Strength Potion"},{"floor":13,"key":"Weak Potion"},{"floor":18,"key":"Dexterity Potion"},{"floor":23,"key":"LiquidBronze"},{"floor":31,"key":"EssenceOfSteel"},{"floor":35,"key":"Weak Potion"},{"floor":39,"key":"Ancient Potion"},{"floor":44,"key":"FocusPotion"}],"is_trial":false,"path_per_floor":["M","M","?","M","M","R","M","R","T","$","T","E","M","M","R","B",null,"M","$","?","M","$","M","R","T","T","T","M","T","M","M","R","B",null,"M","T","?","$","M","R","?","M","T","?","M","M","R","M","R","B",null],"character_chosen":"DEFECT","items_purchased":["Conserve Battery","FTL","Tiny Chest","Bronze Scales","Matryoshka"],"campfire_rested":2,"item_purchase_floors":[10,19,19,22,38],"current_hp_per_floor":[60,60,60,60,58,58,42,42,42,42,42,34,48,50,50,39,75,64,64,64,66,66,60,60,60,60,60,53,53,52,50,72,55,75,67,67,67,67,68,68,59,55,55,44,46,39,39,39,75,38],"gold":605,"neow_bonus":"REMOVE_CARD","is_prod":false,"is_daily":false,"chose_seed":false,"campfire_upgraded":6,"win_rate":0.0,"timestamp":1565856107,"path_taken":["M","M","?","?","M","R","M","R","T","$","?","E","M","?","R","BOSS","M","$","?","M","$","M","R","?","T","?","M","?","M","M","R","BOSS","M","?","?","$","M","R","?","M","T","?","M","M","R","?","R","BOSS"],"build_version":"2019-07-17","purchased_purges":2,"victory":true,"max_hp_per_floor":[75,75,75,75,75,75,75,75,75,75,75,75,75,75,75,75,75,75,75,75,75,75,75,75,75,75,75,75,75,75,75,75,75,75,75,75,75,75,75,75,75,75,75,75,75,75,75,75,75,75],"card_choices":[{"not_picked":["Compile Driver","Barrage"],"picked":"Lockon","floor":1},{"not_picked":["Rebound","Beam Cell"],"picked":"Cold Snap","floor":2},{"not_picked":["Scrape","Hello World"],"picked":"Darkness","floor":4},{"not_picked":["Steam Power","Sweeping Beam"],"picked":"Turbo","floor":5},{"not_picked":["Cold Snap","Rainbow"],"picked":"Barrage","floor":7},{"not_picked":["Gash","Fusion"],"picked":"Leap","floor":12},{"not_picked":["Turbo","Heatsinks"],"picked":"Beam Cell","floor":13},{"not_picked":["Gash","Static Discharge"],"picked":"Chill","floor":14},{"not_picked":["Echo Form","Amplify"],"picked":"All For One","floor":16},{"not_picked":["Cold Snap+1","Reprogram"],"picked":"Skim","floor":18},{"not_picked":["BootSequence","Beam Cell"],"picked":"Hologram","floor":21},{"not_picked":["Leap","All For One"],"picked":"Defragment","floor":23},{"not_picked":["Cold Snap","Rebound"],"picked":"Coolheaded+1","floor":28},{"not_picked":["Redo","Scrape","Turbo"],"picked":"SKIP","floor":28},{"not_picked":["Redo","Rainbow"],"picked":"Go for the Eyes+1","floor":30},{"not_picked":["Loop","Storm+1"],"picked":"Glacier","floor":30},{"not_picked":["Leap","Genetic Algorithm"],"picked":"Redo+1","floor":31},{"not_picked":["Leap","Redo"],"picked":"Chaos","floor":31},{"not_picked":["Buffer","Multi-Cast"],"picked":"Electrodynamics","floor":33},{"not_picked":["Lockon+1","Sweeping Beam"],"picked":"Aggregate","floor":35},{"not_picked":["Cold Snap","Redo","Hologram"],"picked":"SKIP","floor":35},{"not_picked":["Stack+1","FTL+1"],"picked":"Defragment+1","floor":39},{"not_picked":["Cold Snap","Coolheaded","Stack"],"picked":"SKIP","floor":39},{"not_picked":["Glacier+1","Barrage+1","White Noise"],"picked":"SKIP","floor":42},{"not_picked":["Storm+1","Conserve Battery","Melter"],"picked":"SKIP","floor":42},{"not_picked":["Barrage","Steam Power+1"],"picked":"Hologram+1","floor":44},{"not_picked":["Machine Learning","Cold Snap+1"],"picked":"Rebound+1","floor":45},{"not_picked":["Redo","Gash","Rip and Tear+1"],"picked":"SKIP","floor":45},{"not_picked":["FTL+1","Rebound+1"],"picked":"Go for the Eyes+1","floor":46},{"not_picked":["Genetic Algorithm","Hologram"],"picked":"Chaos+1","floor":46},{"not_picked":["Beam Cell+1","Stack+1"],"picked":"Self Repair","floor":48},{"not_picked":["Stack+1","Coolheaded+1","Turbo"],"picked":"SKIP","floor":48}],"player_experience":160171,"relics_obtained":[{"floor":9,"key":"Blood Vial"},{"floor":11,"key":"Meat on the Bone"},{"floor":12,"key":"Potion Belt"},{"floor":25,"key":"Prayer Wheel"},{"floor":26,"key":"Lantern"},{"floor":27,"key":"Orichalcum"},{"floor":29,"key":"Bottled Lightning"},{"floor":36,"key":"Regal Pillow"},{"floor":43,"key":"DataDisk"},{"floor":43,"key":"StoneCalendar"},{"floor":44,"key":"Torii"}],"event_choices":[{"damage_healed":0,"gold_gain":0,"player_choice":"Trade","damage_taken":0,"relics_obtained":["SsserpentHead"],"max_hp_gain":0,"max_hp_loss":0,"event_name":"FaceTrader","floor":3,"gold_loss":0},{"damage_healed":0,"gold_gain":0,"player_choice":"Obtained Relic","damage_taken":0,"relics_obtained":["War Paint"],"max_hp_gain":0,"max_hp_loss":0,"event_name":"Addict","floor":20,"gold_loss":85},{"cards_removed":["Chaos"],"damage_healed":0,"gold_gain":0,"player_choice":"Removed Skill","damage_taken":0,"max_hp_gain":0,"max_hp_loss":0,"event_name":"Falling","floor":37,"gold_loss":0},{"damage_healed":0,"gold_gain":0,"player_choice":"Embrace Madness","damage_taken":9,"max_hp_gain":0,"max_hp_loss":0,"event_name":"Winding Halls","floor":41,"gold_loss":0,"cards_obtained":["Madness","Madness"]},{"damage_healed":0,"gold_gain":0,"player_choice":"Fight","damage_taken":0,"max_hp_gain":0,"max_hp_loss":0,"event_name":"MindBloom","floor":44,"gold_loss":0}],"is_beta":false,"boss_relics":[{"not_picked":["Orrery","Astrolabe"],"picked":"Inserter"},{"not_picked":["Runic Dome","Velvet Choker"],"picked":"Nuclear Battery"}],"items_purged_floors":[22,38],"is_endless":false,"potions_floor_spawned":[2,4,12,13,18,23,31,35,39,44],"ascension_level":0}