{"gold_per_floor":[119,119,137,150,166,192,192,208,208,208,508,52,52],"floor_reached":13,"playtime":463,"items_purged":["Strike_R"],"score":85,"play_id":"f7bccc1c-7116-4a90-89a8-cf7387e68e8f","local_time":"20190814222123","is_ascension_mode":false,"campfire_choices":[{"data":"Heavy Blade","floor":7,"key":"SMITH"}],"neow_cost":"NONE","seed_source_timestamp":5650626464300,"circlet_count":0,"master_deck":["Strike_R","Strike_R","Strike_R","Strike_R","Defend_R","Defend_R","Defend_R","Defend_R","Bash","Combust","Perfected Strike","Heavy Blade+1","Entrench","Sentinel","Rupture","Disarm","Inflame","Clothesline"],"relics":["Burning Blood","Boot","Shuriken","Letter Opener","Prayer Wheel","Old Coin","Girya"],"potions_floor_usage":[],"damage_taken":[{"damage":13,"enemies":"Jaw Worm","floor":1,"turns":4},{"damage":2,"enemies":"Cultist","floor":3,"turns":2},{"damage":0,"enemies":"2 Louse","floor":4,"turns":2},{"damage":0,"enemies":"Exordium Wildlife","floor":5,"turns":2},{"damage":33,"enemies":"Gremlin Nob","floor":6,"turns":5},{"damage":8,"enemies":"Blue Slaver","floor":8,"turns":4},{"damage":51,"enemies":"Gremlin Gang","floor":13,"turns":3}],"seed_played":"8886324815790951156","potions_obtained":[{"floor":1,"key":"Block Potion"},{"floor":3,"key":"Swift Potion"},{"floor":8,"key":"FearPotion"}],"is_trial":false,"path_per_floor":["M","?","M","M","M","E","R","M","T","T","?","$","M"],"character_chosen":"IRONCLAD","items_purchased":["Inflame","Girya","Clothesline"],"campfire_rested":0,"item_purchase_floors":[12,12,12],"current_hp_per_floor":[73,73,77,80,80,53,53,51,51,51,48,48,0],"gold":52,"neow_bonus":"THREE_CARDS","is_prod":false,"is_daily":false,"chose_seed":false,"campfire_upgraded":1,"win_rate":0,"timestamp":1565792483,"path_taken":["M","?","M","M","?","E","R","?","T","?","?","?","M"],"build_version":"2019-07-17","purchased_purges":1,"victory":false,"max_hp_per_floor":[80,80,80,80,80,80,80,80,80,80,80,80,80],"card_choices":[{"not_picked":["Disarm","Armaments"],"picked":"Combust","floor":0},{"not_picked":["Combust","Searing Blow"],"picked":"Perfected Strike","floor":1},{"not_picked":["Armaments","Anger"],"picked":"Heavy Blade","floor":3},{"not_picked":["Combust","True Grit"],"picked":"Entrench","floor":4},{"not_picked":["Flex","Sword Boomerang"],"picked":"Sentinel","floor":5},{"not_picked":["Clothesline","Ghostly Armor"],"picked":"Rupture","floor":6},{"not_picked":["Cleave","Entrench"],"picked":"Disarm","floor":8}],"player_experience":145412,"relics_obtained":[{"floor":2,"key":"Boot"},{"floor":6,"key":"Shuriken"},{"floor":9,"key":"Letter Opener"},{"floor":10,"key":"Prayer Wheel"}],"event_choices":[{"damage_healed":0,"gold_gain":0,"player_choice":"Relic","damage_taken":0,"max_hp_gain":0,"max_hp_loss":0,"event_name":"Wheel of Change","floor":2,"gold_loss":0},{"damage_healed":0,"gold_gain":0,"player_choice":"Success","damage_taken":3,"relics_obtained":["Old Coin"],"max_hp_gain":0,"max_hp_loss":0,"event_name":"Scrap Ooze","floor":11,"gold_loss":0}],"is_beta":false,"boss_relics":[],"items_purged_floors":[12],"is_endless":false,"potions_floor_spawned":[1,3,8],"killed_by":"Gremlin Gang","ascension_level":0}