{"gold_per_floor":[118,68,68,68,85,114,114,141,168,168,179,104,179,204,204,303,303,314,314,314,17,34,64,64,64,139,159,159,173,188,188,188,292,292,302,302,312,332,84,84,117,117,117,127,140,152,152,106,106],"floor_reached":49,"playtime":1245,"items_purged":["Defend_R","Bite"],"score":603,"play_id":"3cf7fc6d-1aa3-4c2f-a42c-f0f47aafbfd2","local_time":"20190709181049","is_ascension_mode":false,"campfire_choices":[{"data":"Heavy Blade","floor":7.0,"key":"SMITH"},{"data":"Clash","floor":10,"key":"SMITH"},{"floor":15,"key":"REST"},{"floor":25,"key":"REST"},{"floor":28,"key":"REST"},{"floor":32,"key":"REST"},{"floor":40,"key":"REST"},{"floor":42,"key":"REST"},{"floor":47,"key":"REST"},{"floor":49,"key":"DIG"}],"neow_cost":"NONE","seed_source_timestamp":1176522905796960,"circlet_count":0,"master_deck":["Bash","Warcry","Heavy Blade+1","Clash+1","Bloodletting","Pummel","Feed","Twin Strike+1","J.A.X.","Flex","Pummel+1","Whirlwind","Sword Boomerang","Inflame+1","Thunderclap","Bite","Bite","Bite","Bite","Double Tap","Inflame+1","Warcry+1","Blood for Blood+1","Clash+1","Flex"],"special_seed":0,"relics":["Burning Blood","NeowsBlessing","Thread and Needle","Art of War","Red Skull","Pen Nib","Fusion Hammer","Matryoshka","Letter Opener","Lantern","Paper Frog","Frozen Egg 2","Empty Cage","Centennial Puzzle","Bottled Lightning","Bag of Preparation","Shovel","Nunchaku"],"potions_floor_usage":[23,33,41],"damage_taken":[{"damage":0.0,"enemies":"Jaw Worm","floor":1.0,"turns":1.0},{"damage":0.0,"enemies":"Small Slimes","floor":5.0,"turns":1.0},{"damage":0.0,"enemies":"Lagavulin","floor":6.0,"turns":1.0},{"damage":30.0,"enemies":"3 Sentries","floor":8.0,"turns":8.0},{"damage":0,"enemies":"Cultist","floor":11,"turns":2},{"damage":32,"enemies":"Lagavulin","floor":14,"turns":5},{"damage":20,"enemies":"Slime Boss","floor":16,"turns":8},{"damage":6,"enemies":"3 Byrds","floor":18,"turns":5},{"damage":4,"enemies":"Spheric Guardian","floor":22,"turns":3},{"damage":42,"enemies":"Slavers","floor":23,"turns":5},{"damage":14,"enemies":"Centurion and Healer","floor":27,"turns":3},{"damage":27,"enemies":"Shelled Parasite and Fungi","floor":29,"turns":3},{"damage":14,"enemies":"Snecko","floor":30,"turns":4},{"damage":22,"enemies":"Collector","floor":33,"turns":6},{"damage":46,"enemies":"3 Shapes","floor":35,"turns":2},{"damage":16,"enemies":"3 Darklings","floor":37,"turns":3},{"damage":31,"enemies":"Sphere and 2 Shapes","floor":38,"turns":3},{"damage":58,"enemies":"Nemesis","floor":41,"turns":3},{"damage":6,"enemies":"Maw","floor":44,"turns":2},{"damage":10,"enemies":"3 Darklings","floor":45,"turns":2},{"damage":18,"enemies":"4 Shapes","floor":46,"turns":2}],"seed_played":"-3569126145513403844","potions_obtained":[{"floor":1.0,"key":"EntropicBrew"},{"floor":5.0,"key":"SteroidPotion"},{"floor":22,"key":"SneckoOil"},{"floor":30,"key":"Swift Potion"},{"floor":35,"key":"EssenceOfSteel"},{"floor":36,"key":"Fire Potion"},{"floor":36,"key":"Regen Potion"},{"floor":38,"key":"Strength Potion"}],"is_trial":false,"path_per_floor":["M","?","?","T","M","E","R","E","T","R","M","$","?","E","R","B",null,"M","?","?","$","M","E","?","R","T","M","R","M","M","?","R","B",null,"M","?","M","M","$","R","E","R","T","M","M","M","R","$","R"],"character_chosen":"IRONCLAD","items_purchased":["Flex","Matryoshka","Centennial Puzzle","Flex"],"campfire_rested":7,"item_purchase_floors":[21,21,39,48],"current_hp_per_floor":[80,80,80,80,80,80,80,56,56,56,64,64,53,29,53,41,80,83,83,83,83,83,47,47,71,71,68,86,68,62,62,88,84,89,52,52,48,30,30,57,16,43,43,45,45,40,68,68,68],"gold":106,"neow_bonus":"THREE_ENEMY_KILL","is_prod":false,"is_daily":false,"chose_seed":false,"campfire_upgraded":2,"win_rate":0,"timestamp":1562721049,"path_taken":["M","?","?","?","M","E","R","E","T","R","?","$","?","E","R","BOSS","M","?","?","?","M","E","?","R","T","M","R","M","M","?","R","BOSS","M","?","M","?","$","R","E","R","T","M","M","M","R","$","R"],"build_version":"2019-07-05","purchased_purges":2,"victory":false,"max_hp_per_floor":[80,80,80,80,80,80,80,80,80,80,80,80,80,80,80,80,80,83,83,83,83,83,83,83,83,83,86,86,89,89,89,89,89,89,89,89,89,92,92,92,92,92,92,92,92,95,95,95,95],"card_choices":[{"not_picked":["Searing Blow","Iron Wave"],"picked":"Warcry","floor":1.0},{"not_picked":["Havoc","Headbutt"],"picked":"Heavy Blade","floor":5.0},{"not_picked":["Havoc","Feed"],"picked":"Clash","floor":6.0},{"not_picked":["Iron Wave","Armaments","Perfected Strike"],"picked":"SKIP","floor":8.0},{"not_picked":["Corruption","Pommel Strike"],"picked":"Bloodletting","floor":11},{"not_picked":["Sentinel","Thunderclap"],"picked":"Pummel","floor":14},{"not_picked":["Berserk","Exhume"],"picked":"Feed","floor":16},{"not_picked":["Burning Pact","Carnage+1"],"picked":"Twin Strike+1","floor":18},{"not_picked":["Pommel Strike+1","Wild Strike"],"picked":"Pummel+1","floor":22},{"not_picked":["Rupture","Heavy Blade+1"],"picked":"Whirlwind","floor":23},{"not_picked":["Entrench","Rampage"],"picked":"Sword Boomerang","floor":27},{"not_picked":["Second Wind","Fire Breathing+1"],"picked":"Inflame+1","floor":29},{"not_picked":["Anger+1","Evolve+1"],"picked":"Thunderclap","floor":30},{"not_picked":["Bludgeon","Juggernaut+1"],"picked":"Double Tap","floor":33},{"not_picked":["Havoc+1","Anger","Carnage+1"],"picked":"SKIP","floor":35},{"not_picked":["Heavy Blade+1","Sword Boomerang"],"picked":"Inflame+1","floor":37},{"not_picked":["Cleave+1","Corruption+1","Entrench+1"],"picked":"SKIP","floor":38},{"not_picked":["Twin Strike+1","Exhume"],"picked":"Warcry+1","floor":41},{"not_picked":["Sentinel","Headbutt"],"picked":"Blood for Blood+1","floor":44},{"not_picked":["True Grit","Wild Strike","Anger"],"picked":"SKIP","floor":45},{"not_picked":["Carnage","Havoc+1"],"picked":"Clash+1","floor":46}],"player_experience":1432039,"relics_obtained":[{"floor":4.0,"key":"Thread and Needle"},{"floor":6.0,"key":"Art of War"},{"floor":8.0,"key":"Blood Vial"},{"floor":9.0,"key":"Red Skull"},{"floor":14,"key":"Pen Nib"},{"floor":23,"key":"Letter Opener"},{"floor":26,"key":"Paper Frog"},{"floor":26,"key":"Frozen Egg 2"},{"floor":41,"key":"Bottled Lightning"},{"floor":43,"key":"Bag of Preparation"},{"floor":43,"key":"Shovel"},{"floor":49,"key":"Nunchaku"}],"event_choices":[{"cards_removed":["Defend_R"],"damage_healed":0.0,"max_hp_gain":0.0,"max_hp_loss":0.0,"gold_gain":0.0,"event_name":"The Cleric","player_choice":"Card Removal","floor":2.0,"gold_loss":50.0,"damage_taken":0.0},{"damage_healed":0.0,"max_hp_gain":0.0,"max_hp_loss":0.0,"gold_gain":0.0,"event_name":"Liars Game","player_choice":"Ignored","floor":3.0,"gold_loss":0.0,"damage_taken":0.0},{"damage_healed":0,"gold_gain":75,"player_choice":"Gather Gold","damage_taken":11,"max_hp_gain":0,"max_hp_loss":0,"event_name":"World of Goop","floor":13,"gold_loss":0},{"damage_healed":0,"gold_gain":0,"player_choice":"Ignored","damage_taken":0,"max_hp_gain":0,"max_hp_loss":0,"event_name":"Ghosts","floor":19,"gold_loss":0},{"damage_healed":0,"gold_gain":0,"player_choice":"Obtain J.A.X.","damage_taken":0,"max_hp_gain":0,"max_hp_loss":0,"event_name":"Drug Dealer","floor":20,"gold_loss":0,"cards_obtained":["J.A.X."]},{"damage_healed":0,"gold_gain":0,"player_choice":"Opened","damage_taken":0,"relics_obtained":["Lantern"],"max_hp_gain":0,"max_hp_loss":0,"event_name":"The Mausoleum","floor":24,"gold_loss":0},{"damage_healed":0,"gold_gain":0,"player_choice":"Became a vampire (Vial)","damage_taken":0,"max_hp_gain":0,"max_hp_loss":0,"event_name":"Vampires","floor":31,"relics_lost":["Blood Vial"],"gold_loss":0,"cards_obtained":["Bite","Bite","Bite","Bite","Bite"]},{"damage_healed":0,"gold_gain":0,"player_choice":"Got Potions","damage_taken":0,"max_hp_gain":0,"max_hp_loss":0,"event_name":"Lab","floor":36,"gold_loss":0}],"is_beta":false,"boss_relics":[{"not_picked":["White Beast Statue","Coffee Dripper"],"picked":"Fusion Hammer"},{"not_picked":["Black Blood","Tiny House"],"picked":"Empty Cage"}],"items_purged_floors":[12,39],"is_endless":false,"potions_floor_spawned":[1,5,22,30,35,38],"ascension_level":0}