{"gold_per_floor":[115,126,51,71,87,87,98,98,122,139,159,159],"floor_reached":12,"playtime":988,"items_purged":["Strike_G"],"score":78,"play_id":"a5ff0c1c-33c4-48ff-b291-061d74be6e89","local_time":"20190603192701","is_ascension_mode":true,"campfire_choices":[{"data":"Neutralize","floor":6,"key":"SMITH"},{"data":"Unload","floor":8,"key":"SMITH"}],"neow_cost":"NONE","seed_source_timestamp":768659176631616,"circlet_count":0,"master_deck":["Defend_G","Defend_G","Defend_G","Defend_G","Defend_G","Strike_G","Strike_G","Strike_G","Strike_G","Survivor","Neutralize+1","Unload+1","Reflex","Dodge and Roll","PiercingWail","Calculated Gamble","Adrenaline"],"special_seed":0,"relics":["Ring of the Snake","Snake Skull"],"potions_floor_usage":[5,10],"damage_taken":[{"damage":0.0,"enemies":"Cultist","floor":1.0,"turns":3.0},{"damage":0.0,"enemies":"Small Slimes","floor":2.0,"turns":3.0},{"damage":0.0,"enemies":"Jaw Worm","floor":4.0,"turns":4.0},{"damage":3,"enemies":"Exordium Wildlife","floor":5,"turns":3},{"damage":10,"enemies":"Looter","floor":7,"turns":3},{"damage":24,"enemies":"Exordium Thugs","floor":10,"turns":5},{"damage":9,"enemies":"Lots of Slimes","floor":11,"turns":5},{"damage":37,"enemies":"Lagavulin","floor":12,"turns":6}],"seed_played":"5456813590770526448","potions_obtained":[{"floor":2.0,"key":"AttackPotion"},{"floor":5,"key":"LiquidBronze"},{"floor":7,"key":"SpeedPotion"}],"is_trial":false,"path_per_floor":["M","M","$","M","M","R","M","R","T","M","M","E"],"character_chosen":"THE_SILENT","items_purchased":[],"campfire_rested":0,"item_purchase_floors":[],"current_hp_per_floor":[70,70,70,70,67,67,57,57,57,33,24,0],"gold":159,"neow_bonus":"ONE_RANDOM_RARE_CARD","is_prod":false,"is_daily":false,"chose_seed":false,"campfire_upgraded":2,"win_rate":0,"timestamp":1559604421,"path_taken":["M","?","?","?","M","R","M","R","T","M","?","E"],"build_version":"2019-01-23","purchased_purges":1,"victory":false,"max_hp_per_floor":[70,70,70,70,70,70,70,70,70,70,70,70],"card_choices":[{"not_picked":["Slice","Prepared","Skewer"],"picked":"SKIP","floor":1.0},{"not_picked":["Quick Slash","All Out Attack"],"picked":"Reflex","floor":2.0},{"not_picked":["Prepared","Deflect"],"picked":"Dodge and Roll","floor":4.0},{"not_picked":["Bane","Deflect"],"picked":"PiercingWail","floor":5},{"not_picked":["Sucker Punch","Masterful Stab","Poisoned Stab"],"picked":"SKIP","floor":7},{"not_picked":["Riddle With Holes","Slice"],"picked":"Calculated Gamble","floor":10},{"not_picked":["Predator","Poisoned Stab"],"picked":"Adrenaline","floor":11}],"player_experience":68959,"relics_obtained":[{"floor":9,"key":"Snake Skull"}],"event_choices":[],"is_beta":false,"boss_relics":[],"items_purged_floors":[3],"is_endless":false,"potions_floor_spawned":[2,5,7],"killed_by":"Lagavulin","ascension_level":1}