{"gold_per_floor":[112,37,55,69,69,103,122,139,164,193,193,40,115,132,132,234,234,234,234,234,234,234,234,234,92,92,92,92,92,92,92,92,92,92,92,92,92],"floor_reached":37,"playtime":4173,"items_purged":["Strike_R"],"score":710,"play_id":"41bdf4ae-8bd7-403f-8411-708d91108681","local_time":"20180926083151","is_ascension_mode":true,"campfire_choices":[{"data":"Armaments","floor":11,"key":"SMITH"},{"floor":15,"key":"REST"},{"data":"Offering","floor":23,"key":"SMITH"},{"floor":27,"key":"REST"},{"data":"Body Slam","floor":30,"key":"SMITH"},{"floor":32,"key":"REST"}],"neow_cost":"TEN_PERCENT_HP_LOSS","seed_source_timestamp":582549408509959,"circlet_count":0,"master_deck":["Strike_R","Strike_R","Strike_R","Strike_R","Defend_R","Defend_R","Defend_R","Defend_R","Bash","AscendersBane","Iron Wave","Iron Wave","Armaments+1","Body Slam+1","Metallicize","Reaper","Offering+1","Rupture","Combust","Iron Wave","Shrug It Off","Barricade","True Grit+1","Anger+1","Berserk","Dual Wield","Armaments","Shockwave"],"relics":["Burning Blood","Ice Cream","Gremlin Horn","Bag of Marbles","PreservedInsect","Oddly Smooth Stone","Ectoplasm","Unceasing Top","Happy Flower","Potion Belt","Orrery"],"potions_floor_usage":[16,16,16,29,31,31,33],"damage_taken":[{"damage":0,"enemies":"Small Slimes","floor":1,"turns":3},{"damage":4,"enemies":"2 Louse","floor":3,"turns":4},{"damage":9,"enemies":"Jaw Worm","floor":4,"turns":4},{"damage":30,"enemies":"Lagavulin","floor":6,"turns":9},{"damage":6,"enemies":"Lots of Slimes","floor":7,"turns":5},{"damage":4,"enemies":"Blue Slaver","floor":8,"turns":4},{"damage":15,"enemies":"3 Sentries","floor":10,"turns":9},{"damage":2,"enemies":"3 Louse","floor":14,"turns":3},{"damage":58,"enemies":"Slime Boss","floor":16,"turns":16},{"damage":19,"enemies":"Spheric Guardian","floor":18,"turns":4},{"damage":6,"enemies":"3 Byrds","floor":19,"turns":6},{"damage":12,"enemies":"Centurion and Healer","floor":20,"turns":7},{"damage":32,"enemies":"Cultist and Chosen","floor":21,"turns":7},{"damage":20,"enemies":"3 Cultists","floor":24,"turns":4},{"damage":26,"enemies":"Snake Plant","floor":28,"turns":6},{"damage":19,"enemies":"Gremlin Leader","floor":29,"turns":7},{"damage":39,"enemies":"Slavers","floor":31,"turns":5},{"damage":14,"enemies":"Automaton","floor":33,"turns":10},{"damage":22,"enemies":"Orb Walker","floor":35,"turns":5},{"damage":50,"enemies":"3 Shapes","floor":36,"turns":6},{"damage":57,"enemies":"Transient","floor":37,"turns":4}],"seed_played":"2904330145192209471","potions_obtained":[{"floor":3,"key":"Swift Potion"},{"floor":6,"key":"LiquidBronze"},{"floor":8,"key":"Dexterity Potion"},{"floor":19,"key":"EssenceOfSteel"},{"floor":24,"key":"Weak Potion"},{"floor":28,"key":"Swift Potion"},{"floor":29,"key":"Energy Potion"},{"floor":36,"key":"Strength Potion"}],"is_trial":false,"path_per_floor":["M","$","M","M","?","E","M","M","T","E","R","$","?","M","R","B",null,"M","M","M","M","?","R","M","$","T","R","M","E","R","E","R","B",null,"M","M"],"character_chosen":"IRONCLAD","items_purchased":["Oddly Smooth Stone","Barricade"],"campfire_rested":3,"item_purchase_floors":[12,25],"current_hp_per_floor":[72,72,72,69,69,45,45,47,47,38,38,38,27,31,52,10,57,48,57,63,42,42,42,40,40,40,61,50,41,41,26,47,46,66,50,24,0],"gold":92,"neow_bonus":"ONE_RARE_RELIC","is_prod":false,"is_daily":false,"chose_seed":false,"campfire_upgraded":3,"win_rate":0,"timestamp":1537975911,"path_taken":["M","$","M","M","?","E","M","?","T","E","R","$","?","M","R","BOSS","M","M","M","?","?","R","M","$","T","R","M","E","R","E","R","BOSS","M","M","M"],"build_version":"2018-09-20","purchased_purges":1,"victory":false,"max_hp_per_floor":[72,72,72,72,72,72,72,72,72,72,72,72,72,72,72,72,72,72,72,72,72,72,72,72,72,72,72,72,72,72,72,72,72,72,72,72,72],"card_choices":[{"not_picked":["Wild Strike","Headbutt"],"picked":"Iron Wave","floor":1},{"not_picked":["Rampage","Power Through"],"picked":"Iron Wave","floor":3},{"not_picked":["Heavy Blade","Wild Strike"],"picked":"Armaments","floor":4},{"not_picked":["Headbutt","Sword Boomerang","Brutality"],"picked":"SKIP","floor":6},{"not_picked":["Pommel Strike","Anger","True Grit"],"picked":"SKIP","floor":7},{"not_picked":["Power Through","Burning Pact"],"picked":"Body Slam","floor":8},{"not_picked":["Body Slam","Wild Strike"],"picked":"Metallicize","floor":10},{"not_picked":["Rage","Pommel Strike"],"picked":"Reaper","floor":14},{"not_picked":["Reaper","Berserk"],"picked":"Offering","floor":16},{"not_picked":["Uppercut","True Grit"],"picked":"Rupture","floor":18},{"not_picked":["Dropkick","Havoc"],"picked":"Combust","floor":19},{"not_picked":["Warcry+1","Thunderclap","Rage"],"picked":"SKIP","floor":20},{"not_picked":["Thunderclap+1","Perfected Strike+1"],"picked":"Iron Wave","floor":21},{"not_picked":["Shockwave","Whirlwind"],"picked":"Shrug It Off","floor":24},{"not_picked":["Clash+1","Battle Trance","Inflame"],"picked":"SKIP","floor":28},{"not_picked":["Cleave","Clash"],"picked":"True Grit+1","floor":29},{"not_picked":["Impervious","Shockwave"],"picked":"Anger+1","floor":31},{"not_picked":["Double Tap","Dark Embrace"],"picked":"Berserk","floor":33},{"not_picked":["Pommel Strike","Heavy Blade"],"picked":"Dual Wield","floor":34},{"not_picked":["Wild Strike+1","Clash"],"picked":"Armaments","floor":34},{"not_picked":["Clothesline+1","Thunderclap"],"picked":"Shockwave","floor":34},{"not_picked":["Reaper","Clothesline+1","Twin Strike+1"],"picked":"SKIP","floor":35},{"not_picked":["Infernal Blade","Havoc","Twin Strike+1"],"picked":"SKIP","floor":36}],"player_experience":845407,"relics_obtained":[{"floor":6,"key":"Gremlin Horn"},{"floor":9,"key":"Bag of Marbles"},{"floor":10,"key":"PreservedInsect"},{"floor":26,"key":"Unceasing Top"},{"floor":29,"key":"Happy Flower"},{"floor":31,"key":"Potion Belt"}],"event_choices":[{"event_name":"Liars Game","player_choice":"disagreed","floor":5,"damage_taken":0},{"event_name":"World of Goop","player_choice":"Gather Gold","floor":13,"damage_taken":0},{"event_name":"Golden Shrine","player_choice":"Pray","floor":22,"damage_taken":0}],"is_beta":false,"boss_relics":[{"not_picked":["Astrolabe","Black Blood"],"picked":"Ectoplasm"},{"not_picked":["Fusion Hammer","Snecko Eye"],"picked":"Orrery"}],"items_purged_floors":[2],"is_endless":false,"potions_floor_spawned":[3,6,8,10,19,24,28,29,36],"killed_by":"Transient","ascension_level":10}