{"gold_per_floor":[114,129,144,219,234,264,264,279,304,334,34,34,34,49,49,149,149,164,164,114,114,19,49,49,64,139,154,184,199,199,214,214,314,314,329,129,129,144,159,159,189,204,229,259,259,274,289,289,289,289],"floor_reached":51,"playtime":4922,"items_purged":["Survivor","Defend_G","Strike_G","Defend_G"],"score":886,"play_id":"fca0553d-801f-47ef-af1f-880d4bff9636","local_time":"20190401165733","daily_mods":["Specialized","Time Dilation","Lethality"],"is_ascension_mode":false,"campfire_choices":[{"data":"After Image","floor":7.0,"key":"SMITH"},{"data":"Infinite Blades","floor":12.0,"key":"SMITH"},{"floor":15.0,"key":"REST"},{"data":"Well Laid Plans","floor":24.0,"key":"SMITH"},{"floor":30.0,"key":"REST"},{"floor":32.0,"key":"REST"},{"data":"Envenom","floor":40,"key":"SMITH"},{"data":"Neutralize","floor":45,"key":"SMITH"},{"data":"Storm of Steel","floor":49,"key":"SMITH"}],"neow_cost":"","seed_source_timestamp":0,"circlet_count":0,"master_deck":["Defend_G","Defend_G+1","Defend_G","Strike_G","Strike_G","Neutralize+1","Storm of Steel+1","Storm of Steel","Storm of Steel","Storm of Steel","Storm of Steel","Dodge and Roll","PiercingWail","Deflect","After Image+1","Well Laid Plans+1","Infinite Blades+1","Burst+1","Backflip","Ghostly","Ghostly","Ghostly","Ghostly","Ghostly","Acrobatics","Backstab+1","Accuracy+1","Endless Agony+1","Envenom+1","Accuracy+1","Finisher+1","Cloak And Dagger+1","Venomology","Acrobatics+1","Terror","Accuracy+1"],"special_seed":17987,"relics":["Ring of the Serpent","Bag of Marbles","Vajra","Smiling Mask","Kunai","Blood Vial","Molten Egg 2","Thread and Needle","Runic Dome","War Paint","Bottled Flame","Potion Belt","Ornamental Fan"],"potions_floor_usage":[47,48,50,50,50,50,50],"damage_taken":[{"damage":4.0,"enemies":"Small Slimes","floor":1.0,"turns":2.0},{"damage":0.0,"enemies":"2 Louse","floor":2.0,"turns":1.0},{"damage":0.0,"enemies":"Jaw Worm","floor":3.0,"turns":1.0},{"damage":11.0,"enemies":"Blue Slaver","floor":5.0,"turns":2.0},{"damage":0.0,"enemies":"Gremlin Nob","floor":6.0,"turns":2.0},{"damage":1.0,"enemies":"Red Slaver","floor":8.0,"turns":2.0},{"damage":6.0,"enemies":"3 Sentries","floor":10.0,"turns":4.0},{"damage":0.0,"enemies":"Exordium Thugs","floor":14.0,"turns":3.0},{"damage":1.0,"enemies":"Hexaghost","floor":16.0,"turns":4.0},{"damage":7.0,"enemies":"Shell Parasite","floor":18.0,"turns":3.0},{"damage":5.0,"enemies":"Book of Stabbing","floor":23.0,"turns":4.0},{"damage":2.0,"enemies":"Spheric Guardian","floor":25.0,"turns":4.0},{"damage":6.0,"enemies":"Cultist and Chosen","floor":27.0,"turns":4.0},{"damage":13.0,"enemies":"Slavers","floor":28.0,"turns":4.0},{"damage":6.0,"enemies":"Centurion and Healer","floor":29.0,"turns":3.0},{"damage":0.0,"enemies":"Snake Plant","floor":31.0,"turns":3.0},{"damage":0.0,"enemies":"Automaton","floor":33.0,"turns":7.0},{"damage":0.0,"enemies":"Orb Walker","floor":35.0,"turns":2.0},{"damage":3.0,"enemies":"3 Darklings","floor":38.0,"turns":3.0},{"damage":2.0,"enemies":"4 Shapes","floor":39.0,"turns":3.0},{"damage":7,"enemies":"Nemesis","floor":41,"turns":5},{"damage":0,"enemies":"Maw","floor":42,"turns":5},{"damage":0,"enemies":"Giant Head","floor":44,"turns":6},{"damage":1,"enemies":"Sphere and 2 Shapes","floor":46,"turns":3},{"damage":0,"enemies":"4 Shapes","floor":47,"turns":4},{"damage":0,"enemies":"Transient","floor":48,"turns":5},{"damage":5,"enemies":"Donu and Deca","floor":50,"turns":7}],"seed_played":"944917058842759055","potions_obtained":[{"floor":1.0,"key":"AttackPotion"},{"floor":2.0,"key":"Strength Potion"},{"floor":8.0,"key":"Poison Potion"},{"floor":14.0,"key":"Swift Potion"},{"floor":18.0,"key":"SteroidPotion"},{"floor":25.0,"key":"FearPotion"},{"floor":31.0,"key":"AttackPotion"},{"floor":33.0,"key":"LiquidBronze"},{"floor":39.0,"key":"SteroidPotion"}],"is_trial":false,"path_per_floor":["M","M","M","?","M","E","R","M","T","E","$","R","?","M","R","B",null,"M","?","$","?","$","E","R","M","T","M","E","M","R","M","R","B",null,"M","$","?","M","M","R","E","M","T","E","R","M","M","M","R","B",null],"character_chosen":"THE_SILENT","items_purchased":["Kunai","Acrobatics","War Paint"],"campfire_rested":3,"item_purchase_floors":[11,22,36],"current_hp_per_floor":[66,66,66,55,44,44,44,43,43,37,37,37,30,30,51,50,70,63,35,35,31,31,26,26,26,26,22,11,7,19,21,33,35,40,40,40,40,37,37,37,32,34,34,36,36,37,39,40,40,35],"gold":289,"neow_bonus":"","is_prod":false,"is_daily":true,"chose_seed":false,"campfire_upgraded":6,"win_rate":0,"timestamp":1554134253,"path_taken":["M","M","M","?","M","E","R","M","T","E","$","R","?","M","R","BOSS","M","?","$","?","?","E","R","M","T","M","E","M","R","M","R","BOSS","M","$","?","M","M","R","E","?","T","E","R","M","M","M","R","BOSS"],"build_version":"2019-03-15","purchased_purges":4,"victory":true,"max_hp_per_floor":[70,70,70,70,70,70,70,70,70,70,70,70,70,70,70,70,70,70,35,35,40,40,40,40,40,40,40,40,40,40,40,40,40,40,40,40,40,40,40,40,40,40,40,40,40,40,40,40,40,40],"card_choices":[{"not_picked":["Crippling Poison","Distraction"],"picked":"Dodge and Roll","floor":1.0},{"not_picked":["Dagger Throw","Dash","Flechettes"],"picked":"SKIP","floor":2.0},{"not_picked":["Catalyst","Prepared"],"picked":"PiercingWail","floor":3.0},{"not_picked":["Prepared","Flechettes"],"picked":"Deflect","floor":5.0},{"not_picked":["Slice","Underhanded Strike"],"picked":"After Image","floor":6.0},{"not_picked":["Dagger Spray","Dash"],"picked":"Well Laid Plans","floor":8.0},{"not_picked":["Terror","Sucker Punch"],"picked":"Infinite Blades","floor":10.0},{"not_picked":["Slice","Deadly Poison","Tactician"],"picked":"SKIP","floor":14.0},{"not_picked":["Bullet Time","Grand Finale"],"picked":"Burst","floor":16.0},{"not_picked":["Dodge and Roll+1","Reflex"],"picked":"Backflip","floor":18.0},{"not_picked":["Slice","Night Terror","Heel Hook"],"picked":"SKIP","floor":23.0},{"not_picked":["Prepared+1","Flying Knee","Deadly Poison"],"picked":"SKIP","floor":25.0},{"not_picked":["Bane+1","Deadly Poison"],"picked":"Backstab+1","floor":27.0},{"not_picked":["Cloak And Dagger","Skewer+1","Heel Hook+1"],"picked":"SKIP","floor":28.0},{"not_picked":["Underhanded Strike+1","Blur"],"picked":"Accuracy+1","floor":29.0},{"not_picked":["Sucker Punch+1","Deadly Poison"],"picked":"Endless Agony+1","floor":31.0},{"not_picked":["After Image","Doppelganger"],"picked":"Envenom","floor":33.0},{"not_picked":["Prepared","Dagger Spray+1"],"picked":"Accuracy+1","floor":35.0},{"not_picked":["Bouncing Flask+1","Expertise"],"picked":"Cloak And Dagger+1","floor":38.0},{"not_picked":["Bane+1","Flying Knee+1","Poisoned Stab+1"],"picked":"SKIP","floor":39.0},{"not_picked":["Caltrops","Prepared+1","Footwork"],"picked":"SKIP","floor":41},{"not_picked":["Crippling Poison+1","Deadly Poison"],"picked":"Venomology","floor":42},{"not_picked":["Sucker Punch+1","Quick Slash+1"],"picked":"Acrobatics+1","floor":44},{"not_picked":["Prepared+1","Flechettes+1"],"picked":"Terror","floor":46},{"not_picked":["Flechettes+1","Sucker Punch+1","Underhanded Strike+1"],"picked":"SKIP","floor":47},{"not_picked":["Setup","Deflect+1"],"picked":"Accuracy+1","floor":48}],"player_experience":253075,"relics_obtained":[{"floor":6.0,"key":"Bag of Marbles"},{"floor":9.0,"key":"Vajra"},{"floor":10.0,"key":"Smiling Mask"},{"floor":23.0,"key":"Blood Vial"},{"floor":26.0,"key":"Molten Egg 2"},{"floor":28.0,"key":"Thread and Needle"},{"floor":41,"key":"Bottled Flame"},{"floor":43,"key":"Potion Belt"},{"floor":44,"key":"Ornamental Fan"}],"event_choices":[{"damage_healed":0.0,"max_hp_gain":0.0,"max_hp_loss":0.0,"gold_gain":75.0,"event_name":"World of Goop","player_choice":"Gather Gold","floor":4.0,"gold_loss":0.0,"damage_taken":11.0},{"cards_removed":["Strike_G"],"damage_healed":0.0,"max_hp_gain":0.0,"max_hp_loss":0.0,"gold_gain":0.0,"event_name":"Golden Wing","player_choice":"Card Removal","floor":13.0,"gold_loss":0.0,"damage_taken":7.0},{"damage_healed":0.0,"max_hp_gain":0.0,"max_hp_loss":35.0,"gold_gain":0.0,"event_name":"Ghosts","player_choice":"Became a Ghost","floor":19.0,"gold_loss":0.0,"damage_taken":0.0,"cards_obtained":["Ghostly","Ghostly","Ghostly","Ghostly","Ghostly"]},{"damage_healed":0.0,"max_hp_gain":5.0,"max_hp_loss":0.0,"gold_gain":0.0,"event_name":"Forgotten Altar","player_choice":"Shed Blood","floor":21.0,"gold_loss":0.0,"damage_taken":9.0},{"damage_healed":0.0,"max_hp_gain":0.0,"max_hp_loss":0.0,"gold_gain":0.0,"cards_transformed":["Strike_G"],"event_name":"Transmorgrifier","player_choice":"Transformed","floor":37.0,"gold_loss":0.0,"damage_taken":0.0,"cards_obtained":["Finisher"]}],"is_beta":true,"boss_relics":[{"not_picked":["Orrery","Empty Cage"],"picked":"Ring of the Serpent"},{"not_picked":["Fusion Hammer","Sozu"],"picked":"Runic Dome"}],"items_purged_floors":[11,20,22,36],"is_endless":false,"potions_floor_spawned":[1,2,8,14,18,25,31,33,39,42,46,47],"ascension_level":0}