{"gold_per_floor":[114,133,133,144,154,154,154,154,154,53,53,53,84,99,99,170,170,181,181,181,199,17,17,42,60,87,87],"floor_reached":27,"playtime":1682,"items_purged":["Defend_B","Strike_B"],"score":450,"play_id":"30cd6715-e8f9-47c4-9e77-0862d060655f","local_time":"20190711172837","is_ascension_mode":true,"campfire_choices":[{"data":"Deep Breath","floor":6,"key":"SMITH"},{"data":"Hologram","floor":8,"key":"SMITH"},{"data":"Zap","floor":12,"key":"SMITH"},{"data":"Beam Cell","floor":15,"key":"SMITH"},{"data":"Dualcast","floor":23,"key":"SMITH"}],"neow_cost":"NONE","seed_source_timestamp":1266346109443870,"circlet_count":0,"master_deck":["AscendersBane","Strike_B","Strike_B","Defend_B","Defend_B","Defend_B","Zap+1","Dualcast+1","Deep Breath+1","Sweeping Beam","Hologram+1","Turbo","BootSequence","Steam+1","Parasite","Beam Cell+1","Gash","J.A.X.+1","Turbo+1","Gash","Finesse+1","Redo+1","Beam Cell"],"relics":["Cracked Core","Letter Opener","Pantograph","Toxic Egg 2","The Courier","Lizard Tail","Boot","Oddly Smooth Stone"],"potions_floor_usage":[16,16],"damage_taken":[{"damage":0,"enemies":"Small Slimes","floor":1,"turns":3},{"damage":4,"enemies":"Jaw Worm","floor":2,"turns":3},{"damage":4,"enemies":"2 Louse","floor":4,"turns":2},{"damage":0,"enemies":"2 Fungi Beasts","floor":5,"turns":2},{"damage":20,"enemies":"Lagavulin","floor":13,"turns":6},{"damage":0,"enemies":"3 Louse","floor":14,"turns":1},{"damage":14,"enemies":"The Guardian","floor":16,"turns":10},{"damage":6,"enemies":"3 Byrds","floor":18,"turns":4},{"damage":15,"enemies":"2 Thieves","floor":21,"turns":3},{"damage":34,"enemies":"Gremlin Leader","floor":24,"turns":5},{"damage":55,"enemies":"Sentry and Sphere","floor":25,"turns":7},{"damage":7,"enemies":"3 Cultists","floor":27,"turns":2}],"seed_played":"4792697204112815852","potions_obtained":[{"floor":4,"key":"Strength Potion"},{"floor":13,"key":"Poison Potion"},{"floor":18,"key":"Dexterity Potion"}],"is_trial":false,"path_per_floor":["M","M","?","M","M","R","T","R","T","$","?","R","E","M","R","B",null,"M","?","?","M","$","R","E","M","T","M"],"character_chosen":"DEFECT","items_purchased":["Steam+1","Gash","Finesse+1"],"campfire_rested":0,"item_purchase_floors":[10,22,22],"current_hp_per_floor":[64,60,49,45,45,45,45,45,45,45,62,62,42,42,42,53,67,61,61,61,46,46,46,12,2,2,0],"gold":87,"neow_bonus":"RANDOM_COLORLESS","is_prod":false,"is_daily":false,"chose_seed":false,"campfire_upgraded":5,"win_rate":0,"timestamp":1562891317,"path_taken":["M","M","?","M","M","R","?","R","T","$","?","R","E","M","R","BOSS","M","?","?","M","$","R","E","M","T","M"],"build_version":"2019-07-05","purchased_purges":2,"victory":false,"max_hp_per_floor":[71,71,71,71,71,71,71,71,71,71,71,71,71,71,71,71,71,71,71,71,71,71,71,71,71,71,71],"card_choices":[{"not_picked":["Rebound","Conserve Battery"],"picked":"Sweeping Beam","floor":1},{"not_picked":["Cold Snap","Conserve Battery"],"picked":"Hologram","floor":2},{"not_picked":["Genetic Algorithm","Hello World"],"picked":"Turbo","floor":4},{"not_picked":["Hello World","Redo"],"picked":"BootSequence","floor":5},{"not_picked":["Auto Shields+1","Storm"],"picked":"Beam Cell","floor":13},{"not_picked":["Stack+1","Electrodynamics","Ball Lightning"],"picked":"SKIP","floor":14},{"not_picked":["Beam Cell+1","Go for the Eyes"],"picked":"Gash","floor":18},{"not_picked":["Stack+1","Glacier+1"],"picked":"Turbo+1","floor":21},{"not_picked":["Biased Cognition","Reinforced Body+1"],"picked":"Redo+1","floor":24},{"not_picked":["Stack+1","Conserve Battery+1"],"picked":"Beam Cell","floor":25}],"player_experience":1437013,"relics_obtained":[{"floor":7,"key":"Pantograph"},{"floor":9,"key":"Toxic Egg 2"},{"floor":13,"key":"The Courier"},{"floor":24,"key":"Boot"},{"floor":26,"key":"Oddly Smooth Stone"}],"event_choices":[{"damage_healed":0,"gold_gain":0,"player_choice":"Success","damage_taken":11,"relics_obtained":["Letter Opener"],"max_hp_gain":0,"max_hp_loss":0,"event_name":"Scrap Ooze","floor":3,"gold_loss":0},{"damage_healed":17,"gold_gain":0,"player_choice":"Healed and dodged fight","damage_taken":0,"max_hp_gain":0,"max_hp_loss":0,"event_name":"Mushrooms","floor":11,"gold_loss":0,"cards_obtained":["Parasite"]},{"damage_healed":0,"gold_gain":0,"player_choice":"Obtain J.A.X.","damage_taken":0,"max_hp_gain":0,"max_hp_loss":0,"event_name":"Drug Dealer","floor":19,"gold_loss":0,"cards_obtained":["J.A.X."]},{"cards_removed":["Strike_B"],"damage_healed":0,"gold_gain":0,"player_choice":"Elegance","damage_taken":0,"max_hp_gain":0,"max_hp_loss":0,"event_name":"Back to Basics","floor":20,"gold_loss":0}],"is_beta":false,"boss_relics":[{"not_picked":["Busted Crown","Inserter"],"picked":"Lizard Tail"}],"items_purged_floors":[10,22],"is_endless":false,"potions_floor_spawned":[4,13,18],"killed_by":"3 Cultists","ascension_level":19}