{"gold_per_floor":[117,36,55,73,86,86,114,125,125,148,148,223,223,255,255,352,352,363,363,363,379,55,55,88,105,105,105,120,20,31,62,62,157,207,223,243,298,298,219,219,244,244,269,301,11,21,40,71,71,71,71,71,22,50,50],"floor_reached":56,"playtime":3594,"items_purged":["Defend_R","Defend_R"],"score":1578,"play_id":"5e85cfcb-c7a2-4c7e-af56-46d6fdaa040c","local_time":"20190501151231","is_ascension_mode":true,"campfire_choices":[{"data":"Evolve","floor":6,"key":"SMITH"},{"data":"Immolate","floor":11,"key":"SMITH"},{"floor":15,"key":"REST"},{"floor":23,"key":"REST"},{"data":"Armaments","floor":27,"key":"SMITH"},{"data":"Feed","floor":32,"key":"SMITH"},{"floor":40,"key":"REST"},{"floor":42,"key":"RECALL"},{"data":"Offering","floor":49,"key":"SMITH"},{"data":"Sentinel","floor":52,"key":"SMITH"}],"neow_cost":"NONE","seed_source_timestamp":58587459552191,"circlet_count":0,"master_deck":["Defend_R+1","Defend_R+1","Bash","Burning Pact","Evolve+1","Infernal Blade","Immolate+1","True Grit","Evolve+1","Dual Wield+1","Armaments+1","Feed+1","Bite","Bite","Bite","Bite","Bite","Sentinel+1","True Grit","Feel No Pain+1","Parasite","Burning Pact+1","Warcry+1","Barricade+1","Power Through","Feel No Pain+1","Body Slam+1","Reckless Charge","Feel No Pain+1","Injury","Mayhem+1","Offering+1","Second Wind","Sentinel+1"],"relics":["Mark of Pain","War Paint","Singing Bowl","Odd Mushroom","Paper Frog","Cursed Key","Frozen Egg 2","Meat on the Bone","Bottled Lightning","Happy Flower","Tiny House","Bird Faced Urn","Lantern","Red Skull","Bottled Tornado","Bag of Preparation","Dodecahedron"],"potions_floor_usage":[7,16,16,25,33,37,41,41,41,48,50,50],"damage_taken":[{"damage":0,"enemies":"2 Louse","floor":1,"turns":3},{"damage":0,"enemies":"Jaw Worm","floor":3,"turns":3},{"damage":1,"enemies":"Cultist","floor":4,"turns":4},{"damage":10,"enemies":"2 Fungi Beasts","floor":5,"turns":3},{"damage":20,"enemies":"3 Sentries","floor":7,"turns":7},{"damage":4,"enemies":"Looter","floor":8,"turns":3},{"damage":0,"enemies":"The Mushroom Lair","floor":10,"turns":2},{"damage":13,"enemies":"Lagavulin","floor":14,"turns":4},{"damage":18,"enemies":"Hexaghost","floor":16,"turns":9},{"damage":25,"enemies":"3 Byrds","floor":18,"turns":4},{"damage":27,"enemies":"Spheric Guardian","floor":21,"turns":5},{"damage":45,"enemies":"Slavers","floor":24,"turns":6},{"damage":16,"enemies":"Snake Plant","floor":25,"turns":2},{"damage":18,"enemies":"Centurion and Healer","floor":28,"turns":3},{"damage":2,"enemies":"3 Cultists","floor":30,"turns":4},{"damage":22,"enemies":"Gremlin Leader","floor":31,"turns":6},{"damage":84,"enemies":"Collector","floor":33,"turns":12},{"damage":43,"enemies":"3 Darklings","floor":35,"turns":6},{"damage":23,"enemies":"3 Shapes","floor":36,"turns":4},{"damage":35,"enemies":"2 Orb Walkers","floor":37,"turns":5},{"damage":83,"enemies":"Nemesis","floor":41,"turns":13},{"damage":76,"enemies":"Reptomancer","floor":44,"turns":8},{"damage":19,"enemies":"3 Darklings","floor":46,"turns":5},{"damage":6,"enemies":"Maw","floor":47,"turns":8},{"damage":13,"enemies":"Nemesis","floor":48,"turns":7},{"damage":79,"enemies":"Awakened One","floor":50,"turns":11},{"damage":53,"enemies":"Shield and Spear","floor":54,"turns":5},{"damage":17,"enemies":"The Heart","floor":55,"turns":9}],"seed_played":"-579439632146076045","potions_obtained":[{"floor":1,"key":"AttackPotion"},{"floor":3,"key":"Poison Potion"},{"floor":8,"key":"BloodPotion"},{"floor":14,"key":"Strength Potion"},{"floor":21,"key":"BloodPotion"},{"floor":28,"key":"BloodPotion"},{"floor":31,"key":"SkillPotion"},{"floor":34,"key":"FearPotion"},{"floor":37,"key":"Swift Potion"},{"floor":46,"key":"SkillPotion"}],"is_trial":false,"path_per_floor":["M","$","M","M","M","R","E","M","T","?","R","?","?","E","R","B",null,"M","?","?","M","$","R","E","M","T","R","M","$","M","E","R","B",null,"M","M","?","?","?","R","E","R","T","E","$","M","M","E","R","B",null,"R","$","E","B",null],"character_chosen":"IRONCLAD","items_purchased":["Evolve","Frozen Egg 2","Mayhem+1","Block Potion","Fire Potion","Swift Potion"],"campfire_rested":3,"item_purchase_floors":[2,22,45,45,45,53],"current_hp_per_floor":[72,72,72,71,61,61,41,37,37,37,37,26,26,13,37,19,65,42,42,33,24,24,43,9,15,15,15,21,21,41,50,50,38,70,49,44,27,27,27,50,60,60,60,52,52,58,81,81,81,44,72,72,72,43,64],"gold":50,"neow_bonus":"BOSS_RELIC","is_prod":false,"is_daily":false,"chose_seed":false,"campfire_upgraded":6,"win_rate":0,"timestamp":1556748751,"path_taken":["M","$","M","M","M","R","E","M","T","?","R","?","?","E","R","BOSS","M","?","?","M","$","R","E","M","T","R","M","$","M","E","R","BOSS","M","M","?","?","?","R","E","R","T","E","$","M","M","E","R","BOSS","R","$","E","BOSS"],"build_version":"2019-01-23","purchased_purges":2,"victory":true,"max_hp_per_floor":[80,80,80,80,80,80,80,80,80,80,80,80,80,80,80,80,80,82,57,62,66,66,66,69,69,69,69,69,69,72,74,74,74,79,79,79,79,79,79,79,79,79,79,81,81,81,81,81,81,81,81,81,81,83,83],"card_choices":[{"not_picked":["Shrug It Off","Spot Weakness"],"picked":"Burning Pact","floor":1},{"not_picked":["Uppercut","Headbutt","Twin Strike"],"picked":"SKIP","floor":3},{"not_picked":["Entrench","Metallicize"],"picked":"Infernal Blade","floor":4},{"not_picked":["Pummel","Pommel Strike"],"picked":"Corruption","floor":5},{"not_picked":["Wild Strike","Inflame"],"picked":"Immolate","floor":7},{"not_picked":["Anger","Combust"],"picked":"True Grit","floor":8},{"not_picked":["Sever Soul","Twin Strike"],"picked":"Evolve","floor":10},{"not_picked":["Flame Barrier","Body Slam"],"picked":"Armaments","floor":14},{"not_picked":["Brutality","Demon Form"],"picked":"Feed","floor":16},{"not_picked":["Combust","Bloodletting+1","Hemokinesis"],"picked":"Singing Bowl","floor":18},{"not_picked":["Sword Boomerang","Clothesline+1"],"picked":"Sentinel+1","floor":21},{"not_picked":["Armaments+1","Pommel Strike"],"picked":"True Grit","floor":24},{"not_picked":["Bloodletting","Entrench"],"picked":"Feel No Pain+1","floor":25},{"not_picked":["Heavy Blade","Fire Breathing+1"],"picked":"Burning Pact+1","floor":28},{"not_picked":["Second Wind+1","Infernal Blade"],"picked":"Warcry+1","floor":30},{"not_picked":["Sword Boomerang+1","Evolve+1","Clothesline"],"picked":"Singing Bowl","floor":31},{"not_picked":["Berserk+1","Demon Form+1"],"picked":"Barricade+1","floor":33},{"not_picked":["Dropkick","Headbutt+1"],"picked":"Power Through","floor":34},{"not_picked":["Perfected Strike+1","Dropkick"],"picked":"Feel No Pain+1","floor":35},{"not_picked":["Rampage","Armaments+1"],"picked":"Body Slam+1","floor":36},{"not_picked":["Blood for Blood+1","Rupture+1"],"picked":"Reckless Charge","floor":37},{"not_picked":["Cleave+1","Perfected Strike+1"],"picked":"Feel No Pain+1","floor":41},{"not_picked":["Cleave","Seeing Red+1","Shrug It Off"],"picked":"Singing Bowl","floor":44},{"not_picked":["Shockwave+1","Spot Weakness+1"],"picked":"Offering","floor":46},{"not_picked":["Flex","Perfected Strike"],"picked":"Second Wind","floor":47},{"not_picked":["Metallicize+1","Dropkick"],"picked":"Sentinel","floor":48},{"not_picked":["Inflame+1","Armaments","Flex+1"],"picked":"Singing Bowl","floor":54}],"player_experience":1316796,"relics_obtained":[{"floor":7,"key":"War Paint"},{"floor":9,"key":"Singing Bowl"},{"floor":10,"key":"Odd Mushroom"},{"floor":14,"key":"Paper Frog"},{"floor":24,"key":"Meat on the Bone"},{"floor":26,"key":"Bottled Lightning"},{"floor":31,"key":"Happy Flower"},{"floor":37,"key":"Bird Faced Urn"},{"floor":41,"key":"Red Skull"},{"floor":44,"key":"Bottled Tornado"},{"floor":48,"key":"Bag of Preparation"},{"floor":54,"key":"Dodecahedron"}],"event_choices":[{"damage_healed":0,"gold_gain":0,"player_choice":"Fought Mushrooms","damage_taken":0,"max_hp_gain":0,"max_hp_loss":0,"event_name":"Mushrooms","floor":10,"gold_loss":0},{"damage_healed":0,"gold_gain":75,"player_choice":"Gather Gold","damage_taken":11,"max_hp_gain":0,"max_hp_loss":0,"event_name":"World of Goop","floor":12,"gold_loss":0},{"cards_removed":["Corruption"],"damage_healed":0,"gold_gain":0,"player_choice":"Took Card","damage_taken":0,"max_hp_gain":0,"max_hp_loss":0,"event_name":"NoteForYourself","floor":13,"gold_loss":0,"cards_obtained":["Dual Wield"]},{"damage_healed":0,"gold_gain":0,"player_choice":"Became a vampire","damage_taken":0,"max_hp_gain":0,"max_hp_loss":25,"event_name":"Vampires","floor":19,"gold_loss":0,"cards_obtained":["Bite","Bite","Bite","Bite","Bite"]},{"damage_healed":0,"gold_gain":0,"player_choice":"Shed Blood","damage_taken":14,"max_hp_gain":5,"max_hp_loss":0,"event_name":"Forgotten Altar","floor":20,"gold_loss":0},{"damage_healed":0,"gold_gain":0,"player_choice":"Fight","damage_taken":0,"max_hp_gain":0,"max_hp_loss":0,"event_name":"Mysterious Sphere","floor":37,"gold_loss":0},{"damage_healed":0,"gold_gain":0,"player_choice":"Ignored","damage_taken":0,"max_hp_gain":0,"max_hp_loss":0,"event_name":"Tomb of Lord Red Mask","floor":38,"gold_loss":0},{"damage_healed":0,"gold_gain":0,"player_choice":"Paid Gold","damage_taken":0,"relics_obtained":["Lantern"],"max_hp_gain":0,"max_hp_loss":0,"event_name":"WeMeetAgain","floor":39,"gold_loss":79}],"is_beta":false,"boss_relics":[{"not_picked":["Runic Cube","Calling Bell"],"picked":"Cursed Key"},{"not_picked":["Empty Cage","Velvet Choker"],"picked":"Tiny House"}],"items_purged_floors":[22,29],"is_endless":false,"potions_floor_spawned":[1,3,8,14,21,28,31,36,37,46],"ascension_level":6}