{"gold_per_floor":[112,122,122,140,150,178,178,196,242,262,278,307,324,18,18,122,122,136,154,168,267,278,278,278,278,326,326,338,338,354,13,13,117,167,184,199,210,72,88,88,107,107,107,120,120],"floor_reached":45,"playtime":2729,"items_purged":[],"score":535,"play_id":"e2cf27c0-9597-47fc-ad1d-6fce0181f4fe","local_time":"20190805234831","is_ascension_mode":false,"campfire_choices":[{"floor":15,"key":"REST"},{"data":"Anger","floor":23,"key":"SMITH"},{"data":"Clash","floor":25,"key":"SMITH"},{"data":"Anger","floor":27,"key":"SMITH"},{"floor":29,"key":"REST"},{"data":"Carnage","floor":32,"key":"SMITH"},{"floor":40,"key":"REST"},{"floor":42,"key":"REST"}],"neow_cost":"NONE","seed_source_timestamp":520594163467100,"circlet_count":0,"master_deck":["Strike_R","Strike_R","Strike_R","Strike_R","Strike_R","Defend_R","Defend_R","Defend_R","Defend_R","Bash","Twin Strike","Perfected Strike","Carnage+1","Armaments","Cleave","Infernal Blade+1","Cleave","Twin Strike","Clash+1","Anger+1","Anger","Impervious","Flex+1","Twin Strike","Anger+1","Twin Strike","Normality","Clothesline+1","Thunderclap+1","Battle Trance","Berserk","Infernal Blade","Anger","Seeing Red","Headbutt+1","Carnage+1","Anger+1","Doubt","Dropkick+1","Parasite"],"relics":["Burning Blood","NeowsBlessing","Blood Vial","Pantograph","Happy Flower","Potion Belt","Mercury Hourglass","Cursed Key","Bronze Scales","Oddly Smooth Stone","Strawberry","Tiny House","Molten Egg 2","Letter Opener"],"potions_floor_usage":[12,12,12,13,16,33,35,36,37,39,45],"damage_taken":[{"damage":0,"enemies":"Small Slimes","floor":1,"turns":1},{"damage":0,"enemies":"Jaw Worm","floor":2,"turns":1},{"damage":0,"enemies":"Cultist","floor":4,"turns":1},{"damage":16,"enemies":"Lots of Slimes","floor":5,"turns":4},{"damage":28,"enemies":"3 Sentries","floor":6,"turns":8},{"damage":36,"enemies":"Exordium Thugs","floor":8,"turns":5},{"damage":2,"enemies":"3 Louse","floor":10,"turns":3},{"damage":6,"enemies":"Exordium Wildlife","floor":11,"turns":3},{"damage":16,"enemies":"Gremlin Nob","floor":12,"turns":4},{"damage":8,"enemies":"Lots of Slimes","floor":13,"turns":2},{"damage":60,"enemies":"Hexaghost","floor":16,"turns":7},{"damage":0,"enemies":"Shell Parasite","floor":18,"turns":3},{"damage":0,"enemies":"Chosen","floor":19,"turns":4},{"damage":24,"enemies":"Centurion and Healer","floor":20,"turns":4},{"damage":10,"enemies":"Chosen and Byrds","floor":22,"turns":4},{"damage":29,"enemies":"Snake Plant","floor":28,"turns":3},{"damage":19,"enemies":"Centurion and Healer","floor":30,"turns":3},{"damage":91,"enemies":"Automaton","floor":33,"turns":8},{"damage":9,"enemies":"3 Shapes","floor":35,"turns":3},{"damage":35,"enemies":"3 Darklings","floor":36,"turns":4},{"damage":16,"enemies":"Spire Growth","floor":37,"turns":3},{"damage":53,"enemies":"Transient","floor":39,"turns":5},{"damage":26,"enemies":"4 Shapes","floor":41,"turns":4},{"damage":16,"enemies":"Spire Growth","floor":44,"turns":3},{"damage":68,"enemies":"Writhing Mass","floor":45,"turns":6}],"seed_played":"5922618080794988188","potions_obtained":[{"floor":4,"key":"AttackPotion"},{"floor":6,"key":"Ancient Potion"},{"floor":10,"key":"EssenceOfSteel"},{"floor":12,"key":"Poison Potion"},{"floor":13,"key":"PowerPotion"},{"floor":16,"key":"GamblersBrew"},{"floor":18,"key":"GamblersBrew"},{"floor":19,"key":"FairyPotion"},{"floor":28,"key":"Explosive Potion"},{"floor":34,"key":"Regen Potion"},{"floor":35,"key":"Fruit Juice"},{"floor":44,"key":"PowerPotion"}],"is_trial":false,"path_per_floor":["M","M","?","M","M","E","?","M","T","M","M","E","M","$","R","B",null,"M","M","M","?","M","R","?","R","T","R","M","R","M","$","R","B",null,"M","M","M","?","M","R","M","R","T","M","M"],"character_chosen":"IRONCLAD","items_purchased":["Anger","Mercury Hourglass","Oddly Smooth Stone","Battle Trance","Strawberry"],"campfire_rested":4,"item_purchase_floors":[14,14,31,31,31],"current_hp_per_floor":[80,80,73,80,70,50,42,14,14,20,22,14,14,14,38,11,80,80,80,62,62,60,60,80,80,80,80,57,80,67,74,74,14,92,94,67,68,68,23,52,34,63,63,55,0],"gold":120,"neow_bonus":"THREE_ENEMY_KILL","is_prod":false,"is_daily":false,"chose_seed":false,"campfire_upgraded":4,"win_rate":0.0,"timestamp":1565012911,"path_taken":["M","M","?","M","M","E","?","?","T","M","M","E","M","?","R","BOSS","M","M","M","?","M","R","?","R","T","R","M","R","M","?","R","BOSS","M","M","M","?","?","R","M","R","T","M","M"],"build_version":"2019-07-17","purchased_purges":0,"victory":false,"max_hp_per_floor":[80,80,80,80,80,80,80,80,80,80,80,80,80,80,80,80,80,80,80,80,80,80,80,80,80,80,80,80,80,80,87,87,87,92,97,97,97,97,97,97,97,97,97,97,97],"card_choices":[{"not_picked":["True Grit","Entrench"],"picked":"Twin Strike","floor":1},{"not_picked":["Blood for Blood","Warcry"],"picked":"Perfected Strike","floor":2},{"not_picked":["Dropkick","Headbutt"],"picked":"Carnage","floor":4},{"not_picked":["Sword Boomerang","Warcry"],"picked":"Armaments","floor":5},{"not_picked":["Entrench","Inflame"],"picked":"Cleave","floor":6},{"not_picked":["Rupture","Iron Wave"],"picked":"Infernal Blade","floor":8},{"not_picked":["Combust","Rage"],"picked":"Cleave","floor":10},{"not_picked":["Sever Soul","Searing Blow"],"picked":"Twin Strike","floor":11},{"not_picked":["Perfected Strike","Intimidate"],"picked":"Clash","floor":12},{"not_picked":["Carnage","Corruption"],"picked":"Anger","floor":13},{"not_picked":["Barricade","Fiend Fire"],"picked":"Impervious","floor":16},{"not_picked":["Ghostly Armor","Body Slam"],"picked":"Flex+1","floor":18},{"not_picked":["Warcry","Cleave"],"picked":"Twin Strike","floor":19},{"not_picked":["Uppercut","Thunderclap+1"],"picked":"Anger","floor":20},{"not_picked":["True Grit","Shockwave"],"picked":"Twin Strike","floor":22},{"not_picked":["Uppercut","Feed"],"picked":"Clothesline+1","floor":28},{"not_picked":["Rupture+1","Pommel Strike"],"picked":"Thunderclap+1","floor":30},{"not_picked":["Feed","Bludgeon"],"picked":"Berserk","floor":33},{"not_picked":["Flex","Burning Pact"],"picked":"Infernal Blade","floor":34},{"not_picked":["Cleave","Thunderclap"],"picked":"Anger","floor":35},{"not_picked":["Body Slam+1","Shockwave"],"picked":"Seeing Red","floor":36},{"not_picked":["Flame Barrier","Intimidate"],"picked":"Headbutt+1","floor":37},{"not_picked":["Twin Strike+1","Cleave+1"],"picked":"Carnage+1","floor":39},{"not_picked":["Rampage+1","Rupture"],"picked":"Anger+1","floor":41},{"not_picked":["Sword Boomerang+1","Burning Pact"],"picked":"Dropkick+1","floor":44}],"player_experience":4046,"relics_obtained":[{"floor":6,"key":"Pantograph"},{"floor":9,"key":"Happy Flower"},{"floor":12,"key":"Potion Belt"},{"floor":26,"key":"Bronze Scales"},{"floor":43,"key":"Letter Opener"}],"event_choices":[{"damage_healed":0,"gold_gain":0,"player_choice":"Success","damage_taken":7,"relics_obtained":["Blood Vial"],"max_hp_gain":0,"max_hp_loss":0,"event_name":"Scrap Ooze","floor":3,"gold_loss":0},{"damage_healed":0,"gold_gain":0,"player_choice":"Damaged","damage_taken":8,"max_hp_gain":0,"max_hp_loss":0,"event_name":"Wheel of Change","floor":7,"gold_loss":0},{"damage_healed":0,"gold_gain":99,"player_choice":"Stole From Cult","damage_taken":0,"max_hp_gain":0,"max_hp_loss":0,"event_name":"Nest","floor":21,"gold_loss":0},{"damage_healed":26,"gold_gain":0,"player_choice":"Heal","damage_taken":0,"max_hp_gain":0,"max_hp_loss":0,"event_name":"The Library","floor":24,"gold_loss":0},{"damage_healed":0,"gold_gain":0,"player_choice":"Paid Gold","damage_taken":0,"relics_obtained":["Molten Egg 2"],"max_hp_gain":0,"max_hp_loss":0,"event_name":"WeMeetAgain","floor":38,"gold_loss":138}],"is_beta":false,"boss_relics":[{"not_picked":["Black Star","Orrery"],"picked":"Cursed Key"},{"not_picked":["Runic Cube","White Beast Statue"],"picked":"Tiny House"}],"items_purged_floors":[],"is_endless":false,"potions_floor_spawned":[4,6,10,12,13,16,18,19,28,35,44],"killed_by":"Writhing Mass","ascension_level":0}