{"gold_per_floor":[112,62,62,24,39,39,39,64,89,106,31,59,59,79,79,79],"floor_reached":16,"playtime":1278,"items_purged":["Strike_R"],"score":173,"play_id":"9a98b5b6-07bd-4325-b88c-b73d8cd2723c","local_time":"20190701223405","is_ascension_mode":true,"campfire_choices":[{"data":"Armaments","floor":6,"key":"SMITH"},{"data":"Corruption","floor":13,"key":"SMITH"},{"floor":15,"key":"REST"}],"neow_cost":"NONE","seed_source_timestamp":101454791298335,"circlet_count":0,"master_deck":["AscendersBane","Strike_R","Strike_R","Defend_R","Defend_R","Defend_R","Defend_R","Bash","Reckless Charge","Corruption+1","Armaments+1","Ghostly Armor","Disarm","Shockwave"],"relics":["Burning Blood","Shuriken","Bag of Marbles","Meat on the Bone"],"potions_floor_usage":[8,8,12,12],"damage_taken":[{"damage":2,"enemies":"Small Slimes","floor":1,"turns":5},{"damage":6,"enemies":"2 Louse","floor":5,"turns":3},{"damage":29,"enemies":"Gremlin Nob","floor":8,"turns":4},{"damage":0,"enemies":"Jaw Worm","floor":10,"turns":4},{"damage":32,"enemies":"3 Sentries","floor":12,"turns":8},{"damage":17,"enemies":"Large Slime","floor":14,"turns":7},{"damage":73,"enemies":"Slime Boss","floor":16,"turns":14}],"seed_played":"-5954992095469109894","potions_obtained":[{"floor":5,"key":"EntropicBrew"},{"floor":10,"key":"Explosive Potion"}],"is_trial":false,"path_per_floor":["M","?","?","$","M","R","?","E","T","M","$","E","R","M","R","B"],"character_chosen":"IRONCLAD","items_purchased":["Corruption"],"campfire_rested":1,"item_purchase_floors":[4],"current_hp_per_floor":[76,76,81,81,81,81,81,58,58,64,64,38,38,39,64,0],"gold":79,"neow_bonus":"REMOVE_CARD","is_prod":false,"is_daily":false,"chose_seed":false,"campfire_upgraded":2,"win_rate":0,"timestamp":1562034845,"path_taken":["M","?","?","$","M","R","?","E","T","M","?","E","R","M","R","BOSS"],"build_version":"2019-07-01","purchased_purges":1,"victory":false,"max_hp_per_floor":[80,80,85,85,85,85,85,85,85,85,85,85,85,85,85,85],"card_choices":[{"not_picked":["Perfected Strike","Clash"],"picked":"Reckless Charge","floor":1},{"not_picked":["Anger","Twin Strike"],"picked":"Armaments","floor":5},{"not_picked":["Sword Boomerang","Body Slam"],"picked":"Ghostly Armor","floor":8},{"not_picked":["Flex","Body Slam","Anger"],"picked":"SKIP","floor":10},{"not_picked":["Sever Soul","Shockwave"],"picked":"Disarm","floor":12},{"not_picked":["Iron Wave","Heavy Blade"],"picked":"Shockwave","floor":14}],"player_experience":162054,"relics_obtained":[{"floor":8,"key":"Shuriken"},{"floor":9,"key":"Bag of Marbles"},{"floor":12,"key":"Meat on the Bone"}],"event_choices":[{"cards_removed":["Strike_R"],"damage_healed":0,"gold_gain":0,"player_choice":"Card Removal","damage_taken":0,"max_hp_gain":0,"max_hp_loss":0,"event_name":"The Cleric","floor":2,"gold_loss":50},{"damage_healed":0,"gold_gain":0,"player_choice":"Donut","damage_taken":0,"max_hp_gain":5,"max_hp_loss":0,"event_name":"Big Fish","floor":3,"gold_loss":0},{"damage_healed":0,"gold_gain":0,"player_choice":"Ignored","damage_taken":0,"max_hp_gain":0,"max_hp_loss":0,"event_name":"Liars Game","floor":7,"gold_loss":0}],"is_beta":false,"boss_relics":[],"items_purged_floors":[11],"is_endless":false,"potions_floor_spawned":[5,10],"killed_by":"Slime Boss","ascension_level":12}