{"gold_per_floor":[112,123,123,48,48,77,77,2,2,37,37,50,62,81,81,158,158,177,97,109,109,126,126,126,139,162,6,6],"floor_reached":28,"playtime":1673,"items_purged":["Strike_B","Strike_B"],"score":399,"play_id":"5fbfffb7-37aa-4de0-9652-a605411a48b1","local_time":"20190308210812","is_ascension_mode":true,"campfire_choices":[{"floor":7,"key":"REST"},{"floor":11,"key":"REST"},{"data":"Coolheaded","floor":15,"key":"SMITH"},{"floor":23,"key":"REST"}],"neow_cost":"PERCENT_DAMAGE","seed_source_timestamp":1388331580163754,"circlet_count":0,"master_deck":["AscendersBane","Strike_B","Defend_B","Zap","Dualcast","Leap","Ball Lightning","Undo","Coolheaded+1","Cold Snap","Conserve Battery","Seek","Machine Learning","Coolheaded+1","Barrage","Blizzard+1","Coolheaded"],"relics":["Cracked Core","Thread and Needle","The Courier","Ginger","Bottled Flame","Empty Cage","Boot","Strawberry"],"potions_floor_usage":[28],"damage_taken":[{"damage":0,"enemies":"Jaw Worm","floor":1,"turns":3},{"damage":0,"enemies":"Small Slimes","floor":2,"turns":4},{"damage":43,"enemies":"Gremlin Nob","floor":6,"turns":5},{"damage":6,"enemies":"Lagavulin","floor":10,"turns":7},{"damage":0,"enemies":"2 Louse","floor":12,"turns":2},{"damage":0,"enemies":"Exordium Thugs","floor":13,"turns":4},{"damage":0,"enemies":"2 Fungi Beasts","floor":14,"turns":3},{"damage":23,"enemies":"Slime Boss","floor":16,"turns":16},{"damage":1,"enemies":"Shell Parasite","floor":18,"turns":10},{"damage":1,"enemies":"Spheric Guardian","floor":20,"turns":8},{"damage":34,"enemies":"Colosseum Slavers","floor":21,"turns":7},{"damage":13,"enemies":"Cultist and Chosen","floor":22,"turns":9},{"damage":21,"enemies":"Snake Plant","floor":25,"turns":6},{"damage":26,"enemies":"3 Cultists","floor":28,"turns":4}],"seed_played":"-567932370167386570","potions_obtained":[{"floor":6,"key":"SteroidPotion"},{"floor":10,"key":"Ancient Potion"},{"floor":14,"key":"GamblersBrew"}],"is_trial":false,"path_per_floor":["M","M","?","$","?","E","R","?","T","E","R","M","M","M","R","B",null,"M","$","M","?","M","R","?","M","T","$","M"],"character_chosen":"DEFECT","items_purchased":["Strawberry","Coolheaded"],"campfire_rested":3,"item_purchase_floors":[27,27],"current_hp_per_floor":[46,46,46,46,46,3,24,24,24,18,39,39,39,39,39,16,57,56,56,55,21,8,29,29,8,8,15,0],"gold":6,"neow_bonus":"ONE_RARE_RELIC","is_prod":false,"is_daily":false,"chose_seed":false,"campfire_upgraded":1,"win_rate":0,"timestamp":1552108092,"path_taken":["M","M","?","$","?","E","R","?","T","E","R","M","M","M","R","BOSS","M","$","M","?","M","R","?","M","T","$","M"],"build_version":"2019-01-23","purchased_purges":2,"victory":false,"max_hp_per_floor":[71,71,71,71,71,71,71,71,71,71,71,71,71,71,71,71,71,71,71,71,71,71,71,71,71,71,78,78],"card_choices":[{"not_picked":["Rebound","Steam","Barrage"],"picked":"SKIP","floor":1},{"not_picked":["Scrape","Static Discharge"],"picked":"Leap","floor":2},{"not_picked":["Go for the Eyes","Gash"],"picked":"Undo","floor":6},{"not_picked":["Aggregate","Sweeping Beam"],"picked":"Coolheaded","floor":10},{"not_picked":["Compile Driver","Hologram"],"picked":"Cold Snap","floor":12},{"not_picked":["Redo","Turbo"],"picked":"Conserve Battery","floor":13},{"not_picked":["Scrape","Rebound"],"picked":"Seek","floor":14},{"not_picked":["Multi-Cast","Amplify"],"picked":"Machine Learning","floor":16},{"not_picked":["Leap","Go for the Eyes+1"],"picked":"Coolheaded+1","floor":18},{"not_picked":["Redo","Sweeping Beam"],"picked":"Barrage","floor":20},{"not_picked":["Tempest","Rebound"],"picked":"Blizzard+1","floor":22},{"not_picked":["Consume","Gash","Go for the Eyes"],"picked":"SKIP","floor":25}],"player_experience":1208429,"relics_obtained":[{"floor":6,"key":"The Courier"},{"floor":9,"key":"Ginger"},{"floor":10,"key":"Bottled Flame"},{"floor":26,"key":"Boot"}],"event_choices":[{"damage_healed":0,"gold_gain":0,"cards_transformed":["Defend_B"],"player_choice":"Change","damage_taken":0,"max_hp_gain":0,"max_hp_loss":0,"event_name":"Living Wall","floor":3,"gold_loss":0,"cards_obtained":["Ball Lightning"]},{"damage_healed":0,"gold_gain":0,"player_choice":"Ignored","damage_taken":0,"max_hp_gain":0,"max_hp_loss":0,"event_name":"Liars Game","floor":5,"gold_loss":0},{"cards_removed":["Defend_B"],"damage_healed":0,"gold_gain":0,"player_choice":"Card Removal","damage_taken":0,"max_hp_gain":0,"max_hp_loss":0,"event_name":"The Cleric","floor":8,"gold_loss":75},{"damage_healed":0,"gold_gain":0,"player_choice":"Fight","damage_taken":0,"max_hp_gain":0,"max_hp_loss":0,"event_name":"Colosseum","floor":21,"gold_loss":0},{"damage_healed":0,"gold_gain":0,"player_choice":"Fled From Nobs","damage_taken":0,"max_hp_gain":0,"max_hp_loss":0,"event_name":"Colosseum","floor":21,"gold_loss":0},{"damage_healed":0,"gold_gain":0,"player_choice":"Ignored","damage_taken":0,"max_hp_gain":0,"max_hp_loss":0,"event_name":"Cursed Tome","floor":24,"gold_loss":0}],"is_beta":false,"boss_relics":[{"not_picked":["Pandora\u0027s Box","Ectoplasm"],"picked":"Empty Cage"}],"items_purged_floors":[4,19],"is_endless":false,"potions_floor_spawned":[6,10,14,18],"killed_by":"3 Cultists","ascension_level":15}