{"gold_per_floor":[116,116,128,128,128,153,153,182,182,194,144,144,144],"floor_reached":13,"playtime":960,"items_purged":["Strike_R"],"score":150,"play_id":"c258567c-99fa-4724-aa7d-b365ff787f36","local_time":"20190702201905","is_ascension_mode":true,"campfire_choices":[{"data":"Anger","floor":7,"key":"SMITH"},{"data":"Reaper","floor":12,"key":"SMITH"}],"neow_cost":"NONE","seed_source_timestamp":49443772966953,"circlet_count":0,"master_deck":["AscendersBane","Strike_R+1","Strike_R","Strike_R","Strike_R","Defend_R","Defend_R","Defend_R","Defend_R+1","Bash","Armaments","Anger+1","Combust","Reaper+1"],"relics":["Burning Blood","Smiling Mask","Letter Opener","Vajra","Bottled Flame","Boot"],"potions_floor_usage":[6],"damage_taken":[{"damage":5,"enemies":"Small Slimes","floor":1,"turns":4},{"damage":14,"enemies":"Jaw Worm","floor":3,"turns":4},{"damage":20,"enemies":"3 Sentries","floor":6,"turns":9},{"damage":26,"enemies":"Gremlin Nob","floor":8,"turns":4},{"damage":0,"enemies":"2 Louse","floor":10,"turns":2},{"damage":28,"enemies":"Gremlin Nob","floor":13,"turns":3}],"seed_played":"-4023313813879687853","potions_obtained":[{"floor":1,"key":"Fire Potion"},{"floor":8,"key":"Explosive Potion"}],"is_trial":false,"path_per_floor":["M","?","M","T","?","E","R","E","T","M","$","R","?"],"character_chosen":"IRONCLAD","items_purchased":[],"campfire_rested":0,"item_purchase_floors":[],"current_hp_per_floor":[81,69,61,61,43,29,29,9,9,15,15,15,0],"gold":144,"neow_bonus":"TEN_PERCENT_HP_BONUS","is_prod":false,"is_daily":false,"chose_seed":false,"campfire_upgraded":2,"win_rate":0,"timestamp":1562113145,"path_taken":["M","?","M","?","?","E","R","E","T","M","$","R","?"],"build_version":"2019-07-01","purchased_purges":1,"victory":false,"max_hp_per_floor":[88,88,88,88,88,88,88,88,88,88,88,88,88],"card_choices":[{"not_picked":["Pummel","Cleave"],"picked":"Armaments","floor":1},{"not_picked":["Thunderclap","Headbutt"],"picked":"Anger","floor":3},{"not_picked":["Rupture","Hemokinesis"],"picked":"Combust","floor":6},{"not_picked":["Clash","Clothesline","Infernal Blade"],"picked":"SKIP","floor":8},{"not_picked":["Shrug It Off","Iron Wave"],"picked":"Reaper","floor":10}],"player_experience":172168,"relics_obtained":[{"floor":4,"key":"Letter Opener"},{"floor":6,"key":"Vajra"},{"floor":8,"key":"Bottled Flame"},{"floor":9,"key":"Boot"}],"event_choices":[{"damage_healed":0,"gold_gain":0,"player_choice":"Success","damage_taken":12,"relics_obtained":["Smiling Mask"],"max_hp_gain":0,"max_hp_loss":0,"event_name":"Scrap Ooze","floor":2,"gold_loss":0},{"damage_healed":0,"gold_gain":0,"player_choice":"Entered Light","damage_taken":18,"max_hp_gain":0,"max_hp_loss":0,"event_name":"Shining Light","floor":5,"gold_loss":0,"cards_upgraded":["Strike_R","Defend_R"]},{"damage_healed":0,"gold_gain":0,"player_choice":"Searched \u00272\u0027 times","damage_taken":0,"max_hp_gain":0,"max_hp_loss":0,"event_name":"Dead Adventurer","floor":13,"gold_loss":0}],"is_beta":false,"boss_relics":[],"items_purged_floors":[11],"is_endless":false,"potions_floor_spawned":[1,8],"killed_by":"Gremlin Nob","ascension_level":13}