{"gold_per_floor":[109,129,18,37,37,68,68,83,83,96,111,111,111,61,61,180,180,193,193,193,217,242,242,242],"floor_reached":24,"playtime":613,"items_purged":[],"score":196,"play_id":"d4291bf5-0704-487c-954b-c58b991d6bc7","local_time":"20190708222604","is_ascension_mode":false,"campfire_choices":[{"data":"Dual Wield","floor":7,"key":"SMITH"},{"floor":12,"key":"REST"},{"data":"Rupture","floor":15,"key":"SMITH"},{"data":"Heavy Blade","floor":23,"key":"SMITH"}],"neow_cost":"NONE","seed_source_timestamp":1144186537304872,"circlet_count":0,"master_deck":["Strike_R","Strike_R","Strike_R","Strike_R","Strike_R","Defend_R","Defend_R","Defend_R","Bash","Bloodletting","Pummel","Rupture+1","Dual Wield+1","Spot Weakness","Hemokinesis","Heavy Blade+1","Parasite","Brutality","Flex+1","Double Tap+1","Twin Strike","Battle Trance+1","Armaments+1","Writhe"],"relics":["Burning Blood","NeowsBlessing","Golden Idol","Question Card","Toxic Egg 2","Orrery","Gremlin Horn","Art of War"],"potions_floor_usage":[6,16],"damage_taken":[{"damage":0,"enemies":"2 Louse","floor":1,"turns":1},{"damage":0,"enemies":"Jaw Worm","floor":2,"turns":1},{"damage":0,"enemies":"Cultist","floor":4,"turns":1},{"damage":9,"enemies":"Gremlin Nob","floor":6,"turns":3},{"damage":24,"enemies":"Large Slime","floor":8,"turns":8},{"damage":26,"enemies":"Exordium Wildlife","floor":10,"turns":4},{"damage":14,"enemies":"Lots of Slimes","floor":11,"turns":4},{"damage":46,"enemies":"Hexaghost","floor":16,"turns":7},{"damage":13,"enemies":"Shell Parasite","floor":18,"turns":2},{"damage":41,"enemies":"2 Thieves","floor":22,"turns":3},{"damage":44,"enemies":"Centurion and Healer","floor":24,"turns":4}],"seed_played":"9017785235836876739","potions_obtained":[{"floor":1,"key":"Regen Potion"},{"floor":2,"key":"Strength Potion"},{"floor":8,"key":"PowerPotion"}],"is_trial":false,"path_per_floor":["M","M","$","M","?","E","R","M","T","M","M","R","?","?","R","B",null,"M","?","?","T","M","R","M"],"character_chosen":"IRONCLAD","items_purchased":["Pummel","Rupture"],"campfire_rested":1,"item_purchase_floors":[3,3],"current_hp_per_floor":[80,80,80,80,60,57,57,39,39,19,11,35,55,55,55,15,80,73,73,73,73,38,38,0],"gold":242,"neow_bonus":"THREE_ENEMY_KILL","is_prod":false,"is_daily":false,"chose_seed":false,"campfire_upgraded":3,"win_rate":0,"timestamp":1562649964,"path_taken":["M","M","$","M","?","E","R","M","T","M","M","R","?","?","R","BOSS","M","?","?","?","M","R","M"],"build_version":"2019-07-05","purchased_purges":0,"victory":false,"max_hp_per_floor":[80,80,80,80,80,80,80,80,80,80,80,80,80,80,80,80,80,80,80,80,80,80,80,80],"card_choices":[{"not_picked":["Infernal Blade","Havoc"],"picked":"Bloodletting","floor":1},{"not_picked":["Iron Wave","True Grit","Disarm"],"picked":"SKIP","floor":2},{"not_picked":["True Grit","Shrug It Off","Body Slam"],"picked":"SKIP","floor":4},{"not_picked":["Berserk","Body Slam"],"picked":"Dual Wield","floor":6},{"not_picked":["Combust","Body Slam","Power Through"],"picked":"Spot Weakness","floor":8},{"not_picked":["Rage+1","Second Wind+1","Corruption"],"picked":"Hemokinesis","floor":10},{"not_picked":["Armaments+1","Cleave","Blood for Blood"],"picked":"Heavy Blade","floor":11},{"not_picked":["Bludgeon","Demon Form","Fiend Fire"],"picked":"Brutality","floor":16},{"not_picked":["Entrench+1","Clash","Warcry+1"],"picked":"Flex+1","floor":17},{"not_picked":["Ghostly Armor+1","Shrug It Off+1","Headbutt"],"picked":"Double Tap+1","floor":17},{"not_picked":["Wild Strike","Cleave","Shrug It Off+1"],"picked":"Twin Strike","floor":17},{"not_picked":["Headbutt","Iron Wave","Sentinel+1"],"picked":"Battle Trance+1","floor":17},{"not_picked":["Rage+1","Anger","Body Slam+1"],"picked":"Armaments+1","floor":18},{"not_picked":["Wild Strike+1","Headbutt","Havoc+1","Dual Wield+1"],"picked":"SKIP","floor":22}],"player_experience":1431426,"relics_obtained":[{"floor":6,"key":"Question Card"},{"floor":9,"key":"Toxic Egg 2"},{"floor":21,"key":"Art of War"}],"event_choices":[{"damage_healed":0,"gold_gain":0,"player_choice":"Take Damage","damage_taken":20,"relics_obtained":["Golden Idol"],"max_hp_gain":0,"max_hp_loss":0,"event_name":"Golden Idol","floor":5,"gold_loss":0},{"damage_healed":20,"gold_gain":0,"player_choice":"Healed and dodged fight","damage_taken":0,"max_hp_gain":0,"max_hp_loss":0,"event_name":"Mushrooms","floor":13,"gold_loss":0,"cards_obtained":["Parasite"]},{"cards_removed":["Defend_R"],"damage_healed":0,"gold_gain":0,"player_choice":"Card Removal","damage_taken":0,"max_hp_gain":0,"max_hp_loss":0,"event_name":"The Cleric","floor":14,"gold_loss":50},{"damage_healed":0,"gold_gain":0,"player_choice":"Opened","damage_taken":0,"relics_obtained":["Gremlin Horn"],"max_hp_gain":0,"max_hp_loss":0,"event_name":"The Mausoleum","floor":19,"gold_loss":0,"cards_obtained":["Writhe"]},{"damage_healed":0,"gold_gain":0,"player_choice":"Ignored","damage_taken":0,"max_hp_gain":0,"max_hp_loss":0,"event_name":"Ghosts","floor":20,"gold_loss":0}],"is_beta":false,"boss_relics":[{"not_picked":["Busted Crown","Cursed Key"],"picked":"Orrery"}],"items_purged_floors":[],"is_endless":false,"potions_floor_spawned":[1,2,8],"killed_by":"Centurion and Healer","ascension_level":0}