{"gold_per_floor":[112,126,126,126,72,72,98,98,122,150,162,162,173,173,173,277,277,292,303,321,335,351,379,379,379,406,406,425,425,444,464,464,562,562,578,578,597,609,609,609,628,645,645,657,657,657,59,79,79,79],"floor_reached":50,"playtime":2644,"items_purged":[],"score":553,"play_id":"55f07de9-b89b-401e-a6b3-3b27d726b422","local_time":"20190806032059","is_ascension_mode":false,"campfire_choices":[{"floor":6,"key":"REST"},{"data":"Thunderclap","floor":8,"key":"SMITH"},{"data":"Anger","floor":12,"key":"SMITH"},{"data":"Inflame","floor":15,"key":"SMITH"},{"floor":25,"key":"REST"},{"data":"Twin Strike","floor":29,"key":"SMITH"},{"data":"Warcry","floor":32,"key":"SMITH"},{"floor":40,"key":"REST"},{"data":"Rage","floor":46,"key":"SMITH"},{"data":"Seeing Red","floor":49,"key":"SMITH"}],"neow_cost":"NONE","seed_source_timestamp":533426975176000,"circlet_count":0,"master_deck":["Strike_R","Strike_R","Strike_R","Strike_R","Defend_R","Defend_R","Defend_R","Defend_R","Bash","Anger+1","Warcry+1","Iron Wave+1","Thunderclap+1","Twin Strike+1","Inflame+1","Ghostly Armor","Impervious","Whirlwind+1","Rage+1","Warcry+1","Demon Form","Twin Strike","Madness","Swift Strike","Metamorphosis","Seeing Red+1","Shrug It Off+1","Warcry+1","Violence","Dropkick"],"relics":["Black Blood","NeowsBlessing","Omamori","Anchor","Boot","Mercury Hourglass","Matryoshka","MutagenicStrength","Letter Opener","Blood Vial","Busted Crown","Pear","Red Skull","Frozen Egg 2","Bronze Scales","Gremlin Horn"],"potions_floor_usage":[10,10,19,21,23,33,33,42,44,44,50,50,50],"damage_taken":[{"damage":0,"enemies":"Small Slimes","floor":1,"turns":1},{"damage":0,"enemies":"2 Louse","floor":2,"turns":1},{"damage":0,"enemies":"Lagavulin","floor":7,"turns":1},{"damage":22,"enemies":"3 Sentries","floor":10,"turns":9},{"damage":0,"enemies":"Cultist","floor":11,"turns":2},{"damage":0,"enemies":"Exordium Wildlife","floor":13,"turns":3},{"damage":0,"enemies":"Slime Boss","floor":16,"turns":6},{"damage":0,"enemies":"Chosen","floor":18,"turns":4},{"damage":0,"enemies":"Spheric Guardian","floor":19,"turns":3},{"damage":25,"enemies":"Centurion and Healer","floor":20,"turns":7},{"damage":18,"enemies":"Snecko","floor":21,"turns":6},{"damage":14,"enemies":"3 Cultists","floor":22,"turns":4},{"damage":32,"enemies":"Gremlin Leader","floor":23,"turns":6},{"damage":0,"enemies":"Cultist and Chosen","floor":28,"turns":6},{"damage":0,"enemies":"Centurion and Healer","floor":30,"turns":5},{"damage":15,"enemies":"Snake Plant","floor":31,"turns":3},{"damage":76,"enemies":"Champ","floor":33,"turns":12},{"damage":24,"enemies":"3 Shapes","floor":35,"turns":3},{"damage":9,"enemies":"3 Darklings","floor":37,"turns":4},{"damage":20,"enemies":"Transient","floor":38,"turns":5},{"damage":13,"enemies":"Spire Growth","floor":41,"turns":5},{"damage":24,"enemies":"Writhing Mass","floor":42,"turns":7},{"damage":0,"enemies":"Jaw Worm Horde","floor":44,"turns":2},{"damage":5,"enemies":"Transient","floor":48,"turns":5},{"damage":127,"enemies":"Awakened One","floor":50,"turns":9}],"seed_played":"2391434151942108522","potions_obtained":[{"floor":1,"key":"AttackPotion"},{"floor":2,"key":"Dexterity Potion"},{"floor":7,"key":"Block Potion"},{"floor":16,"key":"Weak Potion"},{"floor":18,"key":"Fire Potion"},{"floor":22,"key":"Ancient Potion"},{"floor":23,"key":"Fire Potion"},{"floor":33,"key":"Swift Potion"},{"floor":38,"key":"Swift Potion"},{"floor":41,"key":"SteroidPotion"},{"floor":42,"key":"SteroidPotion"},{"floor":44,"key":"BloodPotion"},{"floor":48,"key":"AttackPotion"}],"is_trial":false,"path_per_floor":["M","M","?","?","$","R","E","R","T","E","M","R","M","?","R","B",null,"M","M","M","M","M","E","?","R","T","?","M","R","M","M","R","B",null,"M","?","M","M","?","R","M","M","T","M","?","R","$","M","R","B"],"character_chosen":"IRONCLAD","items_purchased":["Iron Wave","Bronze Scales","Violence","Gremlin Horn"],"campfire_rested":3,"item_purchase_floors":[5,47,47,47],"current_hp_per_floor":[80,80,73,48,48,72,78,78,78,62,68,68,74,74,74,80,80,80,80,65,57,53,31,31,55,55,80,80,80,80,75,75,11,80,66,56,59,51,61,88,87,75,75,87,85,85,85,85,85,0],"gold":79,"neow_bonus":"THREE_ENEMY_KILL","is_prod":false,"is_daily":false,"chose_seed":false,"campfire_upgraded":7,"win_rate":0.0,"timestamp":1565025659,"path_taken":["M","M","?","?","$","R","E","R","T","E","M","R","M","?","R","BOSS","M","M","?","M","M","E","?","R","T","?","M","R","M","M","R","BOSS","M","?","M","M","?","R","M","?","T","M","?","R","$","M","R","BOSS"],"build_version":"2019-07-17","purchased_purges":0,"victory":false,"max_hp_per_floor":[80,80,80,80,80,80,80,80,80,80,80,80,80,80,80,80,80,80,80,80,80,80,80,80,80,80,80,80,80,80,80,80,80,80,80,80,80,80,90,90,90,90,90,90,85,85,85,85,85,85],"card_choices":[{"not_picked":["Clothesline","Spot Weakness"],"picked":"Anger","floor":1},{"not_picked":["Cleave","Flex"],"picked":"Warcry","floor":2},{"not_picked":["Iron Wave","Reaper"],"picked":"Thunderclap","floor":7},{"not_picked":["True Grit","Power Through"],"picked":"Twin Strike","floor":10},{"not_picked":["Twin Strike","Reckless Charge"],"picked":"Inflame","floor":11},{"not_picked":["Entrench","Flex"],"picked":"Ghostly Armor","floor":13},{"not_picked":["Offering","Fiend Fire"],"picked":"Impervious","floor":16},{"not_picked":["Clothesline","Headbutt","Armaments"],"picked":"SKIP","floor":18},{"not_picked":["True Grit","Infernal Blade"],"picked":"Whirlwind+1","floor":19},{"not_picked":["Headbutt","Reckless Charge"],"picked":"Rage","floor":20},{"not_picked":["Inflame","Pommel Strike"],"picked":"Warcry+1","floor":21},{"not_picked":["Sword Boomerang","Burning Pact+1","Twin Strike"],"picked":"SKIP","floor":22},{"not_picked":["Warcry+1","Spot Weakness","Burning Pact+1"],"picked":"SKIP","floor":23},{"not_picked":["Sword Boomerang","Searing Blow","Twin Strike"],"picked":"SKIP","floor":28},{"not_picked":["Perfected Strike","Thunderclap","Pommel Strike"],"picked":"SKIP","floor":30},{"not_picked":["Metallicize+1","Disarm","Entrench"],"picked":"SKIP","floor":31},{"not_picked":["Reaper","Double Tap"],"picked":"Demon Form","floor":33},{"not_picked":[],"picked":"Twin Strike","floor":35},{"not_picked":[],"picked":"Madness","floor":36},{"not_picked":[],"picked":"Swift Strike","floor":36},{"not_picked":[],"picked":"Metamorphosis","floor":36},{"not_picked":["Twin Strike"],"picked":"SKIP","floor":37},{"not_picked":[],"picked":"Seeing Red","floor":38},{"not_picked":[],"picked":"Shrug It Off+1","floor":41},{"not_picked":[],"picked":"Warcry+1","floor":42},{"not_picked":["Entrench"],"picked":"SKIP","floor":44},{"not_picked":[],"picked":"Dropkick","floor":48}],"player_experience":8952,"relics_obtained":[{"floor":7,"key":"Anchor"},{"floor":9,"key":"Boot"},{"floor":10,"key":"Mercury Hourglass"},{"floor":23,"key":"Matryoshka"},{"floor":26,"key":"Letter Opener"},{"floor":26,"key":"Blood Vial"},{"floor":39,"key":"Pear"},{"floor":43,"key":"Red Skull"},{"floor":43,"key":"Frozen Egg 2"}],"event_choices":[{"cards_removed":["Strike_R"],"damage_healed":0,"gold_gain":0,"player_choice":"Card Removal","damage_taken":7,"max_hp_gain":0,"max_hp_loss":0,"event_name":"Golden Wing","floor":3,"gold_loss":0},{"damage_healed":0,"gold_gain":0,"player_choice":"Success","damage_taken":25,"relics_obtained":["Omamori"],"max_hp_gain":0,"max_hp_loss":0,"event_name":"Scrap Ooze","floor":4,"gold_loss":0},{"damage_healed":0,"gold_gain":0,"player_choice":"Forge","damage_taken":0,"max_hp_gain":0,"max_hp_loss":0,"event_name":"Accursed Blacksmith","floor":14,"gold_loss":0,"cards_upgraded":["Iron Wave"]},{"damage_healed":0,"gold_gain":0,"player_choice":"Inject Mutagens","damage_taken":0,"relics_obtained":["MutagenicStrength"],"max_hp_gain":0,"max_hp_loss":0,"event_name":"Drug Dealer","floor":24,"gold_loss":0},{"damage_healed":26,"gold_gain":0,"player_choice":"Heal","damage_taken":0,"max_hp_gain":0,"max_hp_loss":0,"event_name":"The Library","floor":27,"gold_loss":0},{"damage_healed":0,"gold_gain":0,"player_choice":"Memory 3","damage_taken":10,"max_hp_gain":0,"max_hp_loss":0,"event_name":"SensoryStone","floor":36,"gold_loss":0},{"damage_healed":0,"gold_gain":0,"player_choice":"Relic","damage_taken":0,"max_hp_gain":0,"max_hp_loss":0,"event_name":"Wheel of Change","floor":39,"gold_loss":0},{"damage_healed":0,"gold_gain":0,"player_choice":"Max HP","damage_taken":0,"max_hp_gain":0,"max_hp_loss":5,"event_name":"Winding Halls","floor":45,"gold_loss":0}],"is_beta":false,"boss_relics":[{"not_picked":["Eternal Feather","Tiny House"],"picked":"Black Blood"},{"not_picked":["Snecko Eye","Empty Cage"],"picked":"Busted Crown"}],"items_purged_floors":[],"is_endless":false,"potions_floor_spawned":[1,2,7,16,18,22,23,33,38,41,42,44,48],"killed_by":"Awakened One","ascension_level":0}