{"gold_per_floor":[119,138,213,233,40,40,51,51,133,163,183,194,194,194,194,298,298,315,330,348,348,362,362,396,396,396,419,262,262],"floor_reached":29,"playtime":2145,"items_purged":["Defend_G"],"score":343,"play_id":"813d5597-0cc4-4d50-b307-39de815c59f0","local_time":"20181106022248","is_ascension_mode":true,"campfire_choices":[{"floor":6,"key":"REST"},{"data":"Underhanded Strike","floor":8,"key":"SMITH"},{"floor":13,"key":"REST"},{"floor":15,"key":"REST"},{"floor":23,"key":"REST"},{"floor":25,"key":"REST"}],"neow_cost":"PERCENT_DAMAGE","seed_source_timestamp":796137144438887,"circlet_count":0,"master_deck":["Defend_G+1","Defend_G","Defend_G","Defend_G","Strike_G","Strike_G","Strike_G","Strike_G","Strike_G","Survivor","Neutralize","All Out Attack+1","Underhanded Strike+1","Prepared","Dagger Throw","Tools of the Trade","Eviscerate","Acrobatics+1","Dagger Throw","Concentrate","Acrobatics"],"relics":["Ring of the Snake","Tingsha","Medical Kit","Tiny Chest","Happy Flower","Sozu","Omamori","FossilizedHelix","Potion Belt"],"potions_floor_usage":[10,16,16],"damage_taken":[{"damage":0,"enemies":"Jaw Worm","floor":1,"turns":5},{"damage":2,"enemies":"Small Slimes","floor":2,"turns":3},{"damage":4,"enemies":"Cultist","floor":4,"turns":3},{"damage":0,"enemies":"2 Fungi Beasts","floor":7,"turns":3},{"damage":20,"enemies":"Lagavulin","floor":10,"turns":7},{"damage":5,"enemies":"Large Slime","floor":11,"turns":7},{"damage":0,"enemies":"Exordium Wildlife","floor":12,"turns":2},{"damage":20,"enemies":"Slime Boss","floor":16,"turns":7},{"damage":0,"enemies":"Chosen","floor":18,"turns":4},{"damage":0,"enemies":"Spheric Guardian","floor":19,"turns":3},{"damage":0,"enemies":"Cultist and Chosen","floor":20,"turns":4},{"damage":18,"enemies":"Sentry and Sphere","floor":22,"turns":4},{"damage":43,"enemies":"Slavers","floor":24,"turns":4},{"damage":37,"enemies":"Book of Stabbing","floor":29,"turns":4}],"seed_played":"-7634387222763027669","potions_obtained":[{"floor":1,"key":"Block Potion"},{"floor":10,"key":"FearPotion"},{"floor":11,"key":"SkillPotion"}],"is_trial":false,"path_per_floor":["M","M","?","M","$","R","M","R","T","E","M","M","R","?","R","B",null,"M","M","M","?","M","R","E","R","T","T","$","E"],"character_chosen":"THE_SILENT","items_purchased":["Medical Kit","Concentrate","Acrobatics"],"campfire_rested":5,"item_purchase_floors":[5,28,28],"current_hp_per_floor":[45,43,32,28,28,49,49,49,49,29,24,24,45,31,52,32,61,61,61,61,48,30,52,9,31,31,31,31,0],"gold":262,"neow_bonus":"ONE_RARE_RELIC","is_prod":false,"is_daily":false,"chose_seed":false,"campfire_upgraded":1,"win_rate":0,"timestamp":1541499768,"path_taken":["M","M","?","M","$","R","M","R","T","E","M","M","R","?","R","BOSS","M","M","M","?","M","R","E","R","T","?","$","E"],"build_version":"2018-11-01","purchased_purges":1,"victory":false,"max_hp_per_floor":[70,70,70,70,70,70,70,70,70,70,70,70,70,70,70,70,70,70,70,70,75,75,75,75,75,75,75,75,75],"card_choices":[{"not_picked":["Calculated Gamble","Dagger Spray"],"picked":"All Out Attack","floor":1},{"not_picked":["Dodge and Roll","Deadly Poison","A Thousand Cuts"],"picked":"SKIP","floor":2},{"not_picked":["Flying Knee","Bouncing Flask"],"picked":"Underhanded Strike","floor":4},{"not_picked":["Flying Knee","Deadly Poison","Skewer"],"picked":"SKIP","floor":7},{"not_picked":["Outmaneuver","Bullet Time","Choke"],"picked":"SKIP","floor":10},{"not_picked":["Dash","Expertise"],"picked":"Prepared","floor":11},{"not_picked":["Cloak And Dagger","Distraction"],"picked":"Dagger Throw","floor":12},{"not_picked":["Glass Knife","Wraith Form v2"],"picked":"Tools of the Trade","floor":16},{"not_picked":["PiercingWail+1","Deadly Poison+1"],"picked":"Eviscerate","floor":18},{"not_picked":["Dodge and Roll","Blade Dance"],"picked":"Acrobatics+1","floor":19},{"not_picked":["Deadly Poison","Burst","Dagger Spray+1"],"picked":"SKIP","floor":20},{"not_picked":["Acrobatics","Blade Dance"],"picked":"Dagger Throw","floor":22},{"not_picked":["Leg Sweep","Dodge and Roll","Skewer"],"picked":"SKIP","floor":24}],"player_experience":939518,"relics_obtained":[{"floor":9,"key":"Tiny Chest"},{"floor":10,"key":"Happy Flower"},{"floor":24,"key":"Omamori"},{"floor":26,"key":"FossilizedHelix"},{"floor":27,"key":"Potion Belt"}],"event_choices":[{"damage_healed":0,"gold_gain":75,"player_choice":"Gather Gold","damage_taken":11,"max_hp_gain":0,"max_hp_loss":0,"event_name":"World of Goop","floor":3,"gold_loss":0},{"damage_healed":0,"gold_gain":0,"player_choice":"Entered Light","damage_taken":14,"max_hp_gain":0,"max_hp_loss":0,"event_name":"Shining Light","floor":14,"gold_loss":0,"cards_upgraded":["Defend_G","All Out Attack"]},{"damage_healed":0,"gold_gain":0,"player_choice":"Shed Blood","damage_taken":18,"max_hp_gain":5,"max_hp_loss":0,"event_name":"Forgotten Altar","floor":21,"gold_loss":0}],"is_beta":false,"boss_relics":[{"not_picked":["Orrery","Runic Pyramid"],"picked":"Sozu"}],"items_purged_floors":[28],"is_endless":false,"potions_floor_spawned":[1,10,11,18,19,22],"killed_by":"Book of Stabbing","ascension_level":8}