{"gold_per_floor":[118,137,137,157,123,157,157,187,214,224,236,265,340,352,352,447,447,464,564,584,584,499,499,499,424,447,463,463,474,486,500,500,605,605,622,622,622,634,644,644,604,621,621,621,633,644,11,22,22,22],"floor_reached":51,"playtime":4737,"items_purged":["Doom and Gloom","Storm+1"],"score":788,"play_id":"fec21b7d-e606-4ff4-a3e2-9c5af15045bf","local_time":"20190417173819","is_ascension_mode":true,"campfire_choices":[{"data":"Chaos","floor":7.0,"key":"SMITH"},{"data":"Glacier","floor":15.0,"key":"SMITH"},{"data":"Fission","floor":23.0,"key":"SMITH"},{"data":"Storm","floor":28.0,"key":"SMITH"},{"floor":32,"key":"REST"},{"floor":40,"key":"REST"},{"data":"Echo Form","floor":44,"key":"SMITH"},{"floor":49,"key":"REST"}],"neow_cost":"NONE","seed_source_timestamp":0,"circlet_count":0,"master_deck":["Zap+1","Dualcast","Ball Lightning","Ball Lightning","Skim","Chaos+1","Glacier+1","Conserve Battery","Buffer","Leap","Electrodynamics","Fission+1","White Noise","Doom and Gloom","Loop","Chaos","Stack","Capacitor","Leap","Ghostly","Ghostly","Ghostly","Ghostly","Ghostly","Redo+1","Tempest","Consume","Echo Form+1","Auto Shields+1","Madness","Madness","Ball Lightning+1","Ball Lightning","Compile Driver+1","Hologram+1","Echo Form+1","Barrage+1"],"special_seed":0,"relics":["Cracked Core","NeowsBlessing","PreservedInsect","Anchor","Bronze Scales","Shuriken","Pandora\u0027s Box","Ice Cream","Sundial","Potion Belt","Blood Vial","Inserter","Bottled Lightning","DollysMirror","Cables"],"potions_floor_usage":[33,33,39,39,41,42,46,47,50,50,50,50],"damage_taken":[{"damage":0.0,"enemies":"2 Louse","floor":1.0,"turns":1.0},{"damage":0.0,"enemies":"Cultist","floor":2.0,"turns":1.0},{"damage":0.0,"enemies":"Small Slimes","floor":4.0,"turns":1.0},{"damage":12.0,"enemies":"3 Sentries","floor":6.0,"turns":4.0},{"damage":16.0,"enemies":"Lagavulin","floor":8.0,"turns":4.0},{"damage":0.0,"enemies":"Exordium Wildlife","floor":10.0,"turns":3.0},{"damage":0.0,"enemies":"Large Slime","floor":11.0,"turns":4.0},{"damage":0.0,"enemies":"Gremlin Nob","floor":12.0,"turns":3.0},{"damage":0.0,"enemies":"3 Louse","floor":14.0,"turns":2.0},{"damage":4.0,"enemies":"The Guardian","floor":16.0,"turns":9.0},{"damage":2.0,"enemies":"Chosen","floor":18.0,"turns":4.0},{"damage":16.0,"enemies":"Colosseum Slavers","floor":19.0,"turns":3.0},{"damage":0.0,"enemies":"Colosseum Nobs","floor":19.0,"turns":3.0},{"damage":11.0,"enemies":"2 Thieves","floor":20.0,"turns":4.0},{"damage":10.0,"enemies":"Shelled Parasite and Fungi","floor":27.0,"turns":4.0},{"damage":6.0,"enemies":"3 Cultists","floor":29.0,"turns":4.0},{"damage":9,"enemies":"Snecko","floor":30,"turns":5},{"damage":2,"enemies":"Chosen and Byrds","floor":31,"turns":6},{"damage":19,"enemies":"Collector","floor":33,"turns":8},{"damage":17,"enemies":"Orb Walker","floor":35,"turns":4},{"damage":0,"enemies":"3 Shapes","floor":38,"turns":3},{"damage":17,"enemies":"Jaw Worm Horde","floor":39,"turns":2},{"damage":1,"enemies":"Spire Growth","floor":42,"turns":4},{"damage":0,"enemies":"3 Darklings","floor":45,"turns":5},{"damage":1,"enemies":"Transient","floor":46,"turns":5},{"damage":1,"enemies":"4 Shapes","floor":48,"turns":6},{"damage":34,"enemies":"Awakened One","floor":50,"turns":13}],"seed_played":"-5611878119928547947","potions_obtained":[{"floor":1.0,"key":"FocusPotion"},{"floor":4.0,"key":"PowerPotion"},{"floor":8.0,"key":"SkillPotion"},{"floor":10.0,"key":"Strength Potion"},{"floor":14.0,"key":"SpeedPotion"},{"floor":16.0,"key":"EssenceOfSteel"},{"floor":20.0,"key":"Dexterity Potion"},{"floor":30,"key":"FearPotion"},{"floor":33,"key":"Explosive Potion"},{"floor":35,"key":"SteroidPotion"},{"floor":38,"key":"Explosive Potion"},{"floor":41,"key":"AttackPotion"},{"floor":41,"key":"Ancient Potion"},{"floor":41,"key":"Fruit Juice"},{"floor":45,"key":"SpeedPotion"},{"floor":46,"key":"Explosive Potion"}],"is_trial":false,"path_per_floor":["M","M","?","M","$","E","R","E","T","M","M","E","?","M","R","B",null,"M","?","M","?","?","R","?","$","T","M","R","M","M","M","R","B",null,"M","?","?","M","M","R","?","M","T","R","M","M","$","M","R","B",null],"character_chosen":"DEFECT","items_purchased":["Chaos","DollysMirror","Cables","Fruit Juice"],"campfire_rested":3,"item_purchase_floors":[5,47,47,47],"current_hp_per_floor":[75,75,75,75,75,63,63,47,47,47,47,47,36,36,36,32,75,73,57,46,37,37,37,33,33,33,25,25,21,14,14,26,9,42,25,25,20,22,7,19,24,25,25,25,27,28,33,34,49,17],"gold":22,"neow_bonus":"THREE_ENEMY_KILL","is_prod":false,"is_daily":false,"chose_seed":false,"campfire_upgraded":5,"win_rate":0,"timestamp":1555515499,"path_taken":["M","M","?","?","$","E","R","E","T","M","?","E","?","M","R","BOSS","M","?","M","?","?","R","?","$","T","M","R","M","M","?","R","BOSS","M","?","?","M","M","R","?","?","T","R","M","M","$","M","R","BOSS"],"build_version":"2019-04-04","purchased_purges":2,"victory":true,"max_hp_per_floor":[75,75,75,75,75,75,75,75,75,75,75,75,75,75,75,75,75,75,75,75,37,37,37,42,42,42,42,42,42,42,42,42,42,42,42,42,42,42,42,42,47,47,47,47,47,47,52,52,52,52],"card_choices":[{"not_picked":["Stack","Coolheaded"],"picked":"Ball Lightning","floor":1.0},{"not_picked":["Doom and Gloom","Go for the Eyes"],"picked":"Ball Lightning","floor":2.0},{"not_picked":["Turbo","Streamline"],"picked":"Skim","floor":4.0},{"not_picked":["Force Field","Compile Driver","Steam"],"picked":"SKIP","floor":6.0},{"not_picked":["Stack","Hologram"],"picked":"Glacier","floor":8.0},{"not_picked":["Stack","Static Discharge"],"picked":"Conserve Battery","floor":10.0},{"not_picked":["Storm","Streamline"],"picked":"Buffer","floor":11.0},{"not_picked":["Gash","Beam Cell"],"picked":"Leap","floor":12.0},{"not_picked":["Reinforced Body","Reprogram"],"picked":"Doom and Gloom","floor":14.0},{"not_picked":["Machine Learning","Hyperbeam"],"picked":"Electrodynamics","floor":16.0},{"not_picked":["Static Discharge","Turbo","Sweeping Beam"],"picked":"SKIP","floor":18.0},{"not_picked":["Compile Driver","Storm"],"picked":"Capacitor","floor":19.0},{"not_picked":["Storm","Hologram"],"picked":"Leap","floor":20.0},{"not_picked":["Go for the Eyes","Rebound"],"picked":"Redo+1","floor":27.0},{"not_picked":["Leap","Cold Snap","Stack"],"picked":"SKIP","floor":29},{"not_picked":["Ball Lightning","Steam"],"picked":"Tempest","floor":30},{"not_picked":["Scrape","Beam Cell"],"picked":"Consume","floor":31},{"not_picked":["Thunder Strike","Creative AI"],"picked":"Echo Form","floor":33},{"not_picked":["Streamline","Turbo"],"picked":"Auto Shields+1","floor":35},{"not_picked":["Gash+1","Steam Power+1"],"picked":"Ball Lightning+1","floor":38},{"not_picked":["Turbo","Streamline"],"picked":"Ball Lightning","floor":39},{"not_picked":["Turbo+1","Gash+1"],"picked":"Compile Driver+1","floor":42},{"not_picked":["Sweeping Beam+1","Genetic Algorithm"],"picked":"Hologram+1","floor":45},{"not_picked":["Steam+1","Conserve Battery","Creative AI"],"picked":"SKIP","floor":46},{"not_picked":["Chill","Redo"],"picked":"Barrage+1","floor":48}],"player_experience":312024,"relics_obtained":[{"floor":6.0,"key":"PreservedInsect"},{"floor":8.0,"key":"Anchor"},{"floor":9.0,"key":"Bronze Scales"},{"floor":12.0,"key":"Shuriken"},{"floor":19.0,"key":"Ice Cream"},{"floor":19.0,"key":"Sundial"},{"floor":26.0,"key":"Blood Vial"},{"floor":43,"key":"Bottled Lightning"}],"event_choices":[{"damage_healed":0.0,"max_hp_gain":0.0,"max_hp_loss":0.0,"gold_gain":0.0,"event_name":"Accursed Blacksmith","player_choice":"Forge","floor":3.0,"gold_loss":0.0,"damage_taken":0.0,"cards_upgraded":["Zap"]},{"damage_healed":0.0,"max_hp_gain":0.0,"max_hp_loss":0.0,"gold_gain":75.0,"event_name":"World of Goop","player_choice":"Gather Gold","floor":13.0,"gold_loss":0.0,"damage_taken":11.0},{"damage_healed":0.0,"max_hp_gain":0.0,"max_hp_loss":0.0,"gold_gain":0.0,"event_name":"Colosseum","player_choice":"Fight","floor":19.0,"gold_loss":0.0,"damage_taken":0.0},{"damage_healed":0.0,"max_hp_gain":0.0,"max_hp_loss":0.0,"gold_gain":0.0,"event_name":"Colosseum","player_choice":"Fought Nobs","floor":19.0,"gold_loss":0.0,"damage_taken":0.0},{"damage_healed":0.0,"max_hp_gain":0.0,"max_hp_loss":38.0,"gold_gain":0.0,"event_name":"Ghosts","player_choice":"Became a Ghost","floor":21.0,"gold_loss":0.0,"damage_taken":0.0,"cards_obtained":["Ghostly","Ghostly","Ghostly","Ghostly","Ghostly"]},{"damage_healed":0.0,"max_hp_gain":0.0,"max_hp_loss":0.0,"gold_gain":0.0,"event_name":"Addict","player_choice":"Obtained Relic","floor":22.0,"gold_loss":85.0,"damage_taken":0.0,"relics_obtained":["Potion Belt"]},{"damage_healed":0.0,"max_hp_gain":5.0,"max_hp_loss":0.0,"gold_gain":0.0,"event_name":"Forgotten Altar","player_choice":"Shed Blood","floor":24.0,"gold_loss":0.0,"damage_taken":9.0},{"cards_removed":["Doom and Gloom"],"damage_healed":0,"gold_gain":0,"player_choice":"Removed Attack","damage_taken":0,"max_hp_gain":0,"max_hp_loss":0,"event_name":"Falling","floor":36,"gold_loss":0},{"damage_healed":0,"gold_gain":0,"player_choice":"Embrace Madness","damage_taken":5,"max_hp_gain":0,"max_hp_loss":0,"event_name":"Winding Halls","floor":37,"gold_loss":0,"cards_obtained":["Madness","Madness"]},{"damage_healed":0,"gold_gain":0,"player_choice":"Bought 3 Potions","damage_taken":0,"max_hp_gain":0,"max_hp_loss":0,"event_name":"The Woman in Blue","floor":41,"gold_loss":0}],"is_beta":true,"boss_relics":[{"not_picked":["Tiny House","Calling Bell"],"picked":"Pandora\u0027s Box"},{"not_picked":["Snecko Eye","Empty Cage"],"picked":"Inserter"}],"items_purged_floors":[25,47],"is_endless":false,"potions_floor_spawned":[1,4,8,10,14,16,19,20,30,33,35,38,45,46],"ascension_level":2}