{"gold_per_floor":[110,110,123,123,48,74,90,90,115,134,134,134,153,153,153,250,250,270,287,301,400,400,400,419,448,471,561,561,571,471,471,471,576,576,589,589,589,604,604,604,479,499,526,543,393,393,393,412,412,412],"floor_reached":50,"playtime":1464,"items_purged":["Regret","Strike_R","Strike_R+1","Doubt"],"score":536,"play_id":"0dd78005-6a6b-4d3d-a231-7330cbfaadf1","local_time":"20190811225640","is_ascension_mode":true,"campfire_choices":[{"data":"Immolate","floor":8,"key":"SMITH"},{"data":"Anger","floor":11,"key":"SMITH"},{"data":"Iron Wave","floor":15,"key":"SMITH"},{"data":"Infernal Blade","floor":23,"key":"SMITH"},{"data":"Juggernaut","floor":28,"key":"SMITH"},{"data":"Inflame","floor":32,"key":"SMITH"},{"floor":40,"key":"REST"},{"floor":46,"key":"REST"},{"floor":49,"key":"REST"}],"neow_cost":"PERCENT_DAMAGE","seed_source_timestamp":426395693012700,"circlet_count":0,"master_deck":["Strike_R+1","Strike_R+1","Defend_R+1","Defend_R+1","Defend_R+1","Defend_R+1","Bash+1","Immolate+1","Clothesline+1","Inflame+1","Iron Wave+1","Anger+1","Cleave+1","Iron Wave+1","Juggernaut+1","Sword Boomerang+1","Infernal Blade+1","Shrug It Off+1","Parasite","Rage+1","Barricade+1","Rage+1"],"relics":["Burning Blood","Anchor","Bag of Marbles","Pen Nib","Centennial Puzzle","Cursed Key","Mercury Hourglass","Bag of Preparation","Bronze Scales","Velvet Choker","Mark of the Bloom","PreservedInsect"],"potions_floor_usage":[6,18,29,33,48,50],"damage_taken":[{"damage":0,"enemies":"Jaw Worm","floor":1,"turns":3},{"damage":0,"enemies":"Small Slimes","floor":3,"turns":3},{"damage":13,"enemies":"Lagavulin","floor":6,"turns":5},{"damage":6,"enemies":"2 Louse","floor":7,"turns":3},{"damage":0,"enemies":"Exordium Wildlife","floor":10,"turns":3},{"damage":0,"enemies":"Blue Slaver","floor":13,"turns":2},{"damage":0,"enemies":"Slime Boss","floor":16,"turns":4},{"damage":0,"enemies":"2 Thieves","floor":18,"turns":1},{"damage":0,"enemies":"Chosen","floor":19,"turns":2},{"damage":2,"enemies":"Centurion and Healer","floor":20,"turns":3},{"damage":0,"enemies":"Shelled Parasite and Fungi","floor":24,"turns":3},{"damage":19,"enemies":"Gremlin Leader","floor":25,"turns":5},{"damage":2,"enemies":"Sentry and Sphere","floor":29,"turns":3},{"damage":30,"enemies":"Automaton","floor":33,"turns":6},{"damage":0,"enemies":"3 Shapes","floor":35,"turns":1},{"damage":1,"enemies":"3 Darklings","floor":38,"turns":3},{"damage":0,"enemies":"Transient","floor":42,"turns":5},{"damage":0,"enemies":"4 Shapes","floor":44,"turns":1},{"damage":10,"enemies":"Maw","floor":48,"turns":6},{"damage":73,"enemies":"Donu and Deca","floor":50,"turns":6}],"seed_played":"-8258042253255688578","potions_obtained":[{"floor":1,"key":"Fire Potion"},{"floor":3,"key":"Strength Potion"},{"floor":6,"key":"Weak Potion"},{"floor":10,"key":"Swift Potion"},{"floor":19,"key":"SpeedPotion"},{"floor":35,"key":"FearPotion"},{"floor":44,"key":"Regen Potion"}],"is_trial":false,"path_per_floor":["M","?","M","?","$","E","M","R","T","M","R","?","M","?","R","B",null,"M","M","M","?","?","R","M","E","T","?","R","M","$","?","R","B",null,"M","?","?","M","?","R","$","M","T","M","$","R","?","M","R","B"],"character_chosen":"IRONCLAD","items_purchased":[],"campfire_rested":3,"item_purchase_floors":[],"current_hp_per_floor":[62,55,61,61,61,54,54,54,54,60,60,60,66,50,50,56,80,80,80,80,80,80,80,80,67,67,51,51,55,55,55,55,31,80,80,80,76,75,75,75,75,75,75,75,75,75,75,65,65,0],"gold":412,"neow_bonus":"THREE_RARE_CARDS","is_prod":false,"is_daily":false,"chose_seed":false,"campfire_upgraded":6,"win_rate":0,"timestamp":1565528200,"path_taken":["M","?","M","?","$","E","M","R","T","M","R","?","M","?","R","BOSS","M","M","M","?","?","R","M","E","T","?","R","?","$","?","R","BOSS","M","?","?","M","?","R","$","M","T","?","$","R","?","M","R","BOSS"],"build_version":"2019-07-17","purchased_purges":4,"victory":false,"max_hp_per_floor":[80,80,80,80,80,80,80,80,80,80,80,80,80,80,80,80,80,80,80,80,80,80,80,80,80,80,80,80,80,80,80,80,80,80,80,80,76,76,76,76,76,76,76,76,76,76,76,76,76,76],"card_choices":[{"not_picked":["Dark Embrace","Limit Break"],"picked":"Immolate","floor":0},{"not_picked":["Entrench","Burning Pact"],"picked":"Clothesline","floor":1},{"not_picked":["Disarm","Sword Boomerang"],"picked":"Inflame","floor":3},{"not_picked":["Offering","Headbutt"],"picked":"Iron Wave","floor":6},{"not_picked":["Cleave","Heavy Blade"],"picked":"Anger","floor":7},{"not_picked":["Heavy Blade","Exhume"],"picked":"Cleave","floor":10},{"not_picked":["Shrug It Off","Sever Soul"],"picked":"Iron Wave","floor":13},{"not_picked":["Impervious","Dark Embrace"],"picked":"Juggernaut","floor":16},{"not_picked":["Twin Strike","Armaments"],"picked":"Sword Boomerang+1","floor":18},{"not_picked":["Warcry","Twin Strike"],"picked":"Infernal Blade","floor":19},{"not_picked":["Pummel+1","Ghostly Armor+1","Clothesline"],"picked":"SKIP","floor":20},{"not_picked":["Clothesline","Pommel Strike"],"picked":"Shrug It Off+1","floor":24},{"not_picked":["Infernal Blade","Second Wind","Clash+1"],"picked":"SKIP","floor":25},{"not_picked":["Thunderclap+1","Wild Strike"],"picked":"Rage+1","floor":29},{"not_picked":["Juggernaut","Berserk"],"picked":"Barricade","floor":33},{"not_picked":["Clothesline+1","True Grit+1"],"picked":"Rage+1","floor":35},{"not_picked":["Cleave+1","Searing Blow","Inflame"],"picked":"SKIP","floor":38},{"not_picked":["Pommel Strike+1","Dropkick+1","Headbutt"],"picked":"SKIP","floor":42},{"not_picked":["Bloodletting","Evolve+1","Clash"],"picked":"SKIP","floor":44},{"not_picked":["Inflame+1","Thunderclap+1","Anger"],"picked":"SKIP","floor":48}],"player_experience":27865,"relics_obtained":[{"floor":6,"key":"Pen Nib"},{"floor":9,"key":"Centennial Puzzle"},{"floor":25,"key":"Bag of Preparation"},{"floor":26,"key":"Bronze Scales"},{"floor":43,"key":"PreservedInsect"}],"event_choices":[{"damage_healed":0,"gold_gain":0,"player_choice":"Success","damage_taken":7,"relics_obtained":["Anchor"],"max_hp_gain":0,"max_hp_loss":0,"event_name":"Scrap Ooze","floor":2,"gold_loss":0},{"damage_healed":0,"gold_gain":0,"player_choice":"Box","damage_taken":0,"relics_obtained":["Bag of Marbles"],"max_hp_gain":0,"max_hp_loss":0,"event_name":"Big Fish","floor":4,"gold_loss":0,"cards_obtained":["Regret"]},{"damage_healed":0,"gold_gain":0,"player_choice":"Ignored","damage_taken":0,"max_hp_gain":0,"max_hp_loss":0,"event_name":"Liars Game","floor":12,"gold_loss":0},{"damage_healed":0,"gold_gain":0,"player_choice":"Entered Light","damage_taken":16,"max_hp_gain":0,"max_hp_loss":0,"event_name":"Shining Light","floor":14,"gold_loss":0,"cards_upgraded":["Defend_R","Iron Wave"]},{"damage_healed":0,"gold_gain":99,"player_choice":"Stole From Cult","damage_taken":0,"max_hp_gain":0,"max_hp_loss":0,"event_name":"Nest","floor":21,"gold_loss":0},{"damage_healed":0,"gold_gain":0,"player_choice":"Opened","damage_taken":0,"relics_obtained":["Mercury Hourglass"],"max_hp_gain":0,"max_hp_loss":0,"event_name":"The Mausoleum","floor":22,"gold_loss":0},{"damage_healed":0,"gold_gain":90,"player_choice":"GOLD ","damage_taken":16,"max_hp_gain":0,"max_hp_loss":0,"event_name":"Knowing Skull","floor":27,"potions_obtained":[],"gold_loss":0,"cards_obtained":[]},{"damage_healed":0,"gold_gain":0,"player_choice":"Ignored","damage_taken":0,"max_hp_gain":0,"max_hp_loss":0,"event_name":"Ghosts","floor":31,"gold_loss":0},{"damage_healed":0,"gold_gain":0,"player_choice":"Upgrade","damage_taken":0,"relics_obtained":["Mark of the Bloom"],"max_hp_gain":0,"max_hp_loss":0,"event_name":"MindBloom","floor":36,"gold_loss":0,"cards_upgraded":["Strike_R","Strike_R","Strike_R","Strike_R","Defend_R","Defend_R","Defend_R","Bash","Clothesline","Cleave","Barricade"]},{"damage_healed":0,"gold_gain":0,"player_choice":"Max HP","damage_taken":0,"max_hp_gain":0,"max_hp_loss":4,"event_name":"Winding Halls","floor":37,"gold_loss":0},{"cards_removed":["Strike_R"],"damage_healed":0,"gold_gain":0,"player_choice":"Purged","damage_taken":0,"max_hp_gain":0,"max_hp_loss":0,"event_name":"Purifier","floor":39,"gold_loss":0},{"damage_healed":0,"gold_gain":0,"player_choice":"Memory 1","damage_taken":0,"max_hp_gain":0,"max_hp_loss":0,"event_name":"SensoryStone","floor":47,"gold_loss":0}],"is_beta":false,"boss_relics":[{"not_picked":["Philosopher\u0027s Stone","Orrery"],"picked":"Cursed Key"},{"not_picked":["Tiny House","Runic Cube"],"picked":"Velvet Choker"}],"items_purged_floors":[5,30,41,45],"is_endless":false,"potions_floor_spawned":[1,3,6,10,19,24,35,44],"killed_by":"Donu and Deca","ascension_level":1}