{"gold_per_floor":[116,134,148,148,167,192,208,208,288,313,313,327,79,99,99,175,175,188,188,188,88,108,108,142,156,156,156,174,198,210,248,260,344,356,388,414,476,506,537,549,580,592,631,90,143,160,160,179,179,179],"floor_reached":51,"playtime":5883,"items_purged":["Strike_B","Strike_B","Strike_B"],"score":1368,"play_id":"395a1e05-5f4b-43f3-97a2-dffc08510d72","local_time":"20190810031506","is_ascension_mode":true,"campfire_choices":[{"data":"Doom and Gloom","floor":8.0,"key":"SMITH"},{"data":"Defragment","floor":15.0,"key":"SMITH"},{"data":"Self Repair","floor":23.0,"key":"SMITH"},{"floor":27.0,"key":"REST"},{"data":"Echo Form","floor":32.0,"key":"SMITH"},{"floor":40,"key":"REST"},{"data":"Glacier","floor":42,"key":"SMITH"},{"data":"Multi-Cast","floor":47,"key":"SMITH"},{"data":"Reboot","floor":49,"key":"SMITH"}],"neow_cost":"NONE","seed_source_timestamp":960121154669224,"circlet_count":0,"master_deck":["AscendersBane","Strike_B","Defend_B","Defend_B","Defend_B","Defend_B","Zap","Dualcast","Doom and Gloom+1","Coolheaded","Compile Driver","Doom and Gloom+1","Cold Snap","Conserve Battery","Reboot+1","Conserve Battery","Sunder+1","Defragment+1","Cold Snap+1","Echo Form+1","RitualDagger+1","Self Repair+1","Conserve Battery+1","Doom and Gloom+1","Hyperbeam+1","Multi-Cast+1","Glacier+1"],"special_seed":0,"relics":["Cracked Core","Matryoshka","Mango","Blood Vial","Letter Opener","Molten Egg 2","Snecko Eye","Singing Bowl","Strawberry","Happy Flower","MawBank","Nilry\u0027s Codex","StoneCalendar","Nuclear Battery","Regal Pillow","Lee\u0027s Waffle","Vajra","Incense Burner"],"potions_floor_usage":[39,48,50],"damage_taken":[{"damage":4.0,"enemies":"Small Slimes","floor":1.0,"turns":3.0},{"damage":6.0,"enemies":"2 Louse","floor":2.0,"turns":3.0},{"damage":5.0,"enemies":"Jaw Worm","floor":3.0,"turns":3.0},{"damage":2.0,"enemies":"Large Slime","floor":5.0,"turns":4.0},{"damage":35.0,"enemies":"Lagavulin","floor":6.0,"turns":4.0},{"damage":9.0,"enemies":"Exordium Wildlife","floor":7.0,"turns":3.0},{"damage":13.0,"enemies":"Gremlin Nob","floor":10.0,"turns":4.0},{"damage":0.0,"enemies":"Red Slaver","floor":12.0,"turns":3.0},{"damage":0.0,"enemies":"3 Louse","floor":14.0,"turns":1.0},{"damage":11.0,"enemies":"Slime Boss","floor":16.0,"turns":7.0},{"damage":0.0,"enemies":"Chosen","floor":18.0,"turns":2.0},{"damage":17.0,"enemies":"Spheric Guardian","floor":22.0,"turns":7.0},{"damage":28.0,"enemies":"Gremlin Leader","floor":24.0,"turns":5.0},{"damage":19.0,"enemies":"Snake Plant","floor":25.0,"turns":2.0},{"damage":0.0,"enemies":"Snecko","floor":28.0,"turns":4.0},{"damage":13.0,"enemies":"Slavers","floor":31.0,"turns":8.0},{"damage":41,"enemies":"Champ","floor":33,"turns":16},{"damage":0,"enemies":"3 Shapes","floor":35,"turns":6},{"damage":7,"enemies":"3 Darklings","floor":36,"turns":2},{"damage":46,"enemies":"Transient","floor":38,"turns":6},{"damage":39,"enemies":"Spire Growth","floor":39,"turns":5},{"damage":0,"enemies":"3 Darklings","floor":41,"turns":2},{"damage":32,"enemies":"2 Orb Walkers","floor":45,"turns":3},{"damage":0,"enemies":"Transient","floor":46,"turns":6},{"damage":0,"enemies":"Jaw Worm Horde","floor":48,"turns":3},{"damage":19,"enemies":"Time Eater","floor":50,"turns":8}],"seed_played":"-8034944749644217106","potions_obtained":[{"floor":1.0,"key":"Explosive Potion"},{"floor":7.0,"key":"Block Potion"},{"floor":10.0,"key":"EssenceOfSteel"},{"floor":12.0,"key":"Block Potion"},{"floor":16.0,"key":"Fire Potion"},{"floor":22.0,"key":"Fire Potion"},{"floor":25.0,"key":"LiquidBronze"},{"floor":35,"key":"Explosive Potion"},{"floor":38,"key":"SpeedPotion"},{"floor":39,"key":"SkillPotion"}],"is_trial":false,"path_per_floor":["M","M","M","?","M","E","M","R","T","E","?","M","$","M","R","B",null,"M","?","?","$","M","R","E","M","T","R","M","T","?","E","R","B",null,"M","M","?","M","M","R","M","R","T","$","?","M","R","M","R","B",null],"character_chosen":"DEFECT","items_purchased":["Sunder+1","Defragment","Lee\u0027s Waffle","Vajra","Block Potion"],"campfire_rested":2,"item_purchase_floors":[13,13,44,44,44],"current_hp_per_floor":[67,61,56,51,49,28,19,19,19,8,8,10,10,12,12,3,70,72,66,66,66,58,58,44,27,34,64,66,66,45,56,56,27,84,98,95,85,53,28,61,63,63,63,118,98,112,112,116,116,109],"gold":179,"neow_bonus":"TEN_PERCENT_HP_BONUS","is_prod":false,"is_daily":false,"chose_seed":false,"campfire_upgraded":7,"win_rate":0,"timestamp":1565421306,"path_taken":["M","M","M","?","M","E","M","R","T","E","?","M","$","?","R","BOSS","M","?","?","?","M","R","E","M","T","R","?","?","?","E","R","BOSS","M","M","?","?","M","R","M","R","T","$","?","M","R","M","R","BOSS"],"build_version":"2019-07-17","purchased_purges":3,"victory":true,"max_hp_per_floor":[78,78,78,78,78,92,92,92,92,92,92,92,92,92,92,92,92,92,92,92,92,92,92,94,94,101,101,101,101,101,103,103,103,103,105,107,107,109,111,111,111,111,111,118,120,122,122,124,124,124],"card_choices":[{"not_picked":["Coolheaded","Gash"],"picked":"Doom and Gloom","floor":1.0},{"not_picked":["Streamline","Blizzard"],"picked":"Coolheaded","floor":2.0},{"not_picked":["Go for the Eyes","Self Repair"],"picked":"Compile Driver","floor":3.0},{"not_picked":["Fusion","Steam"],"picked":"Doom and Gloom","floor":5.0},{"not_picked":["Reboot","Rebound"],"picked":"Cold Snap","floor":6.0},{"not_picked":["Streamline","FTL"],"picked":"Conserve Battery","floor":7.0},{"not_picked":["Turbo","Scrape"],"picked":"Reboot","floor":10.0},{"not_picked":["Rebound+1","Reinforced Body"],"picked":"Conserve Battery","floor":12.0},{"not_picked":["Go for the Eyes+1","Ball Lightning+1"],"picked":"Cold Snap+1","floor":14.0},{"not_picked":["Biased Cognition","Hyperbeam+1"],"picked":"Echo Form","floor":16.0},{"not_picked":["Coolheaded","Fusion+1","Blizzard+1"],"picked":"SKIP","floor":18.0},{"not_picked":["Go for the Eyes+1","Stack"],"picked":"Conserve Battery+1","floor":22.0},{"not_picked":["Aggregate","Cold Snap+1","Chill"],"picked":"Singing Bowl","floor":24.0},{"not_picked":["Recycle+1","Compile Driver+1"],"picked":"Doom and Gloom+1","floor":25.0},{"not_picked":["Gash+1","Darkness"],"picked":"Hyperbeam+1","floor":28.0},{"not_picked":["Rebound+1","Turbo","Heatsinks"],"picked":"Singing Bowl","floor":31.0},{"not_picked":["Amplify","Seek"],"picked":"Multi-Cast","floor":33},{"not_picked":["Beam Cell+1","Tempest","Steam Power"],"picked":"Singing Bowl","floor":35},{"not_picked":["Rebound+1","Stack","Streamline+1"],"picked":"Singing Bowl","floor":36},{"not_picked":["Hologram+1","Turbo","Steam Power"],"picked":"Singing Bowl","floor":38},{"not_picked":["Fusion","Conserve Battery+1","Biased Cognition"],"picked":"Singing Bowl","floor":39},{"not_picked":["Streamline+1","Cold Snap+1"],"picked":"Glacier","floor":41},{"not_picked":["Static Discharge","BootSequence+1","Gash+1"],"picked":"Singing Bowl","floor":45},{"not_picked":["Auto Shields","Streamline+1","Melter+1"],"picked":"Singing Bowl","floor":46},{"not_picked":["Coolheaded","Redo","Ball Lightning+1"],"picked":"Singing Bowl","floor":48}],"player_experience":442131,"relics_obtained":[{"floor":6.0,"key":"Mango"},{"floor":9.0,"key":"Blood Vial"},{"floor":9.0,"key":"Letter Opener"},{"floor":10.0,"key":"Molten Egg 2"},{"floor":24.0,"key":"Singing Bowl"},{"floor":26.0,"key":"Strawberry"},{"floor":26.0,"key":"Happy Flower"},{"floor":29.0,"key":"MawBank"},{"floor":30.0,"key":"Nilry\u0027s Codex"},{"floor":31.0,"key":"StoneCalendar"},{"floor":43,"key":"Regal Pillow"},{"floor":45,"key":"Incense Burner"}],"event_choices":[{"damage_healed":0.0,"max_hp_gain":0.0,"max_hp_loss":0.0,"gold_gain":0.0,"event_name":"Scrap Ooze","player_choice":"Success","floor":4.0,"gold_loss":0.0,"damage_taken":5.0,"relics_obtained":["Matryoshka"]},{"damage_healed":0.0,"max_hp_gain":0.0,"max_hp_loss":0.0,"gold_gain":0.0,"event_name":"Living Wall","player_choice":"Grow","floor":11.0,"gold_loss":0.0,"damage_taken":0.0,"cards_upgraded":["Doom and Gloom"]},{"damage_healed":0.0,"max_hp_gain":0.0,"max_hp_loss":0.0,"gold_gain":0.0,"event_name":"Nest","player_choice":"Joined the Cult","floor":19.0,"gold_loss":0.0,"damage_taken":6.0,"cards_obtained":["RitualDagger"]},{"damage_healed":0.0,"max_hp_gain":0.0,"max_hp_loss":0.0,"gold_gain":0.0,"event_name":"The Library","player_choice":"Read","floor":20.0,"gold_loss":0.0,"damage_taken":0.0,"cards_obtained":["Self Repair"]},{"damage_healed":0.0,"max_hp_gain":0.0,"max_hp_loss":0.0,"gold_gain":0.0,"event_name":"Cursed Tome","player_choice":"Obtained Book","floor":30.0,"gold_loss":0.0,"damage_taken":21.0},{"damage_healed":0,"gold_gain":50,"player_choice":"Touch","damage_taken":10,"max_hp_gain":0,"max_hp_loss":0,"event_name":"FaceTrader","floor":37,"gold_loss":0},{"damage_healed":0,"gold_gain":0,"player_choice":"Fight","damage_taken":0,"max_hp_gain":0,"max_hp_loss":0,"event_name":"Mysterious Sphere","floor":45,"gold_loss":0}],"is_beta":false,"boss_relics":[{"not_picked":["Tiny House","FrozenCore"],"picked":"Snecko Eye"},{"not_picked":["White Beast Statue","Astrolabe"],"picked":"Nuclear Battery"}],"items_purged_floors":[13,21,44],"is_endless":false,"potions_floor_spawned":[1,7,10,12,16,22,25,35,38,39,46],"ascension_level":19}