{"gold_per_floor":[109,128,144,144,44,44,73,73,73,103,103,103,123,154,154,252,252,263,178,5,24,40,75,92,109,109,121,121,151,151,166,166,264,264,280,64,78,95,112,112,131,131,131,144,156,156,183,199,199,199],"floor_reached":51,"playtime":5840,"items_purged":["Writhe","Writhe"],"score":907,"play_id":"86cd8eb7-04b6-4c20-889c-a5dac02f727c","local_time":"20180816153107","is_ascension_mode":true,"campfire_choices":[{"data":"Defragment","floor":6.0,"key":"SMITH"},{"floor":8.0,"key":"REST"},{"floor":12.0,"key":"REST"},{"data":"Blizzard","floor":15.0,"key":"SMITH"},{"data":"Defragment","floor":28,"key":"SMITH"},{"data":"Coolheaded","floor":30,"key":"SMITH"},{"data":"Chill","floor":32,"key":"SMITH"},{"data":"Coolheaded","floor":40,"key":"SMITH"},{"data":"Creative AI","floor":46,"key":"SMITH"},{"data":"Barrage","floor":49,"key":"SMITH"}],"neow_cost":"NONE","seed_source_timestamp":0,"circlet_count":0,"master_deck":["Strike_B","Strike_B","Strike_B","Strike_B","Defend_B","Defend_B","Defend_B","Defend_B","Zap","Dualcast","Regret","Defragment+1","Coolheaded+1","Chill+1","Barrage","Capacitor","Echo Form","Blizzard+1","Melter","Barrage+1","Defragment+1","Force Field","Hologram+1","Creative AI+1","Coolheaded+1","Blizzard","Amplify","Consume","Defragment+1","Loop+1","Capacitor+1","Barrage","Coolheaded+1","Injury","Coolheaded","Echo Form+1","Cold Snap+1"],"special_seed":0,"relics":["Calling Bell","Orichalcum","Mummified Hand","Bird Faced Urn","Singing Bowl","Gremlin Horn","Lantern","Kunai","Sozu","Symbiotic Virus","DataDisk","Happy Flower","Bronze Scales","Oddly Smooth Stone","Eternal Feather","Pear","Frozen Egg 2"],"potions_floor_usage":[29],"damage_taken":[{"damage":3.0,"enemies":"2 Louse","floor":1.0,"turns":3.0},{"damage":9.0,"enemies":"Jaw Worm","floor":2.0,"turns":5.0},{"damage":7.0,"enemies":"Cultist","floor":3.0,"turns":5.0},{"damage":58.0,"enemies":"Gremlin Nob","floor":7.0,"turns":8.0},{"damage":21.0,"enemies":"Lagavulin","floor":10.0,"turns":8.0},{"damage":6.0,"enemies":"Looter","floor":13.0,"turns":4.0},{"damage":5.0,"enemies":"3 Sentries","floor":14.0,"turns":6.0},{"damage":38.0,"enemies":"Hexaghost","floor":16.0,"turns":10.0},{"damage":14.0,"enemies":"Shell Parasite","floor":18.0,"turns":6.0},{"damage":9.0,"enemies":"2 Thieves","floor":21.0,"turns":4.0},{"damage":27.0,"enemies":"Snake Plant","floor":22.0,"turns":4.0},{"damage":34.0,"enemies":"Gremlin Leader","floor":23.0,"turns":5.0},{"damage":1.0,"enemies":"Sentry and Sphere","floor":24.0,"turns":5.0},{"damage":6.0,"enemies":"Cultist and Chosen","floor":25.0,"turns":5.0},{"damage":9,"enemies":"Centurion and Healer","floor":27,"turns":5},{"damage":23,"enemies":"Book of Stabbing","floor":29,"turns":5},{"damage":25,"enemies":"Sentry and Sphere","floor":31,"turns":4},{"damage":32,"enemies":"Collector","floor":33,"turns":10},{"damage":10,"enemies":"3 Darklings","floor":35,"turns":4},{"damage":0,"enemies":"Flame Bruiser 1 Orb","floor":37,"turns":4},{"damage":41,"enemies":"3 Darklings","floor":38,"turns":5},{"damage":28,"enemies":"Spire Growth","floor":39,"turns":4},{"damage":18,"enemies":"Maw","floor":41,"turns":8},{"damage":42,"enemies":"Flame Bruiser 2 Orb","floor":44,"turns":7},{"damage":8,"enemies":"Spire Growth","floor":45,"turns":7},{"damage":18,"enemies":"Giant Head","floor":47,"turns":6},{"damage":0,"enemies":"4 Shapes","floor":48,"turns":6},{"damage":14,"enemies":"Donu and Deca","floor":50,"turns":9}],"seed_played":"8430051665130955719","potions_obtained":[{"floor":1.0,"key":"FocusPotion"},{"floor":3.0,"key":"Energy Potion"},{"floor":14.0,"key":"Weak Potion"}],"is_trial":false,"path_per_floor":["M","M","M","?","$","R","E","R","T","E","?","R","M","E","R","B",null,"M","?","$","M","M","E","M","M","T","M","R","E","R","M","R","B",null,"M","$","M","M","M","R","M","?","T","M","M","R","E","M","R","B"],"character_chosen":"DEFECT","items_purchased":["Barrage","DataDisk","Barrage","Consume","Defragment"],"campfire_rested":2,"item_purchase_floors":[5,20,20,36,36],"current_hp_per_floor":[72,65,60,65,65,65,9,33,33,18,18,42,40,43,43,13,84,76,76,76,73,56,34,43,47,47,60,60,55,55,40,40,40,88,85,85,90,63,49,67,83,83,93,69,81,102,102,102,102,102],"gold":199,"neow_bonus":"BOSS_RELIC","is_prod":false,"is_daily":false,"chose_seed":false,"campfire_upgraded":8,"win_rate":0,"timestamp":1534458667,"path_taken":["M","M","M","?","$","R","E","R","T","E","?","R","?","E","R","BOSS","M","?","$","M","M","E","M","?","T","M","R","E","R","M","R","BOSS","M","$","?","M","M","R","M","?","T","?","M","R","E","?","R","BOSS"],"build_version":"2018-08-09","purchased_purges":2,"victory":true,"max_hp_per_floor":[75,75,75,80,80,80,80,80,80,82,82,82,82,82,82,84,84,84,84,84,84,86,86,86,86,86,86,86,88,88,88,88,88,88,90,90,90,90,90,90,90,90,100,100,102,102,102,102,102,102],"card_choices":[{"not_picked":["Hologram","Coolheaded"],"picked":"Defragment","floor":1.0},{"not_picked":["Undo","Hologram"],"picked":"Coolheaded","floor":2.0},{"not_picked":["Steam","Rebound"],"picked":"Chill","floor":3.0},{"not_picked":["Auto Shields","Coolheaded"],"picked":"Capacitor","floor":7.0},{"not_picked":["Sweeping Beam","Leap","Rebound"],"picked":"Singing Bowl","floor":10.0},{"not_picked":["Capacitor","Steam Power"],"picked":"Echo Form","floor":13.0},{"not_picked":["Sweeping Beam","Redo"],"picked":"Blizzard","floor":14.0},{"not_picked":["All For One","Multi-Cast","Hyperbeam"],"picked":"Singing Bowl","floor":16.0},{"not_picked":["Steam","Go for the Eyes+1"],"picked":"Melter","floor":18.0},{"not_picked":["Streamline","Go for the Eyes+1"],"picked":"Defragment","floor":21.0},{"not_picked":["Stack","FTL","Redo"],"picked":"Singing Bowl","floor":22.0},{"not_picked":["Aggregate","Turbo"],"picked":"Force Field","floor":23.0},{"not_picked":["Streamline","Conserve Battery"],"picked":"Hologram+1","floor":24.0},{"not_picked":["Streamline","Aggregate+1"],"picked":"Creative AI","floor":25.0},{"not_picked":["Genetic Algorithm","Reprogram"],"picked":"Coolheaded","floor":27},{"not_picked":["Rebound","Aggregate","Hologram+1"],"picked":"Singing Bowl","floor":29},{"not_picked":["Hologram","Buffer"],"picked":"Blizzard","floor":31},{"not_picked":["All For One","Electrodynamics"],"picked":"Amplify","floor":33},{"not_picked":["BootSequence","Redo","Rebound+1"],"picked":"Singing Bowl","floor":35},{"not_picked":["Turbo+1","Self Repair+1"],"picked":"Loop+1","floor":37},{"not_picked":["Static Discharge","Doom and Gloom+1"],"picked":"Capacitor+1","floor":38},{"not_picked":["Gash+1","Melter"],"picked":"Barrage","floor":39},{"not_picked":["Compile Driver+1","Undo+1"],"picked":"Coolheaded+1","floor":41},{"not_picked":["Stack","Turbo"],"picked":"Coolheaded","floor":44},{"not_picked":["Rainbow","Rebound+1","Go for the Eyes+1"],"picked":"Singing Bowl","floor":45},{"not_picked":["Cold Snap","Conserve Battery"],"picked":"Echo Form","floor":47},{"not_picked":["Conserve Battery+1","Tempest"],"picked":"Cold Snap+1","floor":48}],"player_experience":651805,"relics_obtained":[{"floor":0.0,"key":"Orichalcum"},{"floor":0.0,"key":"Mummified Hand"},{"floor":0.0,"key":"Bird Faced Urn"},{"floor":7.0,"key":"Singing Bowl"},{"floor":9.0,"key":"Gremlin Horn"},{"floor":10.0,"key":"Lantern"},{"floor":14.0,"key":"Kunai"},{"floor":23.0,"key":"Happy Flower"},{"floor":26.0,"key":"Bronze Scales"},{"floor":29,"key":"Oddly Smooth Stone"},{"floor":43,"key":"Pear"},{"floor":47,"key":"Frozen Egg 2"}],"event_choices":[{"event_name":"Big Fish","player_choice":"Donut","floor":4.0,"damage_taken":0.0},{"event_name":"Liars Game","player_choice":"disagreed","floor":11.0,"damage_taken":0.0},{"event_name":"Addict","player_choice":"Obtained Relic","floor":19.0,"damage_taken":0.0},{"event_name":"Accursed Blacksmith","player_choice":"Forge","floor":42,"damage_taken":0}],"is_beta":false,"boss_relics":[{"not_picked":["Pandora\u0027s Box","Philosopher\u0027s Stone"],"picked":"Sozu"},{"not_picked":["Fusion Hammer","Snecko Eye"],"picked":"Eternal Feather"}],"items_purged_floors":[5,36],"is_endless":false,"potions_floor_spawned":[1,3,14,23,24,29,31,39,41,45],"ascension_level":4}