{"gold_per_floor":[118,118,29,49,49,49,114,128,183,208,321,371,403,417,417,513,513,524,574,624,634,695,723,723,758,785,861,502,82,197,197,197,301,301,311,326,376,111,180,140,140,36,36,71,91,91,109,138,138,138,138,138,5,33,33],"floor_reached":56,"playtime":6524,"items_purged":["Strike_B","Strike_B"],"score":1729,"play_id":"808a0c03-0b0f-4e8b-9c46-8ccd4f496c86","local_time":"20190722222931","is_ascension_mode":true,"campfire_choices":[{"data":"Defragment","floor":6.0,"key":"SMITH"},{"data":"Capacitor","floor":15.0,"key":"SMITH"},{"data":"Buffer","floor":24.0,"key":"SMITH"},{"data":"Capacitor","floor":32,"key":"SMITH"},{"data":"Buffer","floor":41,"key":"SMITH"},{"data":"Buffer","floor":46,"key":"SMITH"},{"floor":49,"key":"RECALL"},{"data":"White Noise","floor":52,"key":"SMITH"}],"neow_cost":"NONE","seed_source_timestamp":0,"circlet_count":0,"master_deck":["Defend_B","Defend_B+1","Defend_B+1","Defend_B","Zap+1","Dualcast","Cold Snap","Defragment+1","Ball Lightning","BootSequence","Chill","Rebound","Conserve Battery","Capacitor+1","Cold Snap","White Noise+1","Buffer+1","Ball Lightning","Ball Lightning+1","Cold Snap","Loop+1","Capacitor+1","Master of Strategy+1","Reboot","Buffer+1","Echo Form","Coolheaded+1","Steam Power+1","Buffer+1","Loop+1","White Noise+1","Redo+1","Glacier","Seek","Conserve Battery"],"special_seed":0,"relics":["Cracked Core","WarpedTongs","SsserpentHead","Anchor","Ancient Tea Set","Centennial Puzzle","DataDisk","Philosopher\u0027s Stone","Lantern","Ornamental Fan","Bronze Scales","Omamori","War Paint","Coffee Dripper","ClockworkSouvenir","Strawberry","Mercury Hourglass","Regal Pillow","Art of War","Blood Vial"],"potions_floor_usage":[30,33,36,36,50,55,55,55],"damage_taken":[{"damage":0.0,"enemies":"2 Louse","floor":1.0,"turns":2.0},{"damage":2.0,"enemies":"Cultist","floor":4.0,"turns":2.0},{"damage":1.0,"enemies":"Small Slimes","floor":7.0,"turns":3.0},{"damage":1.0,"enemies":"3 Louse","floor":8.0,"turns":4.0},{"damage":15.0,"enemies":"Lagavulin","floor":10.0,"turns":7.0},{"damage":18.0,"enemies":"Lagavulin Event","floor":11.0,"turns":5.0},{"damage":4.0,"enemies":"3 Sentries","floor":13.0,"turns":6.0},{"damage":0.0,"enemies":"Exordium Thugs","floor":14.0,"turns":5.0},{"damage":8.0,"enemies":"Hexaghost","floor":16.0,"turns":8.0},{"damage":16.0,"enemies":"3 Byrds","floor":18.0,"turns":4.0},{"damage":0.0,"enemies":"Spheric Guardian","floor":21.0,"turns":3.0},{"damage":0.0,"enemies":"Cultist and Chosen","floor":22.0,"turns":4.0},{"damage":0.0,"enemies":"Gremlin Leader","floor":23.0,"turns":7.0},{"damage":6.0,"enemies":"Book of Stabbing","floor":25.0,"turns":6.0},{"damage":0.0,"enemies":"Snecko","floor":30.0,"turns":4.0},{"damage":0,"enemies":"Champ","floor":33,"turns":7},{"damage":0,"enemies":"3 Shapes","floor":35,"turns":3},{"damage":0,"enemies":"3 Darklings","floor":36,"turns":5},{"damage":0,"enemies":"4 Shapes","floor":39,"turns":4},{"damage":0,"enemies":"Reptomancer","floor":44,"turns":6},{"damage":0,"enemies":"Writhing Mass","floor":45,"turns":5},{"damage":0,"enemies":"Spire Growth","floor":47,"turns":4},{"damage":0,"enemies":"Nemesis","floor":48,"turns":7},{"damage":3,"enemies":"Awakened One","floor":50,"turns":11},{"damage":18,"enemies":"Shield and Spear","floor":54,"turns":7},{"damage":47,"enemies":"The Heart","floor":55,"turns":11}],"seed_played":"7103803658866910841","potions_obtained":[{"floor":1.0,"key":"Fruit Juice"},{"floor":7.0,"key":"EssenceOfSteel"},{"floor":8.0,"key":"Energy Potion"},{"floor":14.0,"key":"Explosive Potion"},{"floor":16.0,"key":"Swift Potion"},{"floor":20.0,"key":"Weak Potion"},{"floor":20.0,"key":"Fire Potion"},{"floor":22.0,"key":"FearPotion"},{"floor":23.0,"key":"Block Potion"},{"floor":30,"key":"Block Potion"},{"floor":33,"key":"Regen Potion"},{"floor":44,"key":"Strength Potion"},{"floor":47,"key":"Weak Potion"},{"floor":54,"key":"Dexterity Potion"}],"is_trial":false,"path_per_floor":["M","?","$","M","?","R","M","M","T","E","?","?","E","M","R","B",null,"M","?","?","M","M","E","R","E","T","T","$","$","M","$","R","B",null,"M","M","?","$","M","?","R","$","T","E","M","R","M","E","R","B",null,"R","$","E","B",null],"character_chosen":"DEFECT","items_purchased":["Defragment","Ball Lightning","Omamori","Master of Strategy","Reboot","War Paint","Fruit Juice","Buffer","ClockworkSouvenir","Strawberry","Seek","Conserve Battery"],"campfire_rested":0,"item_purchase_floors":[3,3,28,28,29,29,29,38,38,42,53,53],"current_hp_per_floor":[75,75,75,73,73,73,72,76,76,61,43,27,23,23,23,15,64,48,48,48,48,48,48,48,42,42,42,42,42,47,47,47,47,76,76,76,76,76,76,76,76,83,83,83,83,83,83,83,83,80,89,89,89,71,41],"gold":33,"neow_bonus":"REMOVE_CARD","is_prod":false,"is_daily":false,"chose_seed":false,"campfire_upgraded":7,"win_rate":0,"timestamp":1563848971,"path_taken":["M","?","$","?","?","R","?","M","T","E","?","?","E","M","R","BOSS","M","?","?","M","?","E","R","E","T","?","?","$","?","$","R","BOSS","M","M","?","$","?","?","R","?","T","E","M","R","M","E","R","BOSS","R","$","E","BOSS"],"build_version":"2019-07-17","purchased_purges":2,"victory":true,"max_hp_per_floor":[75,75,75,75,75,75,75,80,80,80,80,80,80,80,80,80,80,80,80,80,80,80,80,80,80,80,80,80,80,85,85,85,85,85,85,85,85,85,85,85,85,92,92,92,92,92,92,92,92,92,92,92,92,92,92],"card_choices":[{"not_picked":["Reprogram","Go for the Eyes"],"picked":"Cold Snap","floor":1.0},{"not_picked":["Auto Shields","Steam"],"picked":"BootSequence","floor":4.0},{"not_picked":["Barrage","Chaos"],"picked":"Chill","floor":7.0},{"not_picked":["Sweeping Beam","Double Energy"],"picked":"Rebound","floor":8.0},{"not_picked":["Coolheaded","BootSequence"],"picked":"Conserve Battery","floor":10.0},{"not_picked":["Beam Cell","Core Surge"],"picked":"Capacitor","floor":11.0},{"not_picked":["Sweeping Beam","Static Discharge"],"picked":"Cold Snap","floor":13.0},{"not_picked":["Redo","Sweeping Beam"],"picked":"White Noise","floor":14.0},{"not_picked":["All For One","Meteor Strike"],"picked":"Buffer","floor":16.0},{"not_picked":["Skim","Redo"],"picked":"Ball Lightning","floor":18.0},{"not_picked":["Stack","Reprogram"],"picked":"Ball Lightning+1","floor":21.0},{"not_picked":["Melter","Hello World"],"picked":"Cold Snap","floor":22.0},{"not_picked":["Sweeping Beam","Doom and Gloom"],"picked":"Loop+1","floor":23.0},{"not_picked":["White Noise","Beam Cell+1"],"picked":"Capacitor","floor":25.0},{"not_picked":["Streamline+1","BootSequence"],"picked":"Buffer","floor":30},{"not_picked":["All For One","Fission"],"picked":"Echo Form","floor":33},{"not_picked":["Recycle+1","Self Repair+1"],"picked":"Coolheaded+1","floor":35},{"not_picked":["Barrage+1","Steam"],"picked":"Steam Power+1","floor":36},{"not_picked":["Turbo+1","Coolheaded","Hologram"],"picked":"SKIP","floor":39},{"not_picked":["Buffer","Rebound+1"],"picked":"Loop+1","floor":44},{"not_picked":["Steam","Tempest"],"picked":"White Noise+1","floor":45},{"not_picked":["Chaos+1","Conserve Battery"],"picked":"Redo+1","floor":47},{"not_picked":["Rebound","Recycle+1"],"picked":"Glacier","floor":48},{"not_picked":["Barrage","Doom and Gloom+1","Streamline"],"picked":"SKIP","floor":54}],"player_experience":292932,"relics_obtained":[{"floor":9.0,"key":"Anchor"},{"floor":10.0,"key":"Ancient Tea Set"},{"floor":11.0,"key":"Centennial Puzzle"},{"floor":13.0,"key":"DataDisk"},{"floor":23.0,"key":"Lantern"},{"floor":25.0,"key":"Ornamental Fan"},{"floor":26.0,"key":"Bronze Scales"},{"floor":43,"key":"Mercury Hourglass"},{"floor":44,"key":"Regal Pillow"},{"floor":48,"key":"Art of War"},{"floor":54,"key":"Blood Vial"}],"event_choices":[{"damage_healed":0.0,"max_hp_gain":0.0,"max_hp_loss":0.0,"gold_gain":0.0,"event_name":"Accursed Blacksmith","player_choice":"Rummage","floor":2.0,"gold_loss":0.0,"damage_taken":0.0,"relics_obtained":["WarpedTongs"],"cards_obtained":["Pain"]},{"damage_healed":0.0,"max_hp_gain":0.0,"max_hp_loss":0.0,"gold_gain":0.0,"event_name":"FaceTrader","player_choice":"Trade","floor":5.0,"gold_loss":0.0,"damage_taken":0.0,"relics_obtained":["SsserpentHead"]},{"damage_healed":0.0,"max_hp_gain":0.0,"max_hp_loss":0.0,"gold_gain":30.0,"event_name":"Dead Adventurer","player_choice":"Searched \u00272\u0027 times","floor":11.0,"gold_loss":0.0,"damage_taken":0.0},{"damage_healed":0.0,"max_hp_gain":0.0,"max_hp_loss":0.0,"gold_gain":0.0,"event_name":"Shining Light","player_choice":"Entered Light","floor":12.0,"gold_loss":0.0,"damage_taken":16.0,"cards_upgraded":["Strike_B","Defend_B"]},{"cards_removed":["Pain"],"damage_healed":0.0,"max_hp_gain":0.0,"max_hp_loss":0.0,"gold_gain":0.0,"event_name":"Back to Basics","player_choice":"Elegance","floor":19.0,"gold_loss":0.0,"damage_taken":0.0},{"damage_healed":0.0,"max_hp_gain":0.0,"max_hp_loss":0.0,"gold_gain":0.0,"event_name":"Lab","player_choice":"Got Potions","floor":20.0,"gold_loss":0.0,"damage_taken":0.0},{"damage_healed":0,"gold_gain":0,"player_choice":"Ignored","damage_taken":0,"max_hp_gain":0,"max_hp_loss":0,"event_name":"SecretPortal","floor":37,"gold_loss":0},{"cards_removed":["Strike_B"],"damage_healed":0,"gold_gain":0,"player_choice":"Upgrade and Remove","damage_taken":0,"max_hp_gain":0,"max_hp_loss":0,"event_name":"Designer","floor":40,"gold_loss":90,"cards_upgraded":["Zap"]}],"is_beta":false,"boss_relics":[{"not_picked":["Eternal Feather","Busted Crown"],"picked":"Philosopher\u0027s Stone"},{"not_picked":["Runic Dome","Pandora\u0027s Box"],"picked":"Coffee Dripper"}],"items_purged_floors":[28,29],"is_endless":false,"potions_floor_spawned":[1,7,8,14,16,22,23,30,33,44,47,48,54],"ascension_level":5}