{"gold_per_floor":[113,113,43,43,57,71,71,84,84,96,108,124,124,141,141,141],"floor_reached":16,"playtime":235,"items_purged":[],"score":96,"play_id":"dd137fa5-1658-47a0-b647-176e3f1fffc8","local_time":"20190425210843","is_ascension_mode":false,"campfire_choices":[{"data":"Sweeping Beam","floor":13,"key":"SMITH"},{"floor":15,"key":"REST"}],"neow_cost":"NONE","seed_source_timestamp":1119223478697151,"circlet_count":0,"master_deck":["Strike_B","Strike_B","Strike_B","Strike_B","Defend_B","Defend_B","Defend_B","Zap","Dualcast","Compile Driver","FTL","Sweeping Beam","Redo+1","Sweeping Beam+1","Compile Driver","FTL","Compile Driver","FTL"],"relics":["Cracked Core","NeowsBlessing","CultistMask","Toxic Egg 2","Sundial"],"potions_floor_usage":[],"damage_taken":[{"damage":0,"enemies":"2 Louse","floor":1,"turns":1},{"damage":0,"enemies":"Cultist","floor":5,"turns":1},{"damage":0,"enemies":"Jaw Worm","floor":6,"turns":1},{"damage":3,"enemies":"Red Slaver","floor":8,"turns":2},{"damage":4,"enemies":"Gremlin Gang","floor":10,"turns":3},{"damage":10,"enemies":"Looter","floor":11,"turns":2},{"damage":6,"enemies":"Exordium Wildlife","floor":12,"turns":3},{"damage":0,"enemies":"3 Louse","floor":14,"turns":1},{"damage":0,"enemies":"Hexaghost","floor":16,"turns":1}],"seed_played":"-3441281672056951880","potions_obtained":[{"floor":5,"key":"SteroidPotion"},{"floor":6,"key":"SkillPotion"},{"floor":10,"key":"Block Potion"}],"is_trial":false,"path_per_floor":["M","?","$","T","M","M","?","M","T","M","M","M","R","M","R","B"],"character_chosen":"DEFECT","items_purchased":["FTL"],"campfire_rested":1,"item_purchase_floors":[3],"current_hp_per_floor":[75,75,75,75,75,75,68,65,65,61,51,45,45,45,67,67],"gold":141,"neow_bonus":"THREE_ENEMY_KILL","is_prod":false,"is_daily":false,"chose_seed":false,"campfire_upgraded":1,"win_rate":0,"timestamp":1556251723,"path_taken":["M","?","$","?","M","M","?","M","T","?","M","M","R","M","R","BOSS"],"build_version":"2019-01-23","purchased_purges":0,"victory":false,"max_hp_per_floor":[75,75,75,75,75,75,75,75,75,75,75,75,75,75,75,75],"card_choices":[{"not_picked":["Hologram","Gash"],"picked":"Compile Driver","floor":1},{"not_picked":["Cold Snap","Scrape"],"picked":"Sweeping Beam","floor":5},{"not_picked":["Skim+1","Heatsinks"],"picked":"Redo+1","floor":6},{"not_picked":["Leap+1","Go for the Eyes"],"picked":"Sweeping Beam","floor":8},{"not_picked":["Self Repair","Reboot+1"],"picked":"Compile Driver","floor":10},{"not_picked":["Chaos+1","Lockon"],"picked":"FTL","floor":11},{"not_picked":["Chill+1","Reprogram+1"],"picked":"Compile Driver","floor":12},{"not_picked":["Sweeping Beam","Conserve Battery+1"],"picked":"FTL","floor":14}],"player_experience":1303366,"relics_obtained":[{"floor":4,"key":"Toxic Egg 2"},{"floor":9,"key":"Sundial"}],"event_choices":[{"damage_healed":0,"gold_gain":0,"player_choice":"Trade","damage_taken":0,"relics_obtained":["CultistMask"],"max_hp_gain":0,"max_hp_loss":0,"event_name":"FaceTrader","floor":2,"gold_loss":0},{"cards_removed":["Defend_B"],"damage_healed":0,"gold_gain":0,"player_choice":"Card Removal","damage_taken":7,"max_hp_gain":0,"max_hp_loss":0,"event_name":"Golden Wing","floor":7,"gold_loss":0}],"is_beta":false,"boss_relics":[],"items_purged_floors":[],"is_endless":false,"potions_floor_spawned":[5,6,10],"killed_by":"Hexaghost","ascension_level":0}