{"gold_per_floor":[109,29,104,120,120,120,120,156,156,171,171,194,207,226,226,324,324,345,225,7,28,28,28],"floor_reached":23,"playtime":1074,"items_purged":["Injury"],"score":372,"play_id":"f56696d6-e411-48e8-9dd7-6f7d27559f79","local_time":"20190607182527","is_ascension_mode":true,"campfire_choices":[{"data":"Defragment","floor":6.0,"key":"SMITH"},{"data":"Coolheaded","floor":11,"key":"SMITH"},{"floor":15,"key":"REST"}],"neow_cost":"NONE","seed_source_timestamp":0,"circlet_count":0,"master_deck":["AscendersBane","Strike_B","Strike_B","Strike_B","Strike_B","Defend_B","Defend_B","Defend_B","Defend_B","Zap","Dualcast","Defragment+1","Glacier","Coolheaded+1","Amplify","Coolheaded","Loop","Reboot","Hologram+1","Cold Snap"],"special_seed":0,"relics":["Velvet Choker","Golden Idol","Smiling Mask","StoneCalendar","Cursed Key","Strawberry"],"potions_floor_usage":[13,13],"damage_taken":[{"damage":1.0,"enemies":"Cultist","floor":1.0,"turns":3.0},{"damage":2.0,"enemies":"2 Louse","floor":4.0,"turns":2.0},{"damage":2,"enemies":"Lagavulin","floor":8,"turns":9},{"damage":0,"enemies":"Small Slimes","floor":10,"turns":6},{"damage":7,"enemies":"Blue Slaver","floor":12,"turns":5},{"damage":33,"enemies":"Gremlin Gang","floor":13,"turns":7},{"damage":0,"enemies":"2 Fungi Beasts","floor":14,"turns":5},{"damage":28,"enemies":"Slime Boss","floor":16,"turns":14},{"damage":0,"enemies":"Chosen","floor":18,"turns":7},{"damage":15,"enemies":"2 Thieves","floor":19,"turns":5},{"damage":30,"enemies":"Shelled Parasite and Fungi","floor":21,"turns":7},{"damage":21,"enemies":"Gremlin Leader","floor":23,"turns":1}],"seed_played":"-2318478917208019526","potions_obtained":[{"floor":8,"key":"GamblersBrew"},{"floor":10,"key":"Swift Potion"},{"floor":13,"key":"Strength Potion"},{"floor":18,"key":"SpeedPotion"}],"is_trial":false,"path_per_floor":["M","$","?","M","?","R","?","E","T","M","R","M","M","M","R","B",null,"M","M","$","M","?","E"],"character_chosen":"DEFECT","items_purchased":["Glacier","Strawberry"],"campfire_rested":1,"item_purchase_floors":[2,20],"current_hp_per_floor":[63,63,52,50,50,50,50,48,48,48,48,41,8,8,29,1,54,54,39,46,16,16,0],"gold":28,"neow_bonus":"BOSS_RELIC","is_prod":false,"is_daily":false,"chose_seed":false,"campfire_upgraded":2,"win_rate":0,"timestamp":1559957127,"path_taken":["M","$","?","M","?","R","?","E","T","?","R","?","M","M","R","BOSS","M","M","$","M","?","E"],"build_version":"2019-01-23","purchased_purges":1,"victory":false,"max_hp_per_floor":[71,71,71,71,71,71,71,71,71,71,71,71,71,71,71,71,71,71,71,78,78,78,78],"card_choices":[{"not_picked":["Leap","Sweeping Beam"],"picked":"Defragment","floor":1.0},{"not_picked":["Loop","Compile Driver"],"picked":"Coolheaded","floor":4.0},{"not_picked":["Redo","Reprogram"],"picked":"Amplify","floor":8},{"not_picked":["BootSequence","Heatsinks"],"picked":"Coolheaded","floor":10},{"not_picked":["Compile Driver","Beam Cell","Streamline"],"picked":"SKIP","floor":12},{"not_picked":["Scrape","Ball Lightning","Streamline"],"picked":"SKIP","floor":13},{"not_picked":["Leap","Gash"],"picked":"Loop","floor":14},{"not_picked":["Seek","Core Surge"],"picked":"Reboot","floor":16},{"not_picked":["Steam","Streamline","Sweeping Beam"],"picked":"SKIP","floor":18},{"not_picked":["Leap","Conserve Battery"],"picked":"Hologram+1","floor":19},{"not_picked":["Barrage","Compile Driver"],"picked":"Cold Snap","floor":21}],"player_experience":1386537,"relics_obtained":[{"floor":8,"key":"Smiling Mask"},{"floor":9,"key":"StoneCalendar"}],"event_choices":[{"damage_healed":0.0,"max_hp_gain":0.0,"max_hp_loss":0.0,"gold_gain":75.0,"event_name":"World of Goop","player_choice":"Gather Gold","floor":3.0,"gold_loss":0.0,"damage_taken":11.0},{"damage_healed":0.0,"max_hp_gain":0.0,"max_hp_loss":0.0,"gold_gain":0.0,"event_name":"Golden Idol","player_choice":"Take Wound","floor":5.0,"gold_loss":0.0,"damage_taken":0.0,"relics_obtained":["Golden Idol"],"cards_obtained":["Injury"]},{"damage_healed":0,"gold_gain":0,"player_choice":"Searched \u00270\u0027 times","damage_taken":0,"max_hp_gain":0,"max_hp_loss":0,"event_name":"Dead Adventurer","floor":7,"gold_loss":0},{"damage_healed":0,"gold_gain":0,"player_choice":"Ignored","damage_taken":0,"max_hp_gain":0,"max_hp_loss":0,"event_name":"Ghosts","floor":22,"gold_loss":0}],"is_beta":false,"boss_relics":[{"not_picked":["Runic Dome","Sozu"],"picked":"Cursed Key"}],"items_purged_floors":[20],"is_endless":false,"potions_floor_spawned":[8,10,12,13,18,21],"killed_by":"Gremlin Leader","ascension_level":19}