{"gold_per_floor":[117,127,30,80,100,100,131,131,155,189,205,205,231,244,244,340,340,358,191,202,221,239,239,253,288,288,316,231,250,250,60,60,60],"floor_reached":33,"playtime":1265,"items_purged":["Defend_R","Strike_R"],"score":373,"play_id":"cf0505db-530b-4d8f-aa44-7be69aa1f4cd","local_time":"20190501024109","is_ascension_mode":true,"campfire_choices":[{"data":"Rampage","floor":6,"key":"SMITH"},{"data":"Bash","floor":8,"key":"SMITH"},{"floor":12,"key":"REST"},{"floor":15,"key":"REST"},{"floor":23,"key":"REST"},{"floor":30,"key":"REST"},{"floor":32,"key":"REST"}],"neow_cost":"NONE","seed_source_timestamp":15698381310487,"circlet_count":0,"master_deck":["Strike_R","Strike_R","Strike_R","Strike_R","Defend_R","Defend_R","Defend_R","Bash+1","Perfected Strike","Metallicize","Pommel Strike","Wild Strike","Rampage+1","Dual Wield","Headbutt","Double Tap","Headbutt+1","Warcry+1","Burning Pact","Headbutt"],"relics":["Burning Blood","Oddly Smooth Stone","Bottled Flame","Red Skull","The Courier","Strawberry","Velvet Choker","Tiny Chest","Centennial Puzzle","Toxic Egg 2","Red Mask","Blood Vial","Matryoshka"],"potions_floor_usage":[16,25,29],"damage_taken":[{"damage":6,"enemies":"Cultist","floor":1,"turns":3},{"damage":3,"enemies":"2 Louse","floor":2,"turns":4},{"damage":12,"enemies":"Jaw Worm","floor":5,"turns":2},{"damage":26,"enemies":"Gremlin Nob","floor":7,"turns":4},{"damage":34,"enemies":"Lagavulin","floor":10,"turns":5},{"damage":13,"enemies":"Blue Slaver","floor":11,"turns":3},{"damage":18,"enemies":"3 Sentries","floor":13,"turns":6},{"damage":15,"enemies":"Large Slime","floor":14,"turns":3},{"damage":43,"enemies":"The Guardian","floor":16,"turns":8},{"damage":23,"enemies":"3 Byrds","floor":18,"turns":5},{"damage":0,"enemies":"Spheric Guardian","floor":20,"turns":3},{"damage":28,"enemies":"3 Cultists","floor":21,"turns":6},{"damage":12,"enemies":"Cultist and Chosen","floor":22,"turns":4},{"damage":0,"enemies":"Snecko","floor":24,"turns":2},{"damage":54,"enemies":"Slavers","floor":25,"turns":5},{"damage":10,"enemies":"Masked Bandits","floor":27,"turns":3},{"damage":8,"enemies":"Centurion and Healer","floor":29,"turns":3},{"damage":98,"enemies":"Automaton","floor":33,"turns":6}],"seed_played":"302689798527268725","potions_obtained":[{"floor":7,"key":"SneckoOil"},{"floor":11,"key":"GamblersBrew"},{"floor":13,"key":"Explosive Potion"},{"floor":22,"key":"GamblersBrew"},{"floor":24,"key":"Poison Potion"}],"is_trial":false,"path_per_floor":["M","M","$","T","M","R","E","R","T","E","M","R","E","M","R","B",null,"M","$","M","M","M","R","M","E","T","?","?","M","R","$","R","B"],"character_chosen":"IRONCLAD","items_purchased":["Wild Strike","Tiny Chest","Matryoshka"],"campfire_rested":5,"item_purchase_floors":[3,19,31],"current_hp_per_floor":[72,75,75,75,69,69,49,49,49,21,14,38,33,24,50,13,69,52,52,58,36,30,56,62,14,14,10,10,10,36,36,62,0],"gold":60,"neow_bonus":"THREE_CARDS","is_prod":false,"is_daily":false,"chose_seed":false,"campfire_upgraded":2,"win_rate":0,"timestamp":1556703669,"path_taken":["M","M","$","?","M","R","E","R","T","E","M","R","E","M","R","BOSS","M","$","M","?","M","R","M","E","T","?","?","M","R","$","R","BOSS"],"build_version":"2019-01-23","purchased_purges":2,"victory":false,"max_hp_per_floor":[80,80,80,80,80,80,80,80,80,80,80,80,87,87,87,87,87,87,87,87,87,87,87,87,87,87,87,87,87,87,87,87,87],"card_choices":[{"not_picked":["Cleave","Fire Breathing"],"picked":"Perfected Strike","floor":0},{"not_picked":["Thunderclap","Armaments"],"picked":"Metallicize","floor":1},{"not_picked":["Fire Breathing","Headbutt"],"picked":"Pommel Strike","floor":2},{"not_picked":["Intimidate","Sentinel"],"picked":"Rampage","floor":5},{"not_picked":["Carnage","Limit Break","Twin Strike"],"picked":"SKIP","floor":7},{"not_picked":["Clothesline","Power Through","Cleave"],"picked":"SKIP","floor":10},{"not_picked":["Ghostly Armor","Perfected Strike"],"picked":"Dual Wield","floor":11},{"not_picked":["Infernal Blade","Shrug It Off"],"picked":"Headbutt","floor":13},{"not_picked":["Flex","Reckless Charge","Body Slam"],"picked":"SKIP","floor":14},{"not_picked":["Fiend Fire","Limit Break"],"picked":"Double Tap","floor":16},{"not_picked":["Sword Boomerang","Whirlwind"],"picked":"Headbutt+1","floor":18},{"not_picked":["Thunderclap+1","Clothesline"],"picked":"Warcry+1","floor":20},{"not_picked":["Sword Boomerang","Body Slam","Anger+1"],"picked":"SKIP","floor":21},{"not_picked":["Infernal Blade","Dropkick","Demon Form"],"picked":"SKIP","floor":22},{"not_picked":["Heavy Blade+1","Armaments"],"picked":"Burning Pact","floor":24},{"not_picked":["Wild Strike","Disarm"],"picked":"Headbutt","floor":25},{"not_picked":["Body Slam","Clothesline","Twin Strike"],"picked":"SKIP","floor":29}],"player_experience":1315531,"relics_obtained":[{"floor":4,"key":"Oddly Smooth Stone"},{"floor":7,"key":"Bottled Flame"},{"floor":9,"key":"Red Skull"},{"floor":10,"key":"The Courier"},{"floor":13,"key":"Strawberry"},{"floor":25,"key":"Centennial Puzzle"},{"floor":26,"key":"Toxic Egg 2"},{"floor":27,"key":"Red Mask"}],"event_choices":[{"damage_healed":0,"gold_gain":0,"player_choice":"Fought Bandits","damage_taken":0,"max_hp_gain":0,"max_hp_loss":0,"event_name":"Masked Bandits","floor":27,"gold_loss":0},{"damage_healed":0,"gold_gain":0,"player_choice":"Obtained Relic","damage_taken":0,"relics_obtained":["Blood Vial"],"max_hp_gain":0,"max_hp_loss":0,"event_name":"Addict","floor":28,"gold_loss":85}],"is_beta":false,"boss_relics":[{"not_picked":["Coffee Dripper","Runic Pyramid"],"picked":"Velvet Choker"}],"items_purged_floors":[3,19],"is_endless":false,"potions_floor_spawned":[7,11,13,14,22,24],"killed_by":"Automaton","ascension_level":6}