{"gold_per_floor":[110,122,72,72,72,72,106,119,119,131,131,144,176,201,213,323,335,361,373,385,411,442,479,503,515,527,555,567,579,602,631,643,655],"floor_reached":33,"playtime":5097,"items_purged":[],"score":381,"play_id":"15dcd102-a646-4af6-9a68-5924af7028d1","local_time":"20190603144424","is_ascension_mode":true,"campfire_choices":[{"data":"Double Tap","floor":6.0,"key":"SMITH"},{"data":"True Grit","floor":11.0,"key":"SMITH"},{"data":"Armaments","floor":15,"key":"SMITH"},{"data":"True Grit","floor":25,"key":"SMITH"},{"data":"True Grit","floor":29,"key":"SMITH"},{"data":"Offering","floor":32,"key":"SMITH"}],"neow_cost":"NONE","seed_source_timestamp":0,"circlet_count":0,"master_deck":["Strike_R+1","Strike_R+1","Strike_R+1","Defend_R","Defend_R","Defend_R","Bash","Headbutt+1","Battle Trance","Double Tap+1","Madness","True Grit+1","Metallicize","Armaments+1","Intimidate","True Grit+1","Immolate","True Grit+1","Evolve","Pommel Strike","Shrug It Off","Offering+1"],"special_seed":0,"relics":["Burning Blood","NeowsBlessing","Whetstone","Mercury Hourglass","MawBank","Empty Cage","MutagenicStrength","Enchiridion","Pantograph","Ornamental Fan","Letter Opener"],"potions_floor_usage":[27,33],"damage_taken":[{"damage":0.0,"enemies":"Small Slimes","floor":1.0,"turns":1.0},{"damage":0.0,"enemies":"2 Louse","floor":2.0,"turns":1.0},{"damage":0.0,"enemies":"3 Sentries","floor":7.0,"turns":2.0},{"damage":0.0,"enemies":"Cultist","floor":8.0,"turns":2.0},{"damage":6.0,"enemies":"Looter","floor":10.0,"turns":3.0},{"damage":1.0,"enemies":"Blue Slaver","floor":12.0,"turns":3.0},{"damage":6.0,"enemies":"Lagavulin","floor":13.0,"turns":5.0},{"damage":4,"enemies":"Exordium Thugs","floor":14,"turns":3},{"damage":62,"enemies":"The Guardian","floor":16,"turns":10},{"damage":9,"enemies":"Shell Parasite","floor":18,"turns":5},{"damage":0,"enemies":"Chosen","floor":21,"turns":4},{"damage":31,"enemies":"Shelled Parasite and Fungi","floor":22,"turns":3},{"damage":0,"enemies":"Gremlin Leader","floor":23,"turns":5},{"damage":14,"enemies":"Snecko","floor":24,"turns":5},{"damage":24,"enemies":"Centurion and Healer","floor":27,"turns":5},{"damage":0,"enemies":"Cultist and Chosen","floor":30,"turns":4},{"damage":4,"enemies":"Snake Plant","floor":31,"turns":3},{"damage":69,"enemies":"Champ","floor":33,"turns":14}],"seed_played":"1504891794494969634","potions_obtained":[{"floor":10.0,"key":"AttackPotion"},{"floor":13,"key":"LiquidBronze"},{"floor":16,"key":"PowerPotion"},{"floor":22,"key":"Ancient Potion"},{"floor":23,"key":"AttackPotion"},{"floor":27,"key":"BloodPotion"},{"floor":31,"key":"PowerPotion"}],"is_trial":false,"path_per_floor":["M","M","?","?","?","R","E","M","T","M","R","M","E","M","R","B",null,"M","?","?","M","M","E","M","R","T","M","?","R","M","M","R","B"],"character_chosen":"IRONCLAD","items_purchased":[],"campfire_rested":0,"item_purchase_floors":[],"current_hp_per_floor":[80,80,80,64,64,64,70,76,76,76,76,80,80,80,80,24,80,77,77,61,67,42,48,40,40,40,22,22,22,28,30,30,0],"gold":655,"neow_bonus":"THREE_ENEMY_KILL","is_prod":false,"is_daily":false,"chose_seed":false,"campfire_upgraded":6,"win_rate":0,"timestamp":1559587464,"path_taken":["M","M","?","?","?","R","E","M","T","M","R","M","E","M","R","BOSS","M","?","?","M","M","E","M","R","T","M","?","R","M","?","R","BOSS"],"build_version":"2019-01-23","purchased_purges":0,"victory":false,"max_hp_per_floor":[80,80,80,80,80,80,80,80,80,80,80,80,80,80,80,80,80,80,80,80,80,80,80,80,80,80,80,80,80,80,80,80,80],"card_choices":[{"not_picked":["Clothesline","Clash"],"picked":"Headbutt","floor":1.0},{"not_picked":["Flex","Havoc"],"picked":"Battle Trance","floor":2.0},{"not_picked":["Cleave","Warcry","Entrench"],"picked":"SKIP","floor":7.0},{"not_picked":["Headbutt","Feel No Pain"],"picked":"True Grit","floor":8.0},{"not_picked":["Fire Breathing","Feed"],"picked":"Metallicize","floor":10.0},{"not_picked":["Flex","Cleave"],"picked":"Armaments","floor":12.0},{"not_picked":["Sword Boomerang","Flex"],"picked":"Intimidate","floor":13},{"not_picked":["Flex","Twin Strike"],"picked":"True Grit","floor":14},{"not_picked":["Exhume","Feed"],"picked":"Immolate","floor":16},{"not_picked":["Inflame","Twin Strike"],"picked":"True Grit","floor":18},{"not_picked":["Hemokinesis","Iron Wave+1","Clothesline"],"picked":"SKIP","floor":21},{"not_picked":["Anger+1","Rage"],"picked":"Evolve","floor":22},{"not_picked":["Sever Soul","Warcry","Twin Strike+1"],"picked":"SKIP","floor":23},{"not_picked":["Carnage","Uppercut","Headbutt"],"picked":"SKIP","floor":24},{"not_picked":["Cleave","Headbutt"],"picked":"Pommel Strike","floor":27},{"not_picked":["Clash","Warcry"],"picked":"Shrug It Off","floor":30},{"not_picked":["Anger","Rampage"],"picked":"Offering","floor":31}],"player_experience":48629,"relics_obtained":[{"floor":7.0,"key":"Whetstone"},{"floor":9.0,"key":"Mercury Hourglass"},{"floor":13,"key":"MawBank"},{"floor":20,"key":"Enchiridion"},{"floor":23,"key":"Pantograph"},{"floor":26,"key":"Ornamental Fan"}],"event_choices":[{"cards_removed":["Strike_R"],"damage_healed":0.0,"max_hp_gain":0.0,"max_hp_loss":0.0,"gold_gain":0.0,"event_name":"The Cleric","player_choice":"Card Removal","floor":3.0,"gold_loss":50.0,"damage_taken":0.0},{"damage_healed":0.0,"max_hp_gain":0.0,"max_hp_loss":0.0,"gold_gain":0.0,"event_name":"Shining Light","player_choice":"Entered Light","floor":4.0,"gold_loss":0.0,"damage_taken":16.0,"cards_upgraded":["Headbutt","Strike_R"]},{"damage_healed":0.0,"max_hp_gain":0.0,"max_hp_loss":0.0,"gold_gain":0.0,"event_name":"Match and Keep!","player_choice":"2 cards matched","floor":5.0,"gold_loss":0.0,"damage_taken":0.0,"cards_obtained":["Double Tap","Madness"]},{"damage_healed":0,"gold_gain":0,"player_choice":"Inject Mutagens","damage_taken":0,"relics_obtained":["MutagenicStrength"],"max_hp_gain":0,"max_hp_loss":0,"event_name":"Drug Dealer","floor":19,"gold_loss":0},{"damage_healed":0,"gold_gain":0,"player_choice":"Obtained Book","damage_taken":16,"max_hp_gain":0,"max_hp_loss":0,"event_name":"Cursed Tome","floor":20,"gold_loss":0},{"damage_healed":0,"gold_gain":0,"player_choice":"Gave Potion","damage_taken":0,"relics_obtained":["Letter Opener"],"max_hp_gain":0,"max_hp_loss":0,"event_name":"WeMeetAgain","floor":28,"gold_loss":0}],"is_beta":false,"boss_relics":[{"not_picked":["Tiny House","Coffee Dripper"],"picked":"Empty Cage"}],"items_purged_floors":[],"is_endless":false,"potions_floor_spawned":[10,13,16,22,23,27,31],"killed_by":"Champ","ascension_level":3}