{"gold_per_floor":[12,12,24,39,50,50,68,95,95,95,95,95,115,144,144,249,249,262,187,63,75,93,93,93],"floor_reached":24,"playtime":2110,"items_purged":["Strike_R"],"score":331,"play_id":"2c43069b-138a-45b9-80bf-523903de0ebc","local_time":"20180807145415","is_ascension_mode":true,"campfire_choices":[{"data":"Feed","floor":6,"key":"SMITH"},{"floor":11,"key":"REST"},{"floor":15,"key":"REST"},{"data":"Armaments","floor":23,"key":"SMITH"}],"neow_cost":"NO_GOLD","seed_source_timestamp":527248006329327,"circlet_count":0,"master_deck":["Strike_R","Strike_R","Strike_R","Defend_R+1","Defend_R","Defend_R","Defend_R","Bash+1","Feed+1","Shrug It Off","Battle Trance","Metallicize","Wild Strike","Clothesline","Body Slam","Juggernaut","Shrug It Off","Armaments+1","Shrug It Off"],"relics":["Burning Blood","Self Forming Clay","Pen Nib","Regal Pillow","Runic Pyramid"],"potions_floor_usage":[8],"damage_taken":[{"damage":16,"enemies":"Jaw Worm","floor":1,"turns":5},{"damage":2,"enemies":"2 Louse","floor":3,"turns":3},{"damage":4,"enemies":"Cultist","floor":4,"turns":5},{"damage":42,"enemies":"Large Slime","floor":5,"turns":8},{"damage":26,"enemies":"Exordium Thugs","floor":7,"turns":12},{"damage":19,"enemies":"3 Sentries","floor":8,"turns":8},{"damage":5,"enemies":"Blue Slaver","floor":13,"turns":3},{"damage":21,"enemies":"Lagavulin","floor":14,"turns":8},{"damage":71,"enemies":"Slime Boss","floor":16,"turns":20},{"damage":19,"enemies":"3 Byrds","floor":18,"turns":6},{"damage":12,"enemies":"Spheric Guardian","floor":21,"turns":6},{"damage":33,"enemies":"Centurion and Healer","floor":22,"turns":6},{"damage":62,"enemies":"Slavers","floor":24,"turns":5}],"seed_played":"3336340281483284444","potions_obtained":[{"floor":3,"key":"Strength Potion"},{"floor":4,"key":"PowerPotion"},{"floor":8,"key":"LiquidBronze"},{"floor":21,"key":"BloodPotion"},{"floor":22,"key":"EssenceOfSteel"}],"is_trial":false,"path_per_floor":["M","?","M","M","M","R","M","E","T","?","R","?","M","E","R","B",null,"M","?","$","M","M","R"],"character_chosen":"IRONCLAD","items_purchased":["Armaments"],"campfire_rested":2,"item_purchase_floors":[20],"current_hp_per_floor":[65,70,77,82,49,49,33,24,24,24,55,34,39,28,76,15,92,83,83,83,81,58,58,0],"gold":93,"neow_bonus":"THREE_RARE_CARDS","is_prod":false,"is_daily":false,"chose_seed":false,"campfire_upgraded":2,"win_rate":0,"timestamp":1533678855,"path_taken":["M","?","M","?","M","R","M","E","T","?","R","?","M","E","R","BOSS","M","?","$","M","M","R","E"],"build_version":"2018-08-02","purchased_purges":1,"victory":false,"max_hp_per_floor":[83,88,91,94,97,97,101,105,105,105,105,105,109,113,113,117,117,121,121,121,125,129,129,133],"card_choices":[{"not_picked":["Berserk","Immolate"],"picked":"Feed","floor":0},{"not_picked":["Shockwave","Havoc"],"picked":"Shrug It Off","floor":1},{"not_picked":["Anger","Rampage","Flex"],"picked":"SKIP","floor":3},{"not_picked":["Headbutt","Reckless Charge"],"picked":"Battle Trance","floor":4},{"not_picked":["Anger","Reckless Charge","Wild Strike"],"picked":"SKIP","floor":5},{"not_picked":["Heavy Blade","Thunderclap","Feel No Pain"],"picked":"SKIP","floor":7},{"not_picked":["Inflame","Bloodletting"],"picked":"Metallicize","floor":8},{"not_picked":["Wild Strike","Perfected Strike"],"picked":"Clothesline","floor":13},{"not_picked":["Brutality","Inflame"],"picked":"Body Slam","floor":14},{"not_picked":["Impervious","Dark Embrace"],"picked":"Juggernaut","floor":16},{"not_picked":["Whirlwind","Wild Strike"],"picked":"Shrug It Off","floor":18},{"not_picked":["Flex","Pommel Strike","Fire Breathing+1"],"picked":"SKIP","floor":21},{"not_picked":["Whirlwind","Carnage"],"picked":"Shrug It Off","floor":22}],"player_experience":588545,"relics_obtained":[{"floor":8,"key":"Self Forming Clay"},{"floor":9,"key":"Pen Nib"},{"floor":14,"key":"Regal Pillow"}],"event_choices":[{"event_name":"Big Fish","player_choice":"Donut","floor":2,"damage_taken":0},{"event_name":"Match and Keep!","player_choice":"1 cards matched","floor":10,"damage_taken":0},{"event_name":"Shining Light","player_choice":"Entered Light","floor":12,"damage_taken":0},{"event_name":"Beggar","player_choice":"Gave Gold","floor":19,"damage_taken":0}],"is_beta":false,"boss_relics":[{"not_picked":["Black Star","White Beast Statue"],"picked":"Runic Pyramid"}],"items_purged_floors":[20],"is_endless":false,"potions_floor_spawned":[3,4,8,21,22],"killed_by":"Slavers","ascension_level":7}