{"gold_per_floor":[119,45,56,75,0,0,0,27,27,27,43,43,43,55,55,55],"floor_reached":16,"playtime":301,"items_purged":["Defend_R"],"score":100,"play_id":"7ed828c3-2c2e-46ca-a63f-20112260d848","local_time":"20190712195605","is_ascension_mode":false,"campfire_choices":[{"data":"Bash","floor":7,"key":"SMITH"},{"floor":13,"key":"REST"},{"data":"Metallicize","floor":15,"key":"SMITH"}],"neow_cost":"NONE","seed_source_timestamp":1276732639921325,"circlet_count":0,"master_deck":["Strike_R","Strike_R","Strike_R","Strike_R","Strike_R+1","Defend_R","Defend_R","Defend_R","Bash+1","Sword Boomerang","Whirlwind","Sword Boomerang+1","Thunderclap","Metallicize+1","Parasite","Twin Strike","Battle Trance"],"relics":["Velvet Choker","Mummified Hand","Blue Candle"],"potions_floor_usage":[16,16],"damage_taken":[{"damage":11,"enemies":"Jaw Worm","floor":1,"turns":2},{"damage":0,"enemies":"2 Louse","floor":3,"turns":2},{"damage":6,"enemies":"Cultist","floor":4,"turns":3},{"damage":36,"enemies":"Lagavulin","floor":8,"turns":5},{"damage":15,"enemies":"Exordium Thugs","floor":11,"turns":3},{"damage":6,"enemies":"2 Fungi Beasts","floor":14,"turns":2},{"damage":35,"enemies":"The Guardian","floor":16,"turns":8}],"seed_played":"-70251218625368246","potions_obtained":[{"floor":1,"key":"Explosive Potion"},{"floor":4,"key":"Ancient Potion"},{"floor":11,"key":"SteroidPotion"}],"is_trial":false,"path_per_floor":["M","$","M","M","$","?","R","E","T","?","M","?","R","M","R","B"],"character_chosen":"IRONCLAD","items_purchased":["Whirlwind"],"campfire_rested":1,"item_purchase_floors":[2],"current_hp_per_floor":[69,69,69,63,63,63,63,27,27,47,32,16,40,34,34,0],"gold":55,"neow_bonus":"BOSS_RELIC","is_prod":false,"is_daily":false,"chose_seed":false,"campfire_upgraded":2,"win_rate":0,"timestamp":1562986565,"path_taken":["M","$","M","M","$","?","R","E","T","?","M","?","R","M","R","BOSS"],"build_version":"2019-07-05","purchased_purges":1,"victory":false,"max_hp_per_floor":[80,80,80,80,80,80,80,80,80,80,80,80,80,80,80,80],"card_choices":[{"not_picked":["Evolve","Heavy Blade"],"picked":"Sword Boomerang","floor":1},{"not_picked":["Dual Wield","Warcry"],"picked":"Sword Boomerang","floor":3},{"not_picked":["Warcry","Twin Strike"],"picked":"Thunderclap","floor":4},{"not_picked":["Shrug It Off","Sever Soul"],"picked":"Metallicize","floor":8},{"not_picked":["Body Slam","Searing Blow"],"picked":"Twin Strike","floor":11},{"not_picked":["Second Wind","Wild Strike"],"picked":"Battle Trance","floor":14}],"player_experience":1439484,"relics_obtained":[{"floor":8,"key":"Mummified Hand"},{"floor":9,"key":"Blue Candle"}],"event_choices":[{"damage_healed":0,"gold_gain":0,"player_choice":"Ignored","damage_taken":0,"max_hp_gain":0,"max_hp_loss":0,"event_name":"Liars Game","floor":6,"gold_loss":0},{"damage_healed":20,"gold_gain":0,"player_choice":"Healed and dodged fight","damage_taken":0,"max_hp_gain":0,"max_hp_loss":0,"event_name":"Mushrooms","floor":10,"gold_loss":0,"cards_obtained":["Parasite"]},{"damage_healed":0,"gold_gain":0,"player_choice":"Entered Light","damage_taken":16,"max_hp_gain":0,"max_hp_loss":0,"event_name":"Shining Light","floor":12,"gold_loss":0,"cards_upgraded":["Sword Boomerang","Strike_R"]}],"is_beta":false,"boss_relics":[],"items_purged_floors":[5],"is_endless":false,"potions_floor_spawned":[1,4,11],"killed_by":"The Guardian","ascension_level":0}