{"gold_per_floor":[116,48,58,74,74,74,102,102,102,136,150,150,167,92,92,193,193,204,204,221,240,34,34,45,45,101,113,113,140,189,224,224,320,320,331,331,331,79,79,79,105,105,105,139,158,175,210,225,225,225,225,225,21,46,46],"floor_reached":56,"playtime":6210,"items_purged":["Strike_B","Defend_B"],"score":2023,"play_id":"3d27a3fc-8520-4add-a9b5-04b0d2bf45f2","local_time":"20190806164910","is_ascension_mode":true,"campfire_choices":[{"data":"Zap","floor":6.0,"key":"SMITH"},{"data":"Sunder","floor":8.0,"key":"SMITH"},{"data":"Recycle","floor":12.0,"key":"SMITH"},{"data":"Defragment","floor":15.0,"key":"SMITH"},{"data":"Double Energy","floor":23.0,"key":"SMITH"},{"data":"White Noise","floor":25.0,"key":"SMITH"},{"data":"Biased Cognition","floor":28.0,"key":"SMITH"},{"data":"Tempest","floor":32.0,"key":"SMITH"},{"data":"Consume","floor":40.0,"key":"SMITH"},{"data":"Capacitor","floor":42.0,"key":"SMITH"},{"floor":49.0,"key":"RECALL"},{"data":"Loop","floor":52.0,"key":"SMITH"}],"neow_cost":"NONE","seed_source_timestamp":663135208200533,"circlet_count":0,"master_deck":["AscendersBane","Defend_B","Defend_B","Defend_B","Zap+1","Dualcast","Glacier","Sunder+1","Auto Shields","Doom and Gloom","White Noise+1","Leap","Defragment+1","Biased Cognition+1","Chill","Double Energy+1","Tempest+1","Sunder+1","Reboot","Double Energy+1","Loop+1","Consume+1","Madness","Madness","Capacitor+1","White Noise","Loop+1","Loop+1"],"special_seed":0,"relics":["Runic Pyramid","Matryoshka","Bottled Flame","Gambling Chip","Bag of Preparation","Empty Cage","Runic Capacitor","Bag of Marbles","Tiny Chest","Peace Pipe","PreservedInsect","Cables","Sozu","Nunchaku","Letter Opener","Meat on the Bone","Lantern","Chemical X","Art of War"],"potions_floor_usage":[55],"damage_taken":[{"damage":1.0,"enemies":"Cultist","floor":1.0,"turns":4.0},{"damage":0.0,"enemies":"2 Louse","floor":3.0,"turns":3.0},{"damage":1.0,"enemies":"Jaw Worm","floor":4.0,"turns":4.0},{"damage":2.0,"enemies":"3 Sentries","floor":7.0,"turns":10.0},{"damage":24.0,"enemies":"Gremlin Nob","floor":10.0,"turns":5.0},{"damage":0.0,"enemies":"3 Louse","floor":11.0,"turns":2.0},{"damage":0.0,"enemies":"Exordium Wildlife","floor":13.0,"turns":2.0},{"damage":1.0,"enemies":"Hexaghost","floor":16.0,"turns":7.0},{"damage":13.0,"enemies":"2 Thieves","floor":18.0,"turns":4.0},{"damage":0.0,"enemies":"3 Byrds","floor":20.0,"turns":5.0},{"damage":6.0,"enemies":"Snake Plant","floor":21.0,"turns":4.0},{"damage":0.0,"enemies":"Snecko","floor":24.0,"turns":4.0},{"damage":0.0,"enemies":"Centurion and Healer","floor":27.0,"turns":5.0},{"damage":7.0,"enemies":"Gremlin Leader","floor":29.0,"turns":4.0},{"damage":0.0,"enemies":"Slavers","floor":31.0,"turns":4.0},{"damage":0.0,"enemies":"Champ","floor":33.0,"turns":7.0},{"damage":0.0,"enemies":"3 Shapes","floor":35.0,"turns":3.0},{"damage":13.0,"enemies":"Giant Head","floor":41.0,"turns":5.0},{"damage":0.0,"enemies":"Reptomancer","floor":44.0,"turns":6.0},{"damage":0.0,"enemies":"Orb Walker","floor":45.0,"turns":1.0},{"damage":0.0,"enemies":"Maw","floor":46.0,"turns":5.0},{"damage":0.0,"enemies":"Giant Head","floor":47.0,"turns":6.0},{"damage":0.0,"enemies":"Sphere and 2 Shapes","floor":48.0,"turns":5.0},{"damage":9.0,"enemies":"Time Eater","floor":50.0,"turns":5.0},{"damage":26.0,"enemies":"Shield and Spear","floor":54.0,"turns":4.0},{"damage":32,"enemies":"The Heart","floor":55,"turns":11}],"seed_played":"-3170239775441422006","potions_obtained":[{"floor":1.0,"key":"SteroidPotion"},{"floor":3.0,"key":"Ancient Potion"},{"floor":4.0,"key":"LiquidBronze"},{"floor":16.0,"key":"SteroidPotion"},{"floor":18.0,"key":"EssenceOfSteel"},{"floor":27.0,"key":"Poison Potion"},{"floor":33.0,"key":"SpeedPotion"}],"is_trial":false,"path_per_floor":["M","$","M","M","?","R","E","R","T","E","M","R","M","$","R","B",null,"M","?","M","M","$","R","M","R","T","M","R","E","T","E","R","B",null,"M","?","T","$","?","R","E","R","T","E","M","M","E","M","R","B",null,"R","$","E","B",null],"character_chosen":"DEFECT","items_purchased":["Glacier","Runic Capacitor","Loop","Consume","Chemical X"],"campfire_rested":0,"item_purchase_floors":[2,22,38,38,53],"current_hp_per_floor":[67,67,67,66,66,66,64,64,64,40,40,40,40,40,40,39,66,53,53,53,47,47,47,47,47,47,47,47,40,40,40,40,40,66,66,66,66,66,57,57,44,44,44,44,44,44,44,44,44,47,68,68,68,42,22],"gold":46,"neow_bonus":"BOSS_RELIC","is_prod":false,"is_daily":false,"chose_seed":false,"campfire_upgraded":11,"win_rate":0,"timestamp":1565124550,"path_taken":["M","$","M","?","?","R","E","R","T","E","M","R","M","$","R","BOSS","M","?","?","M","$","R","M","R","T","?","R","E","?","E","R","BOSS","M","?","?","$","?","R","E","R","T","E","M","?","E","M","R","BOSS","R","$","E","BOSS"],"build_version":"2019-07-17","purchased_purges":2,"victory":true,"max_hp_per_floor":[75,75,75,75,75,75,75,75,75,75,75,75,75,75,75,75,75,75,75,75,75,75,75,75,75,75,75,75,75,75,75,75,75,75,75,75,75,75,75,75,75,75,75,75,75,75,75,75,75,75,75,75,75,75,75],"card_choices":[{"not_picked":["Barrage","Steam"],"picked":"Recycle","floor":1.0},{"not_picked":["Go for the Eyes","Stack"],"picked":"Sunder","floor":3.0},{"not_picked":["Leap","Steam Power"],"picked":"Auto Shields","floor":4.0},{"not_picked":["Consume","Darkness"],"picked":"Doom and Gloom","floor":7.0},{"not_picked":["Beam Cell","Turbo"],"picked":"White Noise","floor":10.0},{"not_picked":["Undo","Compile Driver"],"picked":"Leap","floor":11.0},{"not_picked":["Reprogram","Static Discharge"],"picked":"Defragment","floor":13.0},{"not_picked":["Fission","Rainbow"],"picked":"Biased Cognition","floor":16.0},{"not_picked":["Static Discharge","Go for the Eyes","Redo"],"picked":"SKIP","floor":18.0},{"not_picked":["Static Discharge","Ball Lightning"],"picked":"Chill","floor":20.0},{"not_picked":["Stack","Chill"],"picked":"Double Energy","floor":21.0},{"not_picked":["Self Repair","Cold Snap"],"picked":"Tempest","floor":24.0},{"not_picked":["Redo","Go for the Eyes"],"picked":"Sunder+1","floor":27.0},{"not_picked":["Hologram","Streamline","Chaos"],"picked":"SKIP","floor":29.0},{"not_picked":["Self Repair","Gash","Barrage"],"picked":"SKIP","floor":31.0},{"not_picked":["Self Repair","Gash","Barrage"],"picked":"SKIP","floor":31.0},{"not_picked":["Rainbow","All For One"],"picked":"Reboot","floor":33.0},{"not_picked":["Stack","Streamline"],"picked":"Double Energy+1","floor":35.0},{"not_picked":["Hologram+1","Scrape+1"],"picked":"Capacitor","floor":41.0},{"not_picked":["Sweeping Beam+1","Darkness"],"picked":"White Noise","floor":44.0},{"not_picked":["Ball Lightning","Static Discharge","Fusion"],"picked":"SKIP","floor":45.0},{"not_picked":["Stack","Go for the Eyes+1","Streamline"],"picked":"SKIP","floor":46.0},{"not_picked":["Cold Snap","Genetic Algorithm"],"picked":"Loop+1","floor":47.0},{"not_picked":["Turbo","Melter"],"picked":"Loop+1","floor":48.0},{"not_picked":["Conserve Battery","Melter","Gash+1"],"picked":"SKIP","floor":54.0}],"player_experience":380830,"relics_obtained":[{"floor":7.0,"key":"Matryoshka"},{"floor":9.0,"key":"Bottled Flame"},{"floor":9.0,"key":"Gambling Chip"},{"floor":10.0,"key":"Bag of Preparation"},{"floor":26.0,"key":"Bag of Marbles"},{"floor":26.0,"key":"Tiny Chest"},{"floor":29.0,"key":"Peace Pipe"},{"floor":30.0,"key":"PreservedInsect"},{"floor":31.0,"key":"Cables"},{"floor":41.0,"key":"Nunchaku"},{"floor":43.0,"key":"Letter Opener"},{"floor":44.0,"key":"Meat on the Bone"},{"floor":47.0,"key":"Lantern"},{"floor":54.0,"key":"Art of War"}],"event_choices":[{"damage_healed":0.0,"max_hp_gain":0.0,"max_hp_loss":0.0,"gold_gain":0.0,"event_name":"Liars Game","player_choice":"Ignored","floor":5.0,"gold_loss":0.0,"damage_taken":0.0},{"cards_removed":["Strike_B"],"damage_healed":0.0,"max_hp_gain":0.0,"max_hp_loss":0.0,"gold_gain":0.0,"event_name":"Purifier","player_choice":"Purged","floor":19.0,"gold_loss":0.0,"damage_taken":0.0},{"cards_removed":["Recycle"],"damage_healed":0.0,"max_hp_gain":0.0,"max_hp_loss":0.0,"gold_gain":0.0,"event_name":"Falling","player_choice":"Removed Skill","floor":36.0,"gold_loss":0.0,"damage_taken":0.0},{"damage_healed":0.0,"max_hp_gain":0.0,"max_hp_loss":0.0,"gold_gain":0.0,"event_name":"Winding Halls","player_choice":"Embrace Madness","floor":39.0,"gold_loss":0.0,"damage_taken":9.0,"cards_obtained":["Madness","Madness"]}],"is_beta":false,"boss_relics":[{"not_picked":["Orrery","Snecko Eye"],"picked":"Empty Cage"},{"not_picked":["Lizard Tail","Busted Crown"],"picked":"Sozu"}],"items_purged_floors":[14,38],"is_endless":false,"potions_floor_spawned":[1,3,4,16,18,27,33,35,45,48],"ascension_level":12}