{"gold_per_floor":[11,29,42,54,65,93,93,55,130,130,158,158,169,56,56,157,157,169,188,188,206,226,226,255,255,326,343,343,51,51,62,62,163,163,183,58,68,87,87,119,3,15,38,38,68,82,82,107,107,107],"floor_reached":50,"playtime":8967,"items_purged":["Defend_B","Strike_B","Defend_B"],"score":675,"play_id":"68fa1303-28c5-4d47-815b-8bc90ae95715","local_time":"20190409072634","is_ascension_mode":true,"campfire_choices":[{"floor":7.0,"key":"REST"},{"data":"Zap","floor":10.0,"key":"SMITH"},{"data":"Defragment","floor":12.0,"key":"SMITH"},{"data":"Conserve Battery","floor":15.0,"key":"SMITH"},{"data":"Glacier","floor":23.0,"key":"SMITH"},{"data":"Doom and Gloom","floor":25.0,"key":"SMITH"},{"data":"Echo Form","floor":32.0,"key":"SMITH"},{"data":"Redo","floor":44.0,"key":"SMITH"},{"data":"Biased Cognition","floor":47.0,"key":"SMITH"},{"floor":49,"key":"RECALL"}],"neow_cost":"NO_GOLD","seed_source_timestamp":0,"circlet_count":0,"master_deck":["Defend_B","Zap+1","Dualcast","Machine Learning","Capacitor","Sweeping Beam","Conserve Battery+1","Chill","Glacier+1","Ball Lightning","Multi-Cast","Defragment+1","Barrage","Doom and Gloom+1","Genetic Algorithm","Biased Cognition+1","Compile Driver+1","Ball Lightning","Coolheaded+1","Recycle+1","Leap+1","Redo+1","Echo Form+1","Chaos","Shame","Seek","Ball Lightning+1","Go for the Eyes+1","Parasite","Panacea","Reboot","Blizzard","Panacea","Redo+1"],"special_seed":0,"relics":["Cracked Core","Sundial","Girya","Nuclear Battery","Nloth\u0027s Gift","Dream Catcher","Ornamental Fan","Lee\u0027s Waffle","Thread and Needle","White Beast Statue","Anchor","Gambling Chip","Mummified Hand"],"potions_floor_usage":[48,50,50,50],"damage_taken":[{"damage":0.0,"enemies":"Cultist","floor":1.0,"turns":4.0},{"damage":3.0,"enemies":"2 Louse","floor":2.0,"turns":2.0},{"damage":6.0,"enemies":"Jaw Worm","floor":3.0,"turns":4.0},{"damage":17.0,"enemies":"Gremlin Gang","floor":4.0,"turns":4.0},{"damage":0.0,"enemies":"Blue Slaver","floor":5.0,"turns":4.0},{"damage":38.0,"enemies":"Gremlin Nob","floor":6.0,"turns":4.0},{"damage":0.0,"enemies":"3 Sentries","floor":11.0,"turns":8.0},{"damage":4.0,"enemies":"Looter","floor":13.0,"turns":2.0},{"damage":19.0,"enemies":"Hexaghost","floor":16.0,"turns":6.0},{"damage":25.0,"enemies":"Shell Parasite","floor":18.0,"turns":3.0},{"damage":0.0,"enemies":"2 Thieves","floor":19.0,"turns":2.0},{"damage":24.0,"enemies":"Centurion and Healer","floor":21.0,"turns":6.0},{"damage":1.0,"enemies":"Shelled Parasite and Fungi","floor":22.0,"turns":5.0},{"damage":4.0,"enemies":"Gremlin Leader","floor":24.0,"turns":5.0},{"damage":9.0,"enemies":"3 Cultists","floor":27.0,"turns":5.0},{"damage":0.0,"enemies":"Centurion and Healer","floor":31.0,"turns":5.0},{"damage":13.0,"enemies":"Automaton","floor":33.0,"turns":9.0},{"damage":0.0,"enemies":"3 Shapes","floor":35.0,"turns":4.0},{"damage":4.0,"enemies":"Orb Walker","floor":37.0,"turns":4.0},{"damage":0.0,"enemies":"Writhing Mass","floor":38.0,"turns":5.0},{"damage":31.0,"enemies":"Reptomancer","floor":40.0,"turns":6.0},{"damage":10.0,"enemies":"Transient","floor":42.0,"turns":5.0},{"damage":7.0,"enemies":"Nemesis","floor":45.0,"turns":9.0},{"damage":0.0,"enemies":"Spire Growth","floor":46.0,"turns":6.0},{"damage":0,"enemies":"Giant Head","floor":48,"turns":8},{"damage":39,"enemies":"Donu and Deca","floor":50,"turns":5}],"seed_played":"-6232525836690913441","potions_obtained":[{"floor":3.0,"key":"LiquidBronze"},{"floor":5.0,"key":"LiquidBronze"},{"floor":11.0,"key":"Strength Potion"},{"floor":18.0,"key":"Energy Potion"},{"floor":21.0,"key":"Energy Potion"},{"floor":27.0,"key":"Strength Potion"},{"floor":31.0,"key":"Explosive Potion"},{"floor":35.0,"key":"Block Potion"},{"floor":37.0,"key":"GamblersBrew"},{"floor":40.0,"key":"Explosive Potion"},{"floor":42.0,"key":"FocusPotion"},{"floor":45.0,"key":"Explosive Potion"},{"floor":46.0,"key":"LiquidBronze"},{"floor":48,"key":"Strength Potion"}],"is_trial":false,"path_per_floor":["M","M","M","M","M","E","R","$","T","R","E","R","M","$","R","B",null,"M","M","?","M","M","R","E","R","T","M","?","$","?","M","R","B",null,"M","$","M","M","?","E","$","M","T","R","E","M","R","E","R","B"],"character_chosen":"DEFECT","items_purchased":["Defragment","Genetic Algorithm","Lee\u0027s Waffle","Blizzard","Panacea"],"campfire_rested":1,"item_purchase_floors":[8,14,29,41,41],"current_hp_per_floor":[75,72,66,49,49,11,33,33,33,33,33,33,29,29,29,10,75,50,50,50,26,25,25,21,21,21,12,12,82,82,82,82,69,82,82,82,78,78,78,47,47,37,37,37,30,30,30,30,30,0],"gold":107,"neow_bonus":"TRANSFORM_TWO_CARDS","is_prod":false,"is_daily":false,"chose_seed":false,"campfire_upgraded":8,"win_rate":0,"timestamp":1554787594,"path_taken":["M","M","M","M","M","E","R","?","T","R","E","R","M","$","R","BOSS","M","M","?","M","?","R","E","R","T","M","?","$","?","M","R","BOSS","M","$","M","M","?","E","$","?","T","R","E","M","R","E","R","BOSS"],"build_version":"2019-04-04","purchased_purges":3,"victory":false,"max_hp_per_floor":[75,75,75,75,75,75,75,75,75,75,75,75,75,75,75,75,75,75,75,75,75,75,75,75,75,75,75,75,82,82,82,82,82,82,82,82,82,82,82,82,82,82,82,82,82,82,82,82,82,82],"card_choices":[{"not_picked":["Turbo","Self Repair"],"picked":"Sweeping Beam","floor":1.0},{"not_picked":["Sunder","Stack"],"picked":"Conserve Battery","floor":2.0},{"not_picked":["Reinforced Body","Beam Cell"],"picked":"Chill","floor":3.0},{"not_picked":["Heatsinks","Gash"],"picked":"Glacier","floor":4.0},{"not_picked":["Melter","Tempest"],"picked":"Ball Lightning","floor":5.0},{"not_picked":["Storm","Tempest"],"picked":"Multi-Cast","floor":6.0},{"not_picked":["Hologram","White Noise"],"picked":"Barrage","floor":11.0},{"not_picked":["Leap","Turbo"],"picked":"Doom and Gloom","floor":13.0},{"not_picked":["All For One","Creative AI"],"picked":"Biased Cognition","floor":16.0},{"not_picked":["Cold Snap","Undo"],"picked":"Compile Driver+1","floor":18.0},{"not_picked":["Streamline","Rebound"],"picked":"Ball Lightning","floor":19.0},{"not_picked":["Double Energy","Scrape"],"picked":"Coolheaded+1","floor":21.0},{"not_picked":["Melter","Hyperbeam"],"picked":"Recycle+1","floor":22.0},{"not_picked":["Beam Cell","Cold Snap+1"],"picked":"Leap+1","floor":24.0},{"not_picked":["Reboot","Streamline"],"picked":"Redo","floor":27.0},{"not_picked":["Reinforced Body","Recycle","Conserve Battery+1"],"picked":"SKIP","floor":31.0},{"not_picked":["Multi-Cast","Echo Form"],"picked":"Seek","floor":33.0},{"not_picked":["Streamline","Loop"],"picked":"Ball Lightning+1","floor":35.0},{"not_picked":["Static Discharge+1","Chill"],"picked":"Go for the Eyes+1","floor":37.0},{"not_picked":["Conserve Battery","Cold Snap+1","Ball Lightning"],"picked":"SKIP","floor":38.0},{"not_picked":["Turbo","Steam"],"picked":"Reboot","floor":40.0},{"not_picked":["Steam","Streamline+1","Conserve Battery+1"],"picked":"SKIP","floor":42.0},{"not_picked":["Streamline+1","Beam Cell"],"picked":"Redo+1","floor":45.0},{"not_picked":["Sweeping Beam+1","Ball Lightning","Go for the Eyes"],"picked":"SKIP","floor":46.0},{"not_picked":["Stack+1","Undo+1","Gash+1"],"picked":"SKIP","floor":48}],"player_experience":302618,"relics_obtained":[{"floor":6.0,"key":"Bag of Marbles"},{"floor":9.0,"key":"Sundial"},{"floor":11.0,"key":"Girya"},{"floor":24.0,"key":"Dream Catcher"},{"floor":26.0,"key":"Ornamental Fan"},{"floor":40.0,"key":"Anchor"},{"floor":45.0,"key":"Gambling Chip"},{"floor":48,"key":"Mummified Hand"}],"event_choices":[{"damage_healed":0.0,"max_hp_gain":0.0,"max_hp_loss":0.0,"gold_gain":0.0,"event_name":"N\u0027loth","player_choice":"Traded Relic","floor":20.0,"relics_lost":["Bag of Marbles"],"gold_loss":0.0,"damage_taken":0.0,"relics_obtained":["Nloth\u0027s Gift"]},{"damage_healed":0.0,"max_hp_gain":0.0,"max_hp_loss":0.0,"gold_gain":0.0,"cards_transformed":["Strike_B","Defend_B"],"event_name":"Drug Dealer","player_choice":"Became Test Subject","floor":28.0,"gold_loss":0.0,"damage_taken":0.0,"cards_obtained":["Echo Form","Chaos"]},{"damage_healed":0.0,"max_hp_gain":0.0,"max_hp_loss":0.0,"gold_gain":0.0,"event_name":"Addict","player_choice":"Stole Relic","floor":30.0,"gold_loss":0.0,"damage_taken":0.0,"relics_obtained":["Thread and Needle"],"cards_obtained":["Shame"]},{"damage_healed":0.0,"max_hp_gain":0.0,"max_hp_loss":0.0,"gold_gain":0.0,"event_name":"Match and Keep!","player_choice":"1 cards matched","floor":39.0,"gold_loss":0.0,"damage_taken":0.0,"cards_obtained":["Panacea"]}],"is_beta":true,"boss_relics":[{"not_picked":["Ectoplasm","Snecko Eye"],"picked":"Nuclear Battery"},{"not_picked":["Lizard Tail","Sozu"],"picked":"White Beast Statue"}],"items_purged_floors":[14,29,36],"is_endless":false,"potions_floor_spawned":[3,5,11,18,21,27,31,35,37,38,40,42,45,46,48],"killed_by":"Donu and Deca","ascension_level":2}