{"gold_per_floor":[119,132,143,1,18,51,1,36,114,142,156,166,166,11,11,110,110,130,130,140,140,140,140],"floor_reached":23,"playtime":4375,"items_purged":[],"score":236,"play_id":"5b5e7633-ac22-419a-b15b-2388eb7915dd","local_time":"20190601084544","is_ascension_mode":false,"campfire_choices":[{"data":"Flame Barrier","floor":15.0,"key":"SMITH"}],"neow_cost":"","seed_source_timestamp":0,"circlet_count":0,"master_deck":["Strike_R+1","Strike_R+1","Strike_R+1","Strike_R+1","Defend_R+1","Defend_R+1","Defend_R+1","Bash","Headbutt","Feed","Flame Barrier+1","Reckless Charge","Blood for Blood","Headbutt","Bloodletting","Cleave","Sword Boomerang","Metallicize","Inflame","Hemokinesis","Infernal Blade","Armaments","Feed","Reckless Charge+1","Thunderclap"],"special_seed":0,"relics":["Burning Blood","Letter Opener","Unceasing Top","Shuriken","Blood Vial","Ornamental Fan","Black Star","Nilry\u0027s Codex"],"potions_floor_usage":[],"damage_taken":[{"damage":16.0,"enemies":"Jaw Worm","floor":1.0,"turns":4.0},{"damage":1.0,"enemies":"2 Louse","floor":2.0,"turns":2.0},{"damage":6.0,"enemies":"Cultist","floor":3.0,"turns":3.0},{"damage":0.0,"enemies":"2 Fungi Beasts","floor":5.0,"turns":3.0},{"damage":17.0,"enemies":"Gremlin Nob","floor":6.0,"turns":4.0},{"damage":16.0,"enemies":"Lagavulin","floor":8.0,"turns":5.0},{"damage":6.0,"enemies":"3 Sentries","floor":10.0,"turns":6.0},{"damage":20.0,"enemies":"Large Slime","floor":11.0,"turns":4.0},{"damage":0.0,"enemies":"Blue Slaver","floor":12.0,"turns":3.0},{"damage":56.0,"enemies":"The Guardian","floor":16.0,"turns":6.0},{"damage":42,"enemies":"2 Thieves","floor":18,"turns":5},{"damage":16,"enemies":"Shell Parasite","floor":20,"turns":5},{"damage":37,"enemies":"Slavers","floor":23,"turns":2}],"seed_played":"-1818695653555801701","potions_obtained":[{"floor":2.0,"key":"Fire Potion"},{"floor":5.0,"key":"BloodPotion"},{"floor":10.0,"key":"EntropicBrew"},{"floor":11.0,"key":"Swift Potion"}],"is_trial":false,"path_per_floor":["M","M","M","$","M","E","?","E","T","E","M","M","T","$","R","B",null,"M","?","M","?","?","E"],"character_chosen":"IRONCLAD","items_purchased":["Reckless Charge","Blood for Blood","Hemokinesis","Infernal Blade","Armaments"],"campfire_rested":0,"item_purchase_floors":[4,4,14,14,14],"current_hp_per_floor":[70,75,75,75,83,72,72,62,62,65,56,76,76,76,76,28,92,59,59,51,51,35,0],"gold":140,"neow_bonus":"","is_prod":false,"is_daily":false,"chose_seed":false,"campfire_upgraded":1,"win_rate":0.0,"timestamp":1559393144,"path_taken":["M","M","M","$","M","E","?","E","T","E","M","M","?","$","R","BOSS","M","?","?","?","?","E"],"build_version":"2019-01-23","purchased_purges":0,"victory":false,"max_hp_per_floor":[80,80,80,80,83,83,83,83,83,86,89,92,92,92,92,92,92,95,95,95,95,95,95],"card_choices":[{"not_picked":["Thunderclap","Body Slam"],"picked":"Headbutt","floor":1.0},{"not_picked":["Rupture","Thunderclap"],"picked":"Feed","floor":2.0},{"not_picked":["Warcry","Fire Breathing"],"picked":"Flame Barrier","floor":3.0},{"not_picked":["Burning Pact","True Grit"],"picked":"Headbutt","floor":5.0},{"not_picked":["True Grit","Sever Soul"],"picked":"Bloodletting","floor":6.0},{"not_picked":["Body Slam","Dual Wield"],"picked":"Cleave","floor":8.0},{"not_picked":["Clash","True Grit"],"picked":"Sword Boomerang","floor":10.0},{"not_picked":["Sever Soul","Shrug It Off"],"picked":"Metallicize","floor":11.0},{"not_picked":["Clash","Power Through"],"picked":"Inflame","floor":12.0},{"not_picked":["Double Tap","Barricade"],"picked":"Feed","floor":16.0},{"not_picked":["Corruption","Perfected Strike"],"picked":"Reckless Charge+1","floor":18},{"not_picked":["Shockwave","Shrug It Off"],"picked":"Thunderclap","floor":20}],"player_experience":0,"relics_obtained":[{"floor":6.0,"key":"Letter Opener"},{"floor":8.0,"key":"Unceasing Top"},{"floor":9.0,"key":"Shuriken"},{"floor":10.0,"key":"Blood Vial"},{"floor":13.0,"key":"Ornamental Fan"},{"floor":22,"key":"Nilry\u0027s Codex"}],"event_choices":[{"cards_removed":["Strike_R"],"damage_healed":0.0,"max_hp_gain":0.0,"max_hp_loss":0.0,"gold_gain":0.0,"event_name":"The Cleric","player_choice":"Card Removal","floor":7.0,"gold_loss":50.0,"damage_taken":0.0},{"cards_removed":["Defend_R"],"damage_healed":0,"gold_gain":0,"player_choice":"Purged","damage_taken":0,"max_hp_gain":0,"max_hp_loss":0,"event_name":"Purifier","floor":19,"gold_loss":0},{"damage_healed":0,"gold_gain":0,"player_choice":"Simplicity","damage_taken":0,"max_hp_gain":0,"max_hp_loss":0,"event_name":"Back to Basics","floor":21,"gold_loss":0,"cards_upgraded":["Strike_R","Strike_R","Strike_R","Strike_R","Defend_R","Defend_R","Defend_R"]},{"damage_healed":0,"gold_gain":0,"player_choice":"Obtained Book","damage_taken":16,"max_hp_gain":0,"max_hp_loss":0,"event_name":"Cursed Tome","floor":22,"gold_loss":0}],"is_beta":false,"boss_relics":[{"not_picked":["Velvet Choker","Snecko Eye"],"picked":"Black Star"}],"items_purged_floors":[],"is_endless":false,"potions_floor_spawned":[2,5,10,11],"killed_by":"Slavers","ascension_level":0}