{"gold_per_floor":[110,110,128,128,128,128,160,160,160,185,199,210,9,36,36,113,113,128,146,146,166,166,195,213,245,323,323,336,370,382,415,415,488,488,506,9,0,16,34,67,79,113,113,18,18,18,47,47,47,47],"floor_reached":50,"playtime":5040,"items_purged":["Pain","Strike_G","Decay"],"score":1425,"play_id":"e48408c3-7d35-4c68-b4d9-d4759865b5ca","local_time":"20190813203521","is_ascension_mode":true,"campfire_choices":[{"data":"Footwork","floor":6,"key":"SMITH"},{"data":"Corpse Explosion","floor":8,"key":"SMITH"},{"data":"Footwork","floor":15,"key":"SMITH"},{"data":"Normality","floor":27,"key":"PURGE"},{"data":"Strike_G","floor":32,"key":"PURGE"},{"data":"Wraith Form v2","floor":46,"key":"SMITH"},{"floor":49,"key":"RECALL"}],"neow_cost":"NONE","seed_source_timestamp":1283585442117534,"circlet_count":0,"master_deck":["AscendersBane","Strike_G","Strike_G","Strike_G","Defend_G","Defend_G","Defend_G","Defend_G","Defend_G","Survivor","Neutralize+1","Corpse Explosion+1","Backflip","Footwork+1","Dodge and Roll","Noxious Fumes","Acrobatics","Noxious Fumes","Footwork+1","Noxious Fumes","Burst","After Image","Ghostly","Ghostly","Ghostly","Dodge and Roll","Dodge and Roll","Calculated Gamble","Wraith Form v2+1","Bouncing Flask+1","Corpse Explosion","Dodge and Roll+1","Catalyst","Doubt"],"relics":["Ring of the Snake","Anchor","WarpedTongs","Smiling Mask","Peace Pipe","The Courier","Art of War","Cursed Key","GremlinMask","Pear","Shuriken","Juzu Bracelet","Dream Catcher","HoveringKite","Lee\u0027s Waffle","Centennial Puzzle","Red Mask","Pen Nib","Potion Belt","Bag of Marbles","Turnip"],"potions_floor_usage":[7,10,14,25,31,39,47],"damage_taken":[{"damage":11,"enemies":"Small Slimes","floor":1,"turns":4},{"damage":1,"enemies":"2 Louse","floor":3,"turns":3},{"damage":5,"enemies":"3 Sentries","floor":7,"turns":6},{"damage":10,"enemies":"Lagavulin","floor":10,"turns":7},{"damage":2,"enemies":"Cultist","floor":11,"turns":4},{"damage":0,"enemies":"Lots of Slimes","floor":12,"turns":2},{"damage":9,"enemies":"Gremlin Nob","floor":14,"turns":4},{"damage":17,"enemies":"The Guardian","floor":16,"turns":9},{"damage":15,"enemies":"2 Thieves","floor":18,"turns":3},{"damage":0,"enemies":"Shell Parasite","floor":19,"turns":6},{"damage":0,"enemies":"Cultist and Chosen","floor":21,"turns":6},{"damage":0,"enemies":"Slavers","floor":23,"turns":4},{"damage":8,"enemies":"Shelled Parasite and Fungi","floor":24,"turns":6},{"damage":1,"enemies":"Book of Stabbing","floor":25,"turns":8},{"damage":0,"enemies":"Centurion and Healer","floor":28,"turns":6},{"damage":10,"enemies":"Slavers","floor":29,"turns":4},{"damage":0,"enemies":"3 Cultists","floor":30,"turns":5},{"damage":0,"enemies":"Book of Stabbing","floor":31,"turns":8},{"damage":0,"enemies":"Collector","floor":33,"turns":10},{"damage":2,"enemies":"3 Darklings","floor":35,"turns":5},{"damage":0,"enemies":"3 Shapes","floor":38,"turns":3},{"damage":2,"enemies":"Jaw Worm Horde","floor":39,"turns":2},{"damage":0,"enemies":"Giant Head","floor":40,"turns":9},{"damage":36,"enemies":"Sphere and 2 Shapes","floor":41,"turns":5},{"damage":9,"enemies":"Nemesis","floor":42,"turns":9},{"damage":2,"enemies":"Reptomancer","floor":47,"turns":4},{"damage":63,"enemies":"Time Eater","floor":50,"turns":12}],"seed_played":"7320048693954672164","potions_obtained":[{"floor":3,"key":"Regen Potion"},{"floor":7,"key":"GhostInAJar"},{"floor":10,"key":"Fruit Juice"},{"floor":11,"key":"Regen Potion"},{"floor":19,"key":"Explosive Potion"},{"floor":25,"key":"Dexterity Potion"},{"floor":30,"key":"GhostInAJar"},{"floor":33,"key":"AttackPotion"},{"floor":41,"key":"Fire Potion"},{"floor":42,"key":"AttackPotion"},{"floor":45,"key":"Regen Potion"},{"floor":45,"key":"SpeedPotion"}],"is_trial":false,"path_per_floor":["M","?","M","?","?","R","E","R","T","E","M","M","$","E","R","B",null,"M","M","?","M","?","E","M","E","T","R","M","E","M","E","R","B",null,"M","$","?","M","M","E","M","E","T","$","?","R","E","?","R","B"],"character_chosen":"THE_SILENT","items_purchased":["Noxious Fumes","Footwork","Noxious Fumes","Lee\u0027s Waffle","Corpse Explosion","Centennial Puzzle","Block Potion"],"campfire_rested":0,"item_purchase_floors":[13,13,13,36,36,36,44],"current_hp_per_floor":[48,48,47,36,36,36,46,46,46,41,39,39,39,44,44,27,60,45,45,35,35,35,45,37,36,36,36,36,26,26,26,26,26,40,38,52,52,52,50,50,14,5,5,5,5,5,15,52,52,0],"gold":47,"neow_bonus":"ONE_RANDOM_RARE_CARD","is_prod":false,"is_daily":false,"chose_seed":false,"campfire_upgraded":4,"win_rate":0,"timestamp":1565742921,"path_taken":["M","?","M","?","?","R","E","R","T","E","M","?","$","E","R","BOSS","M","?","?","M","?","E","M","E","T","R","M","E","M","E","R","BOSS","M","$","?","M","M","E","M","E","T","$","?","R","E","?","R","BOSS"],"build_version":"2019-07-17","purchased_purges":3,"victory":false,"max_hp_per_floor":[66,66,66,66,66,66,66,66,66,71,71,71,71,71,71,71,71,71,71,35,35,35,45,45,45,45,45,45,45,45,45,45,45,45,45,52,52,52,52,52,52,52,52,52,52,52,52,52,52,52],"card_choices":[{"not_picked":["Slice","Dodge and Roll"],"picked":"Backflip","floor":1},{"not_picked":["Dodge and Roll","Well Laid Plans"],"picked":"Footwork","floor":3},{"not_picked":["Infinite Blades","Heel Hook"],"picked":"Dodge and Roll","floor":7},{"not_picked":["Setup","Flying Knee","Terror"],"picked":"SKIP","floor":10},{"not_picked":["Escape Plan","Deflect"],"picked":"Noxious Fumes","floor":11},{"not_picked":["Blade Dance","Deadly Poison"],"picked":"Acrobatics","floor":12},{"not_picked":["Flechettes","Acrobatics"],"picked":"Burst","floor":14},{"not_picked":["Doppelganger","Envenom"],"picked":"After Image","floor":16},{"not_picked":["Sucker Punch","Expertise","Dash"],"picked":"SKIP","floor":18},{"not_picked":["Flying Knee+1","Slice","Sucker Punch"],"picked":"SKIP","floor":19},{"not_picked":["Concentrate","Quick Slash"],"picked":"Dodge and Roll","floor":21},{"not_picked":["Dagger Spray","Flying Knee"],"picked":"Dodge and Roll","floor":23},{"not_picked":["Distraction","Outmaneuver","Glass Knife"],"picked":"SKIP","floor":24},{"not_picked":["Dash","Deflect"],"picked":"Calculated Gamble","floor":25},{"not_picked":["Prepared","Dagger Throw","Eviscerate"],"picked":"SKIP","floor":28},{"not_picked":["Dash+1","Flying Knee","Choke"],"picked":"SKIP","floor":29},{"not_picked":["Blade Dance","Phantasmal Killer","Deadly Poison"],"picked":"SKIP","floor":30},{"not_picked":["Bane","Infinite Blades","Outmaneuver"],"picked":"SKIP","floor":31},{"not_picked":["Envenom","Glass Knife"],"picked":"Wraith Form v2","floor":33},{"not_picked":["Calculated Gamble","Escape Plan"],"picked":"Bouncing Flask+1","floor":35},{"not_picked":["Dagger Throw","Quick Slash"],"picked":"Dodge and Roll+1","floor":38},{"not_picked":["Dagger Throw","Eviscerate+1"],"picked":"Catalyst","floor":39},{"not_picked":["Phantasmal Killer","Masterful Stab","Underhanded Strike+1"],"picked":"SKIP","floor":40},{"not_picked":["Dagger Spray","Sucker Punch","Poisoned Stab"],"picked":"SKIP","floor":41},{"not_picked":["Bullet Time","Deflect","Distraction+1"],"picked":"SKIP","floor":42},{"not_picked":["Caltrops","Eviscerate","Slice+1"],"picked":"SKIP","floor":47}],"player_experience":499860,"relics_obtained":[{"floor":7,"key":"Smiling Mask"},{"floor":9,"key":"Peace Pipe"},{"floor":10,"key":"The Courier"},{"floor":14,"key":"Art of War"},{"floor":23,"key":"Pear"},{"floor":25,"key":"Shuriken"},{"floor":29,"key":"Juzu Bracelet"},{"floor":31,"key":"Dream Catcher"},{"floor":40,"key":"Pen Nib"},{"floor":42,"key":"Potion Belt"},{"floor":43,"key":"Bag of Marbles"},{"floor":47,"key":"Turnip"}],"event_choices":[{"damage_healed":0,"gold_gain":0,"player_choice":"Grow","damage_taken":0,"max_hp_gain":0,"max_hp_loss":0,"event_name":"Living Wall","floor":2,"gold_loss":0,"cards_upgraded":["Neutralize"]},{"damage_healed":0,"gold_gain":0,"player_choice":"Success","damage_taken":11,"relics_obtained":["Anchor"],"max_hp_gain":0,"max_hp_loss":0,"event_name":"Scrap Ooze","floor":4,"gold_loss":0},{"damage_healed":0,"gold_gain":0,"player_choice":"Rummage","damage_taken":0,"relics_obtained":["WarpedTongs"],"max_hp_gain":0,"max_hp_loss":0,"event_name":"Accursed Blacksmith","floor":5,"gold_loss":0,"cards_obtained":["Pain"]},{"damage_healed":0,"gold_gain":0,"player_choice":"Became a Ghost","damage_taken":0,"max_hp_gain":0,"max_hp_loss":36,"event_name":"Ghosts","floor":20,"gold_loss":0,"cards_obtained":["Ghostly","Ghostly","Ghostly"]},{"damage_healed":0,"gold_gain":0,"player_choice":"Trade","damage_taken":0,"relics_obtained":["GremlinMask"],"max_hp_gain":0,"max_hp_loss":0,"event_name":"FaceTrader","floor":22,"gold_loss":0},{"damage_healed":0,"gold_gain":0,"player_choice":"Paid","damage_taken":0,"relics_obtained":["Red Mask"],"max_hp_gain":0,"max_hp_loss":0,"event_name":"Tomb of Lord Red Mask","floor":37,"gold_loss":9},{"damage_healed":0,"gold_gain":0,"player_choice":"Got Potions","damage_taken":0,"max_hp_gain":0,"max_hp_loss":0,"event_name":"Lab","floor":45,"gold_loss":0},{"damage_healed":37,"gold_gain":0,"player_choice":"Heal","damage_taken":0,"max_hp_gain":0,"max_hp_loss":0,"event_name":"MindBloom","floor":48,"gold_loss":0,"cards_obtained":["Doubt"]}],"is_beta":false,"boss_relics":[{"not_picked":["Runic Pyramid","Snecko Eye"],"picked":"Cursed Key"},{"not_picked":["WristBlade","Runic Dome"],"picked":"HoveringKite"}],"items_purged_floors":[13,36,44],"is_endless":false,"potions_floor_spawned":[3,7,10,11,19,21,25,29,30,33,41,42],"killed_by":"Time Eater","ascension_level":16}