{"gold_per_floor":[112,212,224,224,97,126,126,151,204,204,237,113,131,146,146,241,241,261,261],"floor_reached":19,"playtime":1395,"items_purged":["Strike_B","Defend_B"],"score":231,"play_id":"0a6e5e28-c1ec-418f-9b25-e4f018c5f13a","local_time":"20190324152239","is_ascension_mode":true,"campfire_choices":[{"data":"Zap","floor":7,"key":"SMITH"},{"data":"Leap","floor":10,"key":"SMITH"},{"data":"Consume","floor":15,"key":"SMITH"}],"neow_cost":"NONE","seed_source_timestamp":53099545239488,"circlet_count":0,"master_deck":["Strike_B","Strike_B","Defend_B","Defend_B","Defend_B","Zap+1","Dualcast","Capacitor","Streamline","Leap+1","Leap","Ball Lightning","Conserve Battery","Go for the Eyes","Static Discharge","Consume+1","Thunder Strike","Fusion"],"relics":["Cracked Core","NeowsBlessing","Boot","Darkstone Periapt","PreservedInsect","Happy Flower","Snecko Eye"],"potions_floor_usage":[16,19],"damage_taken":[{"damage":0,"enemies":"2 Louse","floor":1,"turns":1},{"damage":0,"enemies":"Cultist","floor":3,"turns":1},{"damage":0,"enemies":"Lagavulin","floor":6,"turns":2},{"damage":35,"enemies":"Gremlin Nob","floor":8,"turns":4},{"damage":4,"enemies":"Lagavulin","floor":11,"turns":6},{"damage":1,"enemies":"Small Slimes","floor":13,"turns":3},{"damage":4,"enemies":"Blue Slaver","floor":14,"turns":3},{"damage":11,"enemies":"The Guardian","floor":16,"turns":8},{"damage":23,"enemies":"Shell Parasite","floor":18,"turns":6},{"damage":53,"enemies":"Masked Bandits","floor":19,"turns":3}],"seed_played":"-2040766808653153827","potions_obtained":[{"floor":8,"key":"Swift Potion"},{"floor":16,"key":"Swift Potion"}],"is_trial":false,"path_per_floor":["M","?","M","?","$","E","R","E","T","R","E","$","M","M","R","B",null,"M","?"],"character_chosen":"DEFECT","items_purchased":["Leap","Go for the Eyes"],"campfire_rested":0,"item_purchase_floors":[5,12],"current_hp_per_floor":[75,75,75,75,75,75,75,40,40,40,36,36,35,31,31,20,75,52,0],"gold":261,"neow_bonus":"THREE_ENEMY_KILL","is_prod":false,"is_daily":false,"chose_seed":false,"campfire_upgraded":3,"win_rate":0,"timestamp":1553437359,"path_taken":["M","?","?","?","$","E","R","E","T","R","E","$","M","M","R","BOSS","M","?"],"build_version":"2019-03-15","purchased_purges":2,"victory":false,"max_hp_per_floor":[75,75,75,75,75,75,75,75,75,75,75,75,75,75,75,75,75,75,75],"card_choices":[{"not_picked":["Stack","Turbo","Compile Driver"],"picked":"SKIP","floor":1},{"not_picked":["Barrage","FTL"],"picked":"Capacitor","floor":3},{"not_picked":["Gash","Conserve Battery"],"picked":"Leap","floor":6},{"not_picked":["Hologram","Beam Cell"],"picked":"Ball Lightning","floor":8},{"not_picked":["Storm","Cold Snap"],"picked":"Conserve Battery","floor":11},{"not_picked":["Rebound","Cold Snap"],"picked":"Static Discharge","floor":13},{"not_picked":["Rebound","Reinforced Body"],"picked":"Consume","floor":14},{"not_picked":["Rainbow","Amplify"],"picked":"Thunder Strike","floor":16},{"not_picked":["White Noise","Undo"],"picked":"Fusion","floor":18}],"player_experience":251680,"relics_obtained":[{"floor":6,"key":"Boot"},{"floor":8,"key":"Darkstone Periapt"},{"floor":9,"key":"PreservedInsect"},{"floor":11,"key":"Happy Flower"}],"event_choices":[{"damage_healed":0,"gold_gain":100,"player_choice":"Pray","damage_taken":0,"max_hp_gain":0,"max_hp_loss":0,"event_name":"Golden Shrine","floor":2,"gold_loss":0},{"damage_healed":0,"gold_gain":0,"cards_transformed":["Strike_B"],"player_choice":"Change","damage_taken":0,"max_hp_gain":0,"max_hp_loss":0,"event_name":"Living Wall","floor":4,"gold_loss":0,"cards_obtained":["Streamline"]},{"damage_healed":0,"gold_gain":0,"player_choice":"Fought Bandits","damage_taken":0,"max_hp_gain":0,"max_hp_loss":0,"event_name":"Masked Bandits","floor":19,"gold_loss":0}],"is_beta":true,"boss_relics":[{"not_picked":["Runic Dome","Tiny House"],"picked":"Snecko Eye"}],"items_purged_floors":[5,12],"is_endless":false,"potions_floor_spawned":[8,16],"killed_by":"Masked Bandits","ascension_level":2}