{"gold_per_floor":[115,135,151,38,38,38,58,77,131,142,177,189,252,189,201,288,300,323,1,1,1,13,43,43,74,74,74,125,141,141],"floor_reached":30,"playtime":1118,"items_purged":["Defend_B"],"score":469,"play_id":"1ab8d710-fc94-45c6-a680-2d66f4472d4e","local_time":"20190326001755","is_ascension_mode":true,"campfire_choices":[{"floor":6.0,"key":"REST"},{"floor":12.0,"key":"REST"},{"floor":15.0,"key":"REST"},{"floor":24.0,"key":"REST"},{"floor":27.0,"key":"REST"}],"neow_cost":"NONE","seed_source_timestamp":0,"circlet_count":0,"master_deck":["AscendersBane","Strike_B","Strike_B","Strike_B+1","Defend_B","Defend_B","Defend_B","Zap+1","Dualcast","Leap","White Noise+1","Streamline+1","White Noise","Doom and Gloom","Rebound","Auto Shields","Echo Form","Beam Cell","Finesse","Redo","Defragment","Stack","Consume","Stack","Lockon+1"],"special_seed":0,"relics":["Black Star","Tiny Chest","Boot","MawBank","Whetstone","Fusion Hammer","Gremlin Horn","Bird Faced Urn","Dream Catcher","Mummified Hand","Symbiotic Virus","Molten Egg 2","Dodecahedron","Strawberry"],"potions_floor_usage":[30,30,30,30],"damage_taken":[{"damage":7.0,"enemies":"Jaw Worm","floor":1.0,"turns":4.0},{"damage":10.0,"enemies":"2 Louse","floor":2.0,"turns":4.0},{"damage":1.0,"enemies":"Cultist","floor":3.0,"turns":4.0},{"damage":10.0,"enemies":"Exordium Wildlife","floor":7.0,"turns":4.0},{"damage":12.0,"enemies":"Gremlin Gang","floor":8.0,"turns":4.0},{"damage":0.0,"enemies":"3 Louse","floor":10.0,"turns":2.0},{"damage":22.0,"enemies":"3 Sentries","floor":11.0,"turns":7.0},{"damage":24.0,"enemies":"Slime Boss","floor":16.0,"turns":5.0},{"damage":13.0,"enemies":"Shell Parasite","floor":18.0,"turns":4.0},{"damage":24.0,"enemies":"Spheric Guardian","floor":22.0,"turns":4.0},{"damage":24.0,"enemies":"Gremlin Leader","floor":23.0,"turns":5.0},{"damage":31.0,"enemies":"Slavers","floor":25.0,"turns":4.0},{"damage":34,"enemies":"Centurion and Healer","floor":29,"turns":5},{"damage":32,"enemies":"Chosen and Byrds","floor":30,"turns":4}],"seed_played":"3076354195957322051","potions_obtained":[{"floor":2.0,"key":"Fire Potion"},{"floor":7.0,"key":"FocusPotion"},{"floor":18.0,"key":"EntropicBrew"},{"floor":22.0,"key":"Poison Potion"},{"floor":29,"key":"Explosive Potion"}],"is_trial":false,"path_per_floor":["M","M","M","$","?","R","M","M","T","M","E","R","T","?","R","B",null,"M","$","?","T","M","E","R","E","T","R","T","M","M"],"character_chosen":"DEFECT","items_purchased":["White Noise","Gremlin Horn","Finesse"],"campfire_rested":5,"item_purchase_floors":[4,19,19],"current_hp_per_floor":[57,47,46,46,25,46,36,24,24,24,2,23,23,23,44,20,58,45,45,59,59,41,25,46,19,19,40,47,19,0],"gold":141,"neow_bonus":"BOSS_RELIC","is_prod":false,"is_daily":false,"chose_seed":false,"campfire_upgraded":0,"win_rate":0,"timestamp":1553584675,"path_taken":["M","M","M","$","?","R","M","M","T","M","E","R","?","?","R","BOSS","M","$","?","?","?","E","R","E","T","R","?","M","M"],"build_version":"2019-01-23","purchased_purges":1,"victory":false,"max_hp_per_floor":[71,71,71,71,71,71,71,71,71,71,71,71,71,71,71,71,71,71,71,71,71,71,71,71,71,71,71,78,78,78],"card_choices":[{"not_picked":["Steam","Cold Snap"],"picked":"Leap","floor":1.0},{"not_picked":["Barrage","Steam Power"],"picked":"White Noise","floor":2.0},{"not_picked":["Rebound","Lockon"],"picked":"Streamline","floor":3.0},{"not_picked":["Barrage","Hologram"],"picked":"Doom and Gloom","floor":7.0},{"not_picked":["Force Field","Genetic Algorithm"],"picked":"Rebound","floor":8.0},{"not_picked":["Undo","Compile Driver","Genetic Algorithm"],"picked":"SKIP","floor":10.0},{"not_picked":["Scrape","Hologram"],"picked":"Auto Shields","floor":11.0},{"not_picked":["Machine Learning","Fission"],"picked":"Echo Form","floor":16.0},{"not_picked":["Gash","Sweeping Beam"],"picked":"Beam Cell","floor":18.0},{"not_picked":["Leap","Darkness+1"],"picked":"Redo","floor":22.0},{"not_picked":["Stack","Fission"],"picked":"Defragment","floor":23.0},{"not_picked":["Tempest","Leap"],"picked":"Stack","floor":24.0},{"not_picked":["Compile Driver","Gash"],"picked":"Consume","floor":25.0},{"not_picked":["Steam Power","Streamline+1"],"picked":"Stack","floor":27.0},{"not_picked":["Ball Lightning+1","Steam Power"],"picked":"Lockon+1","floor":29}],"player_experience":1249411,"relics_obtained":[{"floor":9.0,"key":"Tiny Chest"},{"floor":11.0,"key":"Boot"},{"floor":11.0,"key":"MawBank"},{"floor":13.0,"key":"Whetstone"},{"floor":21.0,"key":"Bird Faced Urn"},{"floor":23.0,"key":"Dream Catcher"},{"floor":23.0,"key":"Mummified Hand"},{"floor":25.0,"key":"Symbiotic Virus"},{"floor":25.0,"key":"Molten Egg 2"},{"floor":26.0,"key":"Dodecahedron"},{"floor":28.0,"key":"Strawberry"}],"event_choices":[{"damage_healed":0.0,"max_hp_gain":0.0,"max_hp_loss":0.0,"gold_gain":0.0,"event_name":"Shining Light","player_choice":"Entered Light","floor":5.0,"gold_loss":0.0,"damage_taken":21.0,"cards_upgraded":["Zap","White Noise"]},{"cards_removed":["Strike_B"],"damage_healed":0.0,"max_hp_gain":0.0,"max_hp_loss":0.0,"gold_gain":0.0,"event_name":"The Cleric","player_choice":"Card Removal","floor":14.0,"gold_loss":75.0,"damage_taken":0.0},{"damage_healed":14.0,"max_hp_gain":0.0,"max_hp_loss":0.0,"gold_gain":0.0,"event_name":"The Library","player_choice":"Heal","floor":20.0,"gold_loss":0.0,"damage_taken":0.0}],"is_beta":false,"boss_relics":[{"not_picked":["Philosopher\u0027s Stone","Coffee Dripper"],"picked":"Fusion Hammer"}],"items_purged_floors":[4],"is_endless":false,"potions_floor_spawned":[2,7,10,11,18,22,29],"killed_by":"Chosen and Byrds","ascension_level":15}