{"gold_per_floor":[18,18,32,32,48,48,61,73,73,73,73,43,43,43],"floor_reached":14,"playtime":607,"items_purged":[],"score":140,"play_id":"317fb58a-b065-4a7c-80f1-813cd296dbb1","local_time":"20181225114508","is_ascension_mode":true,"campfire_choices":[{"data":"Fusion","floor":6,"key":"SMITH"},{"floor":10,"key":"REST"}],"neow_cost":"NO_GOLD","seed_source_timestamp":672791906976049,"circlet_count":0,"master_deck":["AscendersBane","Strike_B","Strike_B","Strike_B","Strike_B","Defend_B","Defend_B","Defend_B","Zap","Dualcast","Transmutation","Forethought","Fusion+1","Conserve Battery","Aggregate","Turbo","Streamline","Redo","Injury"],"relics":["Cracked Core","Bottled Lightning","Golden Idol"],"potions_floor_usage":[14],"damage_taken":[{"damage":1,"enemies":"Cultist","floor":1,"turns":3},{"damage":6,"enemies":"2 Louse","floor":3,"turns":2},{"damage":8,"enemies":"Small Slimes","floor":5,"turns":3},{"damage":17,"enemies":"Exordium Wildlife","floor":7,"turns":5},{"damage":20,"enemies":"3 Louse","floor":8,"turns":4},{"damage":12,"enemies":"Looter","floor":12,"turns":4},{"damage":50,"enemies":"Gremlin Nob","floor":14,"turns":4}],"seed_played":"7969291682036161351","potions_obtained":[{"floor":3,"key":"AttackPotion"}],"is_trial":false,"path_per_floor":["M","$","M","?","M","R","M","M","T","R","?","M","?","E"],"character_chosen":"DEFECT","items_purchased":[],"campfire_rested":1,"item_purchase_floors":[],"current_hp_per_floor":[63,63,57,57,49,49,32,12,12,33,33,21,21,0],"gold":43,"neow_bonus":"RANDOM_COLORLESS_2","is_prod":false,"is_daily":false,"chose_seed":false,"campfire_upgraded":1,"win_rate":0,"timestamp":1545767108,"path_taken":["M","$","M","?","M","R","M","M","T","R","?","M","?","E"],"build_version":"2018-12-20","purchased_purges":0,"victory":false,"max_hp_per_floor":[71,71,71,71,71,71,71,71,71,71,71,71,71,71],"card_choices":[{"not_picked":["Leap","Sweeping Beam"],"picked":"Fusion","floor":1},{"not_picked":["Go for the Eyes","Hologram"],"picked":"Conserve Battery","floor":3},{"not_picked":["Leap","Doom and Gloom"],"picked":"Aggregate","floor":5},{"not_picked":["Coolheaded","Aggregate"],"picked":"Turbo","floor":7},{"not_picked":["Scrape","Consume"],"picked":"Streamline","floor":8},{"not_picked":["Barrage","Stack"],"picked":"Redo","floor":12}],"player_experience":1067484,"relics_obtained":[{"floor":9,"key":"Bottled Lightning"}],"event_choices":[{"cards_removed":["Defend_B"],"damage_healed":0,"gold_gain":0,"player_choice":"Forget","damage_taken":0,"max_hp_gain":0,"max_hp_loss":0,"event_name":"Living Wall","floor":4,"gold_loss":0},{"damage_healed":0,"gold_gain":0,"player_choice":"Ignored","damage_taken":0,"max_hp_gain":0,"max_hp_loss":0,"event_name":"Shining Light","floor":11,"gold_loss":0},{"damage_healed":0,"gold_gain":0,"player_choice":"Take Wound","damage_taken":0,"relics_obtained":["Golden Idol"],"max_hp_gain":0,"max_hp_loss":0,"event_name":"Golden Idol","floor":13,"gold_loss":0,"cards_obtained":["Injury"]}],"is_beta":false,"boss_relics":[],"items_purged_floors":[],"is_endless":false,"potions_floor_spawned":[3],"killed_by":"Gremlin Nob","ascension_level":15}