{"gold_per_floor":[116,116,116,131,4,4,18,34,58,58,208,208,238,251,251,326,326,345,395,310,310,230],"floor_reached":22,"playtime":1327,"items_purged":["Defend_B"],"score":346,"play_id":"22bfff52-93ca-41ec-abd1-21f7752f71ba","local_time":"20190504023235","is_ascension_mode":true,"campfire_choices":[{"data":"Capacitor","floor":6,"key":"SMITH"},{"floor":10,"key":"REST"},{"data":"Glacier","floor":12,"key":"SMITH"},{"data":"Dualcast","floor":15,"key":"SMITH"}],"neow_cost":"TEN_PERCENT_HP_LOSS","seed_source_timestamp":227968441109530,"circlet_count":0,"master_deck":["AscendersBane","Strike_B","Strike_B","Strike_B","Defend_B","Defend_B","Zap","Dualcast+1","Skim","Glacier+1","Capacitor+1","Cold Snap","Doubt","Seek","Cold Snap","Core Surge"],"relics":["Cracked Core","Sundial","The Courier","PreservedInsect","Omamori","Inserter","DataDisk"],"potions_floor_usage":[16,22],"damage_taken":[{"damage":7,"enemies":"Small Slimes","floor":1,"turns":4},{"damage":6,"enemies":"Jaw Worm","floor":4,"turns":4},{"damage":0,"enemies":"Cultist","floor":7,"turns":4},{"damage":21,"enemies":"Lots of Slimes","floor":8,"turns":6},{"damage":2,"enemies":"Lagavulin","floor":13,"turns":7},{"damage":1,"enemies":"Looter","floor":14,"turns":4},{"damage":11,"enemies":"The Guardian","floor":16,"turns":19},{"damage":30,"enemies":"Chosen","floor":18,"turns":8},{"damage":8,"enemies":"2 Thieves","floor":22,"turns":2}],"seed_played":"-3811826062553307314","potions_obtained":[{"floor":1,"key":"GamblersBrew"},{"floor":13,"key":"Poison Potion"},{"floor":14,"key":"Block Potion"}],"is_trial":false,"path_per_floor":["M","?","T","M","$","R","M","M","T","R","?","R","E","M","R","B",null,"M","?","?","?","M"],"character_chosen":"DEFECT","items_purchased":["Capacitor"],"campfire_rested":1,"item_purchase_floors":[5],"current_hp_per_floor":[57,46,46,40,40,40,40,19,19,38,38,38,36,35,35,24,54,24,24,24,7,0],"gold":230,"neow_bonus":"REMOVE_TWO","is_prod":false,"is_daily":false,"chose_seed":false,"campfire_upgraded":3,"win_rate":0,"timestamp":1556962355,"path_taken":["M","?","?","?","$","R","?","M","T","R","?","R","E","M","R","BOSS","M","?","?","?","?"],"build_version":"2019-01-23","purchased_purges":1,"victory":false,"max_hp_per_floor":[64,64,64,64,64,64,64,64,64,64,64,64,64,64,64,64,64,64,64,64,69,69],"card_choices":[{"not_picked":["Stack","Beam Cell"],"picked":"Skim","floor":1},{"not_picked":["Rebound","Defragment"],"picked":"Glacier","floor":4},{"not_picked":["Hologram","Storm","Compile Driver"],"picked":"SKIP","floor":7},{"not_picked":["Stack","Compile Driver"],"picked":"Cold Snap","floor":8},{"not_picked":["BootSequence","Gash"],"picked":"Seek","floor":13},{"not_picked":["Gash","Fusion"],"picked":"Cold Snap","floor":14},{"not_picked":["Rainbow","Thunder Strike"],"picked":"Core Surge","floor":16},{"not_picked":["Chaos","Rip and Tear","Sunder"],"picked":"SKIP","floor":18}],"player_experience":1329386,"relics_obtained":[{"floor":3,"key":"The Courier"},{"floor":9,"key":"PreservedInsect"},{"floor":13,"key":"Omamori"}],"event_choices":[{"damage_healed":0,"gold_gain":0,"player_choice":"Success","damage_taken":11,"relics_obtained":["Sundial"],"max_hp_gain":0,"max_hp_loss":0,"event_name":"Scrap Ooze","floor":2,"gold_loss":0},{"damage_healed":0,"gold_gain":150,"player_choice":"AGREE","damage_taken":0,"max_hp_gain":0,"max_hp_loss":0,"event_name":"Liars Game","floor":11,"gold_loss":0,"cards_obtained":["Doubt"]},{"damage_healed":0,"gold_gain":50,"player_choice":"Stole From Cult","damage_taken":0,"max_hp_gain":0,"max_hp_loss":0,"event_name":"Nest","floor":19,"gold_loss":0},{"damage_healed":0,"gold_gain":0,"player_choice":"Obtained Relic","damage_taken":0,"relics_obtained":["DataDisk"],"max_hp_gain":0,"max_hp_loss":0,"event_name":"Addict","floor":20,"gold_loss":85},{"damage_healed":0,"gold_gain":0,"player_choice":"Shed Blood","damage_taken":22,"max_hp_gain":5,"max_hp_loss":0,"event_name":"Forgotten Altar","floor":21,"gold_loss":0}],"is_beta":false,"boss_relics":[{"not_picked":["Empty Cage","Runic Dome"],"picked":"Inserter"}],"items_purged_floors":[5],"is_endless":false,"potions_floor_spawned":[1,13,14],"killed_by":"2 Thieves","ascension_level":18}