{"gold_per_floor":[115,128,278,203,203,203,232,246,272,272,299,311,311],"floor_reached":13,"playtime":548,"items_purged":["Doubt"],"score":177,"play_id":"d7500480-d3e1-435d-8dc8-f53865ed8201","local_time":"20190503003956","is_ascension_mode":true,"campfire_choices":[{"data":"Streamline","floor":6,"key":"SMITH"},{"floor":10,"key":"REST"}],"neow_cost":"NONE","seed_source_timestamp":159462235356346,"circlet_count":0,"master_deck":["AscendersBane","Strike_B","Strike_B","Strike_B","Strike_B","Defend_B","Defend_B","Defend_B+1","Defend_B+1","Zap","Dualcast","Streamline+1","Force Field","Auto Shields","Leap","Hologram"],"relics":["Snecko Eye","War Paint","Art of War","Question Card"],"potions_floor_usage":[11],"damage_taken":[{"damage":4,"enemies":"Jaw Worm","floor":1,"turns":5},{"damage":0,"enemies":"2 Louse","floor":2,"turns":2},{"damage":30,"enemies":"Lagavulin","floor":7,"turns":5},{"damage":0,"enemies":"Cultist","floor":8,"turns":2},{"damage":28,"enemies":"3 Sentries","floor":11,"turns":7},{"damage":0,"enemies":"Exordium Thugs","floor":12,"turns":5},{"damage":14,"enemies":"Lots of Slimes","floor":13,"turns":3}],"seed_played":"-3408208091188068049","potions_obtained":[{"floor":8,"key":"EssenceOfSteel"},{"floor":12,"key":"Poison Potion"}],"is_trial":false,"path_per_floor":["M","M","?","$","?","R","E","M","T","R","E","M","M"],"character_chosen":"DEFECT","items_purchased":[],"campfire_rested":1,"item_purchase_floors":[],"current_hp_per_floor":[60,60,60,60,50,50,20,20,20,41,13,13,0],"gold":311,"neow_bonus":"BOSS_RELIC","is_prod":false,"is_daily":false,"chose_seed":false,"campfire_upgraded":1,"win_rate":0,"timestamp":1556869196,"path_taken":["M","M","?","$","?","R","E","M","T","R","E","?","M"],"build_version":"2019-01-23","purchased_purges":1,"victory":false,"max_hp_per_floor":[71,71,71,71,71,71,71,71,71,71,71,71,71],"card_choices":[{"not_picked":["Sweeping Beam","Blizzard"],"picked":"Streamline","floor":1},{"not_picked":["Compile Driver","Leap","Barrage"],"picked":"SKIP","floor":2},{"not_picked":["Cold Snap","Gash"],"picked":"Force Field","floor":7},{"not_picked":["Ball Lightning","Auto Shields","Tempest"],"picked":"SKIP","floor":8},{"not_picked":["Ball Lightning","Tempest"],"picked":"Auto Shields","floor":8},{"not_picked":["Fission","Reprogram"],"picked":"Leap","floor":11},{"not_picked":["Steam","Barrage","Ball Lightning"],"picked":"Hologram","floor":12}],"player_experience":1324517,"relics_obtained":[{"floor":7,"key":"War Paint"},{"floor":9,"key":"Art of War"},{"floor":11,"key":"Question Card"}],"event_choices":[{"damage_healed":0,"gold_gain":150,"player_choice":"AGREE","damage_taken":0,"max_hp_gain":0,"max_hp_loss":0,"event_name":"Liars Game","floor":3,"gold_loss":0,"cards_obtained":["Doubt"]},{"damage_healed":0,"gold_gain":0,"player_choice":"Damaged","damage_taken":10,"max_hp_gain":0,"max_hp_loss":0,"event_name":"Wheel of Change","floor":5,"gold_loss":0}],"is_beta":false,"boss_relics":[],"items_purged_floors":[4],"is_endless":false,"potions_floor_spawned":[8,12],"killed_by":"Lots of Slimes","ascension_level":18}