{"gold_per_floor":[314,329,15,15,29,63,80,113,166,185,185,198,198,230,230,327,327,346,271,283,283,297,297,297,307,334,13,46,46,65,99,99,202,202,215,12,12,31,47,76,128,156,156,173,186,196,212,243,243,243],"floor_reached":51,"playtime":9538,"items_purged":[],"score":826,"play_id":"f285f87b-0764-4c31-ad58-a1aeb7ac03e1","local_time":"20190601112822","is_ascension_mode":false,"campfire_choices":[{"data":"Uppercut","floor":11,"key":"SMITH"},{"data":"Bash","floor":13,"key":"SMITH"},{"data":"Fiend Fire","floor":15,"key":"SMITH"},{"data":"Reaper","floor":23,"key":"SMITH"},{"data":"Demon Form","floor":32,"key":"SMITH"},{"data":"Dramatic Entrance","floor":49,"key":"SMITH"}],"neow_cost":"NO_GOLD","seed_source_timestamp":558586585357206,"circlet_count":0,"master_deck":["Strike_R","Strike_R","Strike_R","Strike_R","Strike_R","Defend_R","Defend_R+1","Defend_R+1","Bash+1","Ghostly Armor","Sever Soul","Feel No Pain","Sever Soul","Clash","Anger","Blood for Blood","Uppercut+1","True Grit","Iron Wave","Thunderclap","Fiend Fire+1","Reaper+1","Clothesline+1","Cleave","Bash","Rampage","Sever Soul+1","Warcry+1","Rampage","Shame","Anger","Demon Form+1","Reaper","Thunderclap+1","Dramatic Entrance+1","Thinking Ahead","Panache","Twin Strike+1","Parasite","Whirlwind+1","Battle Trance+1","Seeing Red+1","Blood for Blood+1","Cleave","Body Slam+1","Headbutt","Dropkick+1","Rampage+1"],"relics":["Burning Blood","Old Coin","Orichalcum","Vajra","Mercury Hourglass","War Paint","Happy Flower","White Beast Statue","Nilry\u0027s Codex","Pen Nib","Shuriken","Gremlin Horn","Red Skull","Self Forming Clay","Cursed Key","Toy Ornithopter","PreservedInsect","Magic Flower","Ornamental Fan","Strawberry"],"potions_floor_usage":[18,20,25,28,30,33,33,40,41,42,44,45,46,47,48,50,50],"damage_taken":[{"damage":6,"enemies":"Cultist","floor":1,"turns":3},{"damage":8,"enemies":"Small Slimes","floor":2,"turns":3},{"damage":1,"enemies":"2 Louse","floor":5,"turns":2},{"damage":16,"enemies":"3 Sentries","floor":6,"turns":8},{"damage":7,"enemies":"Exordium Thugs","floor":7,"turns":4},{"damage":14,"enemies":"Lagavulin","floor":8,"turns":6},{"damage":1,"enemies":"Blue Slaver","floor":10,"turns":3},{"damage":0,"enemies":"3 Louse","floor":12,"turns":2},{"damage":9,"enemies":"3 Sentries","floor":14,"turns":4},{"damage":32,"enemies":"Hexaghost","floor":16,"turns":7},{"damage":4,"enemies":"Chosen","floor":18,"turns":2},{"damage":5,"enemies":"Shell Parasite","floor":20,"turns":4},{"damage":6,"enemies":"Snecko","floor":22,"turns":4},{"damage":9,"enemies":"Snake Plant","floor":25,"turns":2},{"damage":25,"enemies":"Book of Stabbing","floor":28,"turns":4},{"damage":17,"enemies":"Shelled Parasite and Fungi","floor":30,"turns":4},{"damage":0,"enemies":"Gremlin Leader","floor":31,"turns":3},{"damage":50,"enemies":"Champ","floor":33,"turns":9},{"damage":2,"enemies":"Orb Walker","floor":35,"turns":2},{"damage":0,"enemies":"3 Shapes","floor":38,"turns":1},{"damage":21,"enemies":"Writhing Mass","floor":39,"turns":5},{"damage":21,"enemies":"Nemesis","floor":40,"turns":5},{"damage":20,"enemies":"2 Orb Walkers","floor":41,"turns":3},{"damage":21,"enemies":"Giant Head","floor":42,"turns":6},{"damage":21,"enemies":"3 Darklings","floor":44,"turns":3},{"damage":0,"enemies":"Transient","floor":45,"turns":5},{"damage":19,"enemies":"4 Shapes","floor":46,"turns":2},{"damage":12,"enemies":"Spire Growth","floor":47,"turns":2},{"damage":14,"enemies":"Nemesis","floor":48,"turns":3},{"damage":88,"enemies":"Awakened One","floor":50,"turns":8}],"seed_played":"-129523986352558830","potions_obtained":[{"floor":1,"key":"GamblersBrew"},{"floor":7,"key":"GamblersBrew"},{"floor":14,"key":"SteroidPotion"},{"floor":16,"key":"SteroidPotion"},{"floor":18,"key":"Swift Potion"},{"floor":20,"key":"Weak Potion"},{"floor":22,"key":"EssenceOfSteel"},{"floor":25,"key":"BloodPotion"},{"floor":28,"key":"Poison Potion"},{"floor":30,"key":"Block Potion"},{"floor":31,"key":"SkillPotion"},{"floor":33,"key":"PowerPotion"},{"floor":35,"key":"SpeedPotion"},{"floor":38,"key":"FearPotion"},{"floor":39,"key":"Strength Potion"},{"floor":40,"key":"FearPotion"},{"floor":41,"key":"Block Potion"},{"floor":42,"key":"Poison Potion"},{"floor":44,"key":"GamblersBrew"},{"floor":45,"key":"SpeedPotion"},{"floor":46,"key":"SteroidPotion"},{"floor":47,"key":"SneckoOil"},{"floor":48,"key":"SpeedPotion"}],"is_trial":false,"path_per_floor":["M","M","$","$","M","E","M","E","T","M","R","M","R","E","R","B",null,"M","?","M","?","M","R","?","M","T","$","E","?","M","E","R","B",null,"M","$","?","M","M","E","?","E","T","M","M","M","M","E","R","B",null],"character_chosen":"IRONCLAD","items_purchased":["Orichalcum","Feel No Pain","Sever Soul","Clash","Shuriken","Rampage","Toy Ornithopter"],"campfire_rested":0,"item_purchase_floors":[3,3,3,3,27,27,36],"current_hp_per_floor":[80,78,78,78,80,70,69,61,61,66,66,72,72,69,69,43,80,80,80,80,80,80,80,64,61,61,61,49,49,62,76,76,38,80,80,80,70,76,62,54,80,75,75,68,80,80,80,87,87,33],"gold":243,"neow_bonus":"ONE_RARE_RELIC","is_prod":false,"is_daily":false,"chose_seed":false,"campfire_upgraded":6,"win_rate":0.0,"timestamp":1559402902,"path_taken":["M","M","?","$","M","E","M","E","T","M","R","M","R","E","R","BOSS","M","?","M","?","?","R","?","M","T","?","E","?","M","E","R","BOSS","M","$","?","M","M","E","?","E","T","M","M","M","M","E","R","BOSS"],"build_version":"2019-01-23","purchased_purges":0,"victory":true,"max_hp_per_floor":[80,80,80,80,80,80,80,80,80,80,80,80,80,80,80,80,80,80,80,80,80,80,80,80,80,80,80,80,80,80,80,80,80,80,80,80,80,80,80,80,80,80,80,80,80,80,80,87,87,87],"card_choices":[{"not_picked":["Bloodletting","True Grit"],"picked":"Ghostly Armor","floor":1},{"not_picked":["Pummel","Whirlwind"],"picked":"Sever Soul","floor":2},{"not_picked":["Clash","Dropkick"],"picked":"Anger","floor":5},{"not_picked":["Metallicize","Impervious"],"picked":"Blood for Blood","floor":6},{"not_picked":["Clash","Shrug It Off"],"picked":"Uppercut","floor":7},{"not_picked":["Perfected Strike","Body Slam"],"picked":"True Grit","floor":8},{"not_picked":["Thunderclap","True Grit"],"picked":"Iron Wave","floor":10},{"not_picked":["Body Slam","Pummel"],"picked":"Thunderclap","floor":12},{"not_picked":["Dropkick","Power Through"],"picked":"Fiend Fire","floor":14},{"not_picked":["Brutality","Dark Embrace"],"picked":"Reaper","floor":16},{"not_picked":["Flex+1","Disarm+1"],"picked":"Clothesline+1","floor":18},{"not_picked":["Dual Wield","True Grit"],"picked":"Cleave","floor":20},{"not_picked":["Sword Boomerang+1","Warcry"],"picked":"Sever Soul+1","floor":22},{"not_picked":["Metallicize+1","Shrug It Off"],"picked":"Warcry+1","floor":25},{"not_picked":["Metallicize","Shrug It Off","Feel No Pain"],"picked":"SKIP","floor":28},{"not_picked":["Twin Strike","Entrench"],"picked":"Anger","floor":30},{"not_picked":["Corruption","Infernal Blade"],"picked":"Demon Form","floor":31},{"not_picked":["Impervious","Berserk"],"picked":"Reaper","floor":33},{"not_picked":["Body Slam","Clash"],"picked":"Thunderclap+1","floor":35},{"not_picked":["Finesse","Chrysalis"],"picked":"Dramatic Entrance","floor":37},{"not_picked":["Madness","Forethought"],"picked":"Thinking Ahead","floor":37},{"not_picked":["Chrysalis","Bandage Up"],"picked":"Panache","floor":37},{"not_picked":["Bloodletting","Body Slam"],"picked":"Twin Strike+1","floor":38},{"not_picked":["Twin Strike","Perfected Strike"],"picked":"Whirlwind+1","floor":39},{"not_picked":["Shrug It Off","Flex"],"picked":"Battle Trance+1","floor":40},{"not_picked":["Whirlwind+1","Clash"],"picked":"Seeing Red+1","floor":41},{"not_picked":["Rupture","Cleave+1"],"picked":"Blood for Blood+1","floor":42},{"not_picked":["Iron Wave","Warcry"],"picked":"Cleave","floor":44},{"not_picked":["Metallicize+1","Pommel Strike"],"picked":"Body Slam+1","floor":45},{"not_picked":["Seeing Red+1","Perfected Strike+1"],"picked":"Headbutt","floor":46},{"not_picked":["Hemokinesis","Disarm"],"picked":"Dropkick+1","floor":47},{"not_picked":["Thunderclap","Juggernaut"],"picked":"Rampage+1","floor":48}],"player_experience":4375,"relics_obtained":[{"floor":6,"key":"Vajra"},{"floor":8,"key":"Mercury Hourglass"},{"floor":9,"key":"War Paint"},{"floor":14,"key":"Happy Flower"},{"floor":24,"key":"Nilry\u0027s Codex"},{"floor":26,"key":"Pen Nib"},{"floor":28,"key":"Gremlin Horn"},{"floor":31,"key":"Self Forming Clay"},{"floor":40,"key":"PreservedInsect"},{"floor":41,"key":"Magic Flower"},{"floor":42,"key":"Ornamental Fan"},{"floor":48,"key":"Strawberry"}],"event_choices":[{"cards_removed":["Defend_R"],"damage_healed":0,"gold_gain":0,"player_choice":"Gave Gold","damage_taken":0,"max_hp_gain":0,"max_hp_loss":0,"event_name":"Beggar","floor":19,"gold_loss":75},{"damage_healed":0,"gold_gain":0,"player_choice":"2 cards matched","damage_taken":0,"max_hp_gain":0,"max_hp_loss":0,"event_name":"Match and Keep!","floor":21,"gold_loss":0,"cards_obtained":["Bash","Rampage"]},{"damage_healed":0,"gold_gain":0,"player_choice":"Obtained Book","damage_taken":16,"max_hp_gain":0,"max_hp_loss":0,"event_name":"Cursed Tome","floor":24,"gold_loss":0},{"damage_healed":0,"gold_gain":0,"player_choice":"Stole Relic","damage_taken":0,"relics_obtained":["Red Skull"],"max_hp_gain":0,"max_hp_loss":0,"event_name":"Addict","floor":29,"gold_loss":0,"cards_obtained":["Shame"]},{"damage_healed":0,"gold_gain":0,"player_choice":"Memory 3","damage_taken":10,"max_hp_gain":0,"max_hp_loss":0,"event_name":"SensoryStone","floor":37,"gold_loss":0},{"damage_healed":0,"gold_gain":0,"player_choice":"Fight","damage_taken":0,"max_hp_gain":0,"max_hp_loss":0,"event_name":"Mysterious Sphere","floor":41,"gold_loss":0}],"is_beta":false,"boss_relics":[{"not_picked":["Busted Crown","Snecko Eye"],"picked":"White Beast Statue"},{"not_picked":["Velvet Choker","Orrery"],"picked":"Cursed Key"}],"items_purged_floors":[],"is_endless":false,"potions_floor_spawned":[1,7,14,16,18,20,22,25,28,30,31,33,35,38,39,40,41,42,44,45,46,47,48],"ascension_level":0}