{"gold_per_floor":[110,8,8,8,19,46,60,90,90,90,116,134,150,164,164,264,264,284,284,284,298,318,346,346,115,140,140,150,150,150,168,168,266,266,280,22,42,42],"floor_reached":38,"playtime":2989,"items_purged":["Strike_R+1","Defend_R+1"],"score":441,"play_id":"4677d233-b585-495f-b2a1-4160ed1acb44","local_time":"20190810163339","is_ascension_mode":false,"campfire_choices":[{"data":"Whirlwind","floor":15,"key":"SMITH"},{"data":"Corruption","floor":24,"key":"SMITH"},{"floor":27,"key":"REST"},{"data":"Cleave","floor":32,"key":"SMITH"}],"neow_cost":"NONE","seed_source_timestamp":1775279952900,"circlet_count":0,"master_deck":["Defend_R+1","Defend_R+1","Defend_R+1","Bash","Anger","Armaments+1","Pommel Strike","Twin Strike","Corruption+1","Iron Wave","Rampage","Whirlwind+1","Anger","Metallicize","Shrug It Off","Juggernaut","Intimidate","Whirlwind+1","Cleave+1","Cleave","Seeing Red","Dual Wield","Blood for Blood","True Grit","Fiend Fire","Armaments+1","Double Tap","Pommel Strike+1"],"relics":["Burning Blood","NeowsBlessing","Mummified Hand","PreservedInsect","Centennial Puzzle","Dodecahedron","Pantograph","Black Star","Mercury Hourglass","Bronze Scales","Pen Nib","Empty Cage"],"potions_floor_usage":[8,16,28,31,33],"damage_taken":[{"damage":0,"enemies":"2 Louse","floor":1,"turns":1},{"damage":0,"enemies":"Jaw Worm","floor":5,"turns":1},{"damage":0,"enemies":"Lagavulin","floor":6,"turns":1},{"damage":0,"enemies":"Small Slimes","floor":7,"turns":3},{"damage":9,"enemies":"3 Sentries","floor":8,"turns":8},{"damage":11,"enemies":"Gremlin Nob","floor":11,"turns":3},{"damage":0,"enemies":"3 Louse","floor":12,"turns":2},{"damage":6,"enemies":"2 Fungi Beasts","floor":13,"turns":3},{"damage":10,"enemies":"Exordium Thugs","floor":14,"turns":4},{"damage":61,"enemies":"Hexaghost","floor":16,"turns":10},{"damage":0,"enemies":"Chosen","floor":18,"turns":4},{"damage":1,"enemies":"3 Byrds","floor":21,"turns":4},{"damage":18,"enemies":"Centurion and Healer","floor":22,"turns":6},{"damage":43,"enemies":"Gremlin Leader","floor":23,"turns":6},{"damage":40,"enemies":"Shelled Parasite and Fungi","floor":28,"turns":4},{"damage":12,"enemies":"3 Cultists","floor":31,"turns":3},{"damage":60,"enemies":"Automaton","floor":33,"turns":8},{"damage":22,"enemies":"3 Darklings","floor":35,"turns":4},{"damage":15,"enemies":"Orb Walker","floor":37,"turns":4},{"damage":71,"enemies":"Transient","floor":38,"turns":4}],"seed_played":"-3912364853812509082","potions_obtained":[{"floor":7,"key":"Energy Potion"},{"floor":11,"key":"Fire Potion"},{"floor":16,"key":"Poison Potion"},{"floor":28,"key":"BloodPotion"},{"floor":31,"key":"Poison Potion"},{"floor":33,"key":"Fire Potion"},{"floor":35,"key":"GamblersBrew"}],"is_trial":false,"path_per_floor":["M","$","?","?","M","E","M","E","T","?","E","M","M","M","R","B",null,"M","?","?","M","M","E","R","$","T","R","M","?","?","M","R","B",null,"M","$","M","M"],"character_chosen":"IRONCLAD","items_purchased":["Armaments","Pommel Strike","Seeing Red","Dual Wield","Double Tap"],"campfire_rested":1,"item_purchase_floors":[2,2,25,25,36],"current_hp_per_floor":[80,80,55,48,54,60,66,63,63,63,58,64,64,60,60,25,80,80,80,80,80,68,31,31,31,31,55,21,47,47,61,61,26,80,64,64,55,0],"gold":42,"neow_bonus":"THREE_ENEMY_KILL","is_prod":false,"is_daily":false,"chose_seed":false,"campfire_upgraded":3,"win_rate":0.0,"timestamp":1565426019,"path_taken":["M","$","?","?","M","E","M","E","T","?","E","M","M","M","R","BOSS","M","?","?","M","?","E","R","$","T","R","M","?","?","M","R","BOSS","M","$","?","M"],"build_version":"2019-07-17","purchased_purges":2,"victory":false,"max_hp_per_floor":[80,80,80,80,80,80,80,80,80,80,80,80,80,80,80,80,80,80,80,80,80,80,80,80,80,80,80,80,80,80,80,80,80,80,80,80,80,80],"card_choices":[{"not_picked":["Perfected Strike","Shrug It Off"],"picked":"Anger","floor":1},{"not_picked":["True Grit","Warcry"],"picked":"Twin Strike","floor":5},{"not_picked":["Perfected Strike","Dark Embrace"],"picked":"Corruption","floor":6},{"not_picked":["Flex","Warcry"],"picked":"Iron Wave","floor":7},{"not_picked":["Armaments","Ghostly Armor"],"picked":"Rampage","floor":8},{"not_picked":["Headbutt","Bloodletting"],"picked":"Whirlwind","floor":11},{"not_picked":["Intimidate","Disarm"],"picked":"Anger","floor":12},{"not_picked":["Pommel Strike","Armaments"],"picked":"Metallicize","floor":13},{"not_picked":["Flex","Brutality"],"picked":"Shrug It Off","floor":14},{"not_picked":["Brutality","Dark Embrace"],"picked":"Juggernaut","floor":16},{"not_picked":["Warcry","Disarm+1"],"picked":"Intimidate","floor":18},{"not_picked":["Sever Soul+1","Disarm"],"picked":"Cleave","floor":21},{"not_picked":["Sword Boomerang","Body Slam"],"picked":"Cleave","floor":22},{"not_picked":["Dropkick+1","Anger","Headbutt+1"],"picked":"SKIP","floor":23},{"not_picked":["Flex","Bloodletting","Cleave"],"picked":"SKIP","floor":28},{"not_picked":["Pommel Strike","Anger+1"],"picked":"True Grit","floor":31},{"not_picked":["Brutality","Impervious"],"picked":"Fiend Fire","floor":33},{"not_picked":["Thunderclap+1","Body Slam+1"],"picked":"Armaments+1","floor":35},{"not_picked":["Sword Boomerang+1","Iron Wave+1"],"picked":"Pommel Strike+1","floor":37}],"player_experience":24951,"relics_obtained":[{"floor":6,"key":"PreservedInsect"},{"floor":8,"key":"Centennial Puzzle"},{"floor":9,"key":"Dodecahedron"},{"floor":11,"key":"Pantograph"},{"floor":23,"key":"Mercury Hourglass"},{"floor":23,"key":"Bronze Scales"},{"floor":26,"key":"Pen Nib"}],"event_choices":[{"damage_healed":0,"gold_gain":0,"player_choice":"Success","damage_taken":25,"relics_obtained":["Mummified Hand"],"max_hp_gain":0,"max_hp_loss":0,"event_name":"Scrap Ooze","floor":3,"gold_loss":0},{"cards_removed":["Strike_R"],"damage_healed":0,"gold_gain":0,"player_choice":"Card Removal","damage_taken":7,"max_hp_gain":0,"max_hp_loss":0,"event_name":"Golden Wing","floor":4,"gold_loss":0},{"damage_healed":0,"gold_gain":0,"player_choice":"Grow","damage_taken":0,"max_hp_gain":0,"max_hp_loss":0,"event_name":"Living Wall","floor":10,"gold_loss":0,"cards_upgraded":["Armaments"]},{"damage_healed":0,"gold_gain":0,"player_choice":"Simplicity","damage_taken":0,"max_hp_gain":0,"max_hp_loss":0,"event_name":"Back to Basics","floor":19,"gold_loss":0,"cards_upgraded":["Strike_R","Strike_R","Strike_R","Strike_R","Defend_R","Defend_R","Defend_R","Defend_R"]},{"damage_healed":0,"gold_gain":0,"player_choice":"Copied","damage_taken":0,"max_hp_gain":0,"max_hp_loss":0,"event_name":"Duplicator","floor":20,"gold_loss":0,"cards_obtained":["Whirlwind"]},{"damage_healed":26,"gold_gain":0,"player_choice":"Heal","damage_taken":0,"max_hp_gain":0,"max_hp_loss":0,"event_name":"The Library","floor":29,"gold_loss":0},{"damage_healed":0,"gold_gain":0,"cards_transformed":["Strike_R"],"player_choice":"Transformed","damage_taken":0,"max_hp_gain":0,"max_hp_loss":0,"event_name":"Transmorgrifier","floor":30,"gold_loss":0,"cards_obtained":["Blood for Blood"]}],"is_beta":false,"boss_relics":[{"not_picked":["Tiny House","Runic Pyramid"],"picked":"Black Star"},{"not_picked":["Coffee Dripper","White Beast Statue"],"picked":"Empty Cage"}],"items_purged_floors":[25,36],"is_endless":false,"potions_floor_spawned":[7,11,12,16,18,28,31,33,35],"killed_by":"Transient","ascension_level":0}