{"gold_per_floor":[118,138,138,157,174,174,206,206,278,278,46,79,79,79,79,174,174,190,203,218,9,23,23,354,354,354,367,377,1,1,1,1,101,131,147,147,2,26,26,26,26,26,26,40,68,82,82,82,82,82],"floor_reached":51,"playtime":2361,"items_purged":["Defend_G","Strike_G","Normality"],"score":1214,"play_id":"1a91373f-8a33-45f2-81ff-0f3c8ddf1223","local_time":"20190329175232","is_ascension_mode":true,"campfire_choices":[{"data":"Noxious Fumes","floor":6,"key":"SMITH"},{"data":"Strike_G","floor":8,"key":"PURGE"},{"data":"Strike_G","floor":10,"key":"PURGE"},{"data":"Strike_G","floor":13,"key":"PURGE"},{"data":"Defend_G","floor":15,"key":"PURGE"},{"floor":23,"key":"REST"},{"floor":32,"key":"REST"},{"data":"Catalyst","floor":40,"key":"SMITH"},{"data":"Writhe","floor":42,"key":"PURGE"},{"data":"Doubt","floor":49,"key":"PURGE"}],"neow_cost":"NONE","seed_source_timestamp":357020817280832,"circlet_count":0,"master_deck":["AscendersBane","Defend_G","Defend_G","Defend_G+1","Survivor+1","Neutralize","Noxious Fumes+1","Dodge and Roll","Dodge and Roll","Bouncing Flask","Sucker Punch","Backflip","Footwork","Dodge and Roll","Caltrops","Deflect","Leg Sweep+1","Crippling Poison","Catalyst+1","Caltrops","Backflip","Noxious Fumes","Backflip","Well Laid Plans","Pain","Adrenaline","Clumsy","Decay","Catalyst+1","Clumsy","Parasite","Dodge and Roll","Dagger Spray","Heel Hook+1","Impatience","Apotheosis","Blind"],"relics":["Orrery","Peace Pipe","Paper Crane","Blood Vial","Juzu Bracelet","Cursed Key","Old Coin","Pen Nib","Snake Skull","Blue Candle","Calling Bell","Tiny Chest","Pantograph","Mango","Dodecahedron","War Paint","Lantern","Matryoshka","Dream Catcher","Meat on the Bone","Du-Vu Doll"],"potions_floor_usage":[7,7,12,19,30,45,50,50,50,50,50],"damage_taken":[{"damage":1,"enemies":"Small Slimes","floor":1,"turns":6},{"damage":0,"enemies":"Cultist","floor":2,"turns":4},{"damage":0,"enemies":"2 Louse","floor":4,"turns":2},{"damage":21,"enemies":"Exordium Wildlife","floor":5,"turns":6},{"damage":3,"enemies":"Lagavulin","floor":7,"turns":7},{"damage":14,"enemies":"Gremlin Nob","floor":12,"turns":5},{"damage":7,"enemies":"Hexaghost","floor":16,"turns":10},{"damage":8,"enemies":"Shell Parasite","floor":18,"turns":5},{"damage":0,"enemies":"Chosen","floor":19,"turns":5},{"damage":4,"enemies":"Snecko","floor":20,"turns":7},{"damage":31,"enemies":"3 Cultists","floor":22,"turns":5},{"damage":32,"enemies":"Slavers","floor":24,"turns":8},{"damage":6,"enemies":"Chosen and Byrds","floor":27,"turns":7},{"damage":2,"enemies":"Snecko","floor":28,"turns":8},{"damage":4,"enemies":"Colosseum Slavers","floor":30,"turns":5},{"damage":9,"enemies":"Champ","floor":33,"turns":12},{"damage":6,"enemies":"3 Shapes","floor":35,"turns":6},{"damage":2,"enemies":"Orb Walker","floor":44,"turns":2},{"damage":57,"enemies":"Reptomancer","floor":45,"turns":6},{"damage":21,"enemies":"Spire Growth","floor":46,"turns":5},{"damage":49,"enemies":"Time Eater","floor":50,"turns":6}],"seed_played":"7843291415296936813","potions_obtained":[{"floor":1,"key":"Ancient Potion"},{"floor":3,"key":"Poison Potion"},{"floor":3,"key":"Block Potion"},{"floor":3,"key":"Dexterity Potion"},{"floor":7,"key":"SneckoOil"},{"floor":16,"key":"SpeedPotion"},{"floor":20,"key":"EssenceOfSteel"},{"floor":24,"key":"SteroidPotion"},{"floor":27,"key":"Block Potion"},{"floor":35,"key":"EntropicBrew"},{"floor":44,"key":"SkillPotion"}],"is_trial":false,"path_per_floor":["M","M","?","M","M","R","E","R","T","R","$","E","R","?","R","B",null,"M","M","M","$","M","R","E","?","T","M","M","$","?","T","R","B",null,"M","T","$","T","?","R","$","R","T","M","E","M","?","?","R","B",null],"character_chosen":"THE_SILENT","items_purchased":["Blood Vial","Catalyst","Caltrops","Snake Skull","Backflip","Well Laid Plans","War Paint"],"campfire_rested":2,"item_purchase_floors":[11,21,21,29,29,29,37],"current_hp_per_floor":[62,62,62,62,41,41,38,38,38,38,38,26,26,70,70,63,68,62,64,62,62,33,54,24,24,24,20,20,20,18,18,39,32,75,71,71,71,71,71,71,71,71,71,71,28,21,84,74,74,47],"gold":82,"neow_bonus":"BOSS_RELIC","is_prod":false,"is_daily":false,"chose_seed":false,"campfire_upgraded":2,"win_rate":0,"timestamp":1553907152,"path_taken":["M","M","?","M","M","R","E","R","T","R","$","E","R","?","R","BOSS","M","M","M","?","M","R","E","?","T","M","M","$","?","?","R","BOSS","M","?","$","?","?","R","?","R","T","M","E","M","?","?","R","BOSS"],"build_version":"2019-01-23","purchased_purges":3,"victory":true,"max_hp_per_floor":[70,70,70,70,70,70,70,70,70,70,70,70,70,70,70,70,70,70,70,70,70,70,70,70,70,70,70,70,70,70,70,70,70,84,84,84,84,84,84,84,84,84,84,84,84,84,84,84,84,84],"card_choices":[{"not_picked":["Predator","Riddle With Holes"],"picked":"Noxious Fumes","floor":0},{"not_picked":["Choke","Deflect"],"picked":"Poisoned Stab","floor":0},{"not_picked":["Sucker Punch","All Out Attack"],"picked":"Dodge and Roll","floor":0},{"not_picked":["Blade Dance","Predator"],"picked":"Dodge and Roll","floor":0},{"not_picked":["Finisher","Quick Slash"],"picked":"Flechettes","floor":0},{"not_picked":["Flying Knee","Sucker Punch"],"picked":"Bouncing Flask","floor":1},{"not_picked":["Prepared","Masterful Stab"],"picked":"Sucker Punch","floor":2},{"not_picked":["Dagger Spray","Deadly Poison"],"picked":"Backflip","floor":4},{"not_picked":["Expertise","Backflip"],"picked":"Footwork","floor":5},{"not_picked":["After Image","Accuracy"],"picked":"Dodge and Roll","floor":7},{"not_picked":["Reflex","Dagger Throw"],"picked":"Caltrops","floor":12},{"not_picked":["Flechettes","Tactician+1"],"picked":"Deflect","floor":18},{"not_picked":["Dodge and Roll","Concentrate"],"picked":"Leg Sweep+1","floor":19},{"not_picked":["Outmaneuver","Bane"],"picked":"Crippling Poison","floor":20},{"not_picked":["Cloak And Dagger","All Out Attack","Slice"],"picked":"SKIP","floor":22},{"not_picked":["Finisher","Bane","Envenom"],"picked":"SKIP","floor":24},{"not_picked":["Blade Dance","Choke"],"picked":"Backflip","floor":27},{"not_picked":["Backflip","Bane"],"picked":"Noxious Fumes","floor":28},{"not_picked":["Malaise","Burst"],"picked":"Adrenaline","floor":33},{"not_picked":["Prepared","All Out Attack"],"picked":"Catalyst+1","floor":35},{"not_picked":["Prepared+1","Sucker Punch+1"],"picked":"Dodge and Roll","floor":44},{"not_picked":["Predator+1","Terror"],"picked":"Dagger Spray","floor":45},{"not_picked":["Concentrate","Setup+1"],"picked":"Heel Hook+1","floor":46},{"not_picked":["Purity","Dark Shackles"],"picked":"Impatience","floor":48},{"not_picked":["Good Instincts","Jack Of All Trades"],"picked":"Apotheosis","floor":48},{"not_picked":["Madness","PanicButton"],"picked":"Blind","floor":48}],"player_experience":1256651,"relics_obtained":[{"floor":7,"key":"Peace Pipe"},{"floor":9,"key":"Paper Crane"},{"floor":12,"key":"Juzu Bracelet"},{"floor":24,"key":"Old Coin"},{"floor":26,"key":"Pen Nib"},{"floor":31,"key":"Blue Candle"},{"floor":34,"key":"Tiny Chest"},{"floor":34,"key":"Pantograph"},{"floor":34,"key":"Mango"},{"floor":36,"key":"Dodecahedron"},{"floor":38,"key":"Lantern"},{"floor":43,"key":"Dream Catcher"},{"floor":43,"key":"Meat on the Bone"},{"floor":45,"key":"Du-Vu Doll"}],"event_choices":[{"damage_healed":0,"gold_gain":0,"player_choice":"Got Potions","damage_taken":0,"max_hp_gain":0,"max_hp_loss":0,"event_name":"Lab","floor":3,"gold_loss":0},{"cards_removed":["Flechettes"],"damage_healed":44,"gold_gain":0,"player_choice":"Offered Uncommon","damage_taken":0,"max_hp_gain":0,"max_hp_loss":0,"event_name":"Bonfire Elementals","floor":14,"gold_loss":0},{"cards_removed":["Strike_G"],"damage_healed":0,"gold_gain":0,"player_choice":"Elegance","damage_taken":0,"max_hp_gain":0,"max_hp_loss":0,"event_name":"Back to Basics","floor":25,"gold_loss":0},{"damage_healed":0,"gold_gain":0,"player_choice":"Fight","damage_taken":0,"max_hp_gain":0,"max_hp_loss":0,"event_name":"Colosseum","floor":30,"gold_loss":0},{"damage_healed":0,"gold_gain":0,"player_choice":"Fled From Nobs","damage_taken":0,"max_hp_gain":0,"max_hp_loss":0,"event_name":"Colosseum","floor":30,"gold_loss":0},{"cards_removed":["Poisoned Stab"],"damage_healed":0,"gold_gain":0,"player_choice":"Gave Card","damage_taken":0,"relics_obtained":["Matryoshka"],"max_hp_gain":0,"max_hp_loss":0,"event_name":"WeMeetAgain","floor":39,"gold_loss":0},{"damage_healed":63,"gold_gain":0,"player_choice":"Full Heal","damage_taken":0,"max_hp_gain":0,"max_hp_loss":0,"event_name":"Wheel of Change","floor":47,"gold_loss":0},{"damage_healed":0,"gold_gain":0,"player_choice":"Memory 3","damage_taken":10,"max_hp_gain":0,"max_hp_loss":0,"event_name":"SensoryStone","floor":48,"gold_loss":0}],"is_beta":false,"boss_relics":[{"not_picked":["Philosopher\u0027s Stone","Lizard Tail"],"picked":"Cursed Key"},{"not_picked":["HoveringKite","Fusion Hammer"],"picked":"Calling Bell"}],"items_purged_floors":[11,21,29],"is_endless":false,"potions_floor_spawned":[1,7,16,20,24,27,35,44],"ascension_level":10}