{"gold_per_floor":[109,109,59,7,18,47,59,71,83,121,133,145,157,184,196,208],"floor_reached":16,"playtime":460,"items_purged":[],"score":106,"play_id":"a62793c3-b303-4518-83a1-b61a49127dda","local_time":"20190810230310","is_ascension_mode":false,"campfire_choices":[{"floor":7,"key":"REST"},{"data":"Feed","floor":11,"key":"SMITH"},{"data":"Iron Wave","floor":13,"key":"SMITH"},{"data":"Defend_R","floor":15,"key":"SMITH"}],"neow_cost":"PERCENT_DAMAGE","seed_source_timestamp":341390966080400,"circlet_count":0,"master_deck":["Strike_R","Strike_R","Strike_R","Strike_R","Defend_R","Defend_R","Defend_R","Defend_R+1","Bash","Iron Wave+1","Feed+1"],"relics":["Burning Blood","Gambling Chip","Shuriken","MawBank","Frozen Egg 2","Pantograph"],"potions_floor_usage":[],"damage_taken":[{"damage":7,"enemies":"Small Slimes","floor":1,"turns":6},{"damage":2,"enemies":"2 Louse","floor":5,"turns":3},{"damage":43,"enemies":"3 Sentries","floor":6,"turns":14},{"damage":15,"enemies":"Gremlin Nob","floor":10,"turns":4},{"damage":0,"enemies":"Cultist","floor":14,"turns":3},{"damage":30,"enemies":"Slime Boss","floor":16,"turns":6}],"seed_played":"-6352391878059935622","potions_obtained":[{"floor":6,"key":"Swift Potion"},{"floor":10,"key":"Ancient Potion"}],"is_trial":false,"path_per_floor":["M","?","?","$","M","E","R","$","T","E","R","?","R","M","R","B"],"character_chosen":"IRONCLAD","items_purchased":["Iron Wave"],"campfire_rested":1,"item_purchase_floors":[4],"current_hp_per_floor":[55,55,55,55,59,22,46,46,46,37,37,37,37,43,43,38],"gold":208,"neow_bonus":"ONE_RARE_RELIC","is_prod":false,"is_daily":false,"chose_seed":false,"campfire_upgraded":3,"win_rate":0.0,"timestamp":1565442190,"path_taken":["M","?","?","$","M","E","R","$","T","E","R","?","R","M","R","BOSS"],"build_version":"2019-07-17","purchased_purges":0,"victory":false,"max_hp_per_floor":[80,80,80,80,80,80,80,80,80,80,80,80,80,80,80,80],"card_choices":[{"not_picked":["Perfected Strike","Clash","Anger"],"picked":"SKIP","floor":1},{"not_picked":["Sentinel","Flex","Pommel Strike"],"picked":"SKIP","floor":5},{"not_picked":["Perfected Strike","Sword Boomerang","Clash"],"picked":"SKIP","floor":6},{"not_picked":["Perfected Strike","Havoc"],"picked":"Feed","floor":10},{"not_picked":["Thunderclap","Cleave","Sentinel"],"picked":"SKIP","floor":14}],"player_experience":22250,"relics_obtained":[{"floor":6,"key":"MawBank"},{"floor":9,"key":"Frozen Egg 2"},{"floor":10,"key":"Pantograph"}],"event_choices":[{"damage_healed":0,"gold_gain":0,"player_choice":"Box","damage_taken":0,"relics_obtained":["Shuriken"],"max_hp_gain":0,"max_hp_loss":0,"event_name":"Big Fish","floor":2,"gold_loss":0,"cards_obtained":["Regret"]},{"cards_removed":["Regret"],"damage_healed":0,"gold_gain":0,"player_choice":"Card Removal","damage_taken":0,"max_hp_gain":0,"max_hp_loss":0,"event_name":"The Cleric","floor":3,"gold_loss":50},{"cards_removed":["Strike_R"],"damage_healed":0,"gold_gain":0,"player_choice":"Forget","damage_taken":0,"max_hp_gain":0,"max_hp_loss":0,"event_name":"Living Wall","floor":12,"gold_loss":0}],"is_beta":false,"boss_relics":[],"items_purged_floors":[],"is_endless":false,"potions_floor_spawned":[6,10],"killed_by":"Slime Boss","ascension_level":0}