{"gold_per_floor":[359,329,347,155,180,180,197,222,222,222],"floor_reached":10,"playtime":716,"items_purged":["Strike_G"],"score":129,"play_id":"3e2679d4-48a8-41db-aae8-a9602ac5f5d6","local_time":"20190815145733","is_ascension_mode":true,"campfire_choices":[{"data":"Dash","floor":6,"key":"SMITH"}],"neow_cost":"PERCENT_DAMAGE","seed_source_timestamp":1440479100802960,"circlet_count":0,"master_deck":["AscendersBane","Strike_G","Strike_G","Strike_G","Strike_G","Defend_G","Defend_G","Defend_G","Defend_G","Defend_G","Survivor","Neutralize","Backflip","Masterful Stab","Dash+1","Backstab","Poisoned Stab"],"relics":["Ring of the Snake","Strawberry","Blue Candle","Darkstone Periapt"],"potions_floor_usage":[3,8,10],"damage_taken":[{"damage":23,"enemies":"Jaw Worm","floor":1,"turns":9},{"damage":1,"enemies":"Cultist","floor":3,"turns":5},{"damage":0,"enemies":"Small Slimes","floor":7,"turns":3},{"damage":13,"enemies":"3 Sentries","floor":8,"turns":11},{"damage":26,"enemies":"Lagavulin","floor":10,"turns":5}],"seed_played":"5639277107709666789","potions_obtained":[{"floor":2,"key":"Dexterity Potion"},{"floor":2,"key":"GamblersBrew"},{"floor":3,"key":"Strength Potion"}],"is_trial":false,"path_per_floor":["M","?","M","$","T","R","M","E","T","E"],"character_chosen":"THE_SILENT","items_purchased":["Masterful Stab","Dash"],"campfire_rested":0,"item_purchase_floors":[4,4],"current_hp_per_floor":[21,21,20,20,27,27,27,14,14,0],"gold":222,"neow_bonus":"TWO_FIFTY_GOLD","is_prod":false,"is_daily":false,"chose_seed":false,"campfire_upgraded":1,"win_rate":0,"timestamp":1565895453,"path_taken":["M","?","M","?","?","R","?","E","T","E"],"build_version":"2019-07-17","purchased_purges":1,"victory":false,"max_hp_per_floor":[66,66,66,66,73,73,73,73,73,73],"card_choices":[{"not_picked":["Acrobatics","Catalyst","Outmaneuver"],"picked":"SKIP","floor":1},{"not_picked":["Riddle With Holes","Expertise"],"picked":"Backflip","floor":3},{"not_picked":["Noxious Fumes","Finisher"],"picked":"Backstab","floor":7},{"not_picked":["Dagger Throw","Setup"],"picked":"Poisoned Stab","floor":8}],"player_experience":543552,"relics_obtained":[{"floor":5,"key":"Strawberry"},{"floor":8,"key":"Blue Candle"},{"floor":9,"key":"Darkstone Periapt"}],"event_choices":[{"damage_healed":0,"gold_gain":0,"player_choice":"Bought 2 Potions","damage_taken":0,"max_hp_gain":0,"max_hp_loss":0,"event_name":"The Woman in Blue","floor":2,"gold_loss":0}],"is_beta":false,"boss_relics":[],"items_purged_floors":[4],"is_endless":false,"potions_floor_spawned":[3],"killed_by":"Lagavulin","ascension_level":19}