{"gold_per_floor":[115,115,131,142,33,33,53,72,99,127,127,127,127,27,27,101,101,116,131,6,6,24,24,49,49,96,108,108,123,123,123,123,123],"floor_reached":33,"playtime":1384,"items_purged":["Strike_R","Defend_R","Defend_R"],"score":464,"play_id":"3c5e4058-9737-4b77-811e-2ba5b991282b","local_time":"20181227190315","is_ascension_mode":true,"campfire_choices":[{"data":"Inflame","floor":6,"key":"SMITH"},{"floor":11,"key":"REST"},{"floor":13,"key":"REST"},{"data":"Fiend Fire","floor":15,"key":"SMITH"},{"floor":23,"key":"REST"},{"data":"Sword Boomerang","floor":25,"key":"SMITH"},{"data":"Double Tap","floor":28,"key":"SMITH"},{"data":"Spot Weakness","floor":30,"key":"SMITH"},{"floor":32,"key":"REST"}],"neow_cost":"TEN_PERCENT_HP_LOSS","seed_source_timestamp":43272794936411,"circlet_count":0,"master_deck":["AscendersBane","Strike_R","Strike_R","Strike_R","Strike_R","Defend_R","Defend_R","Bash","Fiend Fire+1","Inflame+1","Sword Boomerang+1","Double Tap+1","Spot Weakness+1","Headbutt","Cleave","Double Tap","Impervious","Thunderclap","Dropkick","Evolve","Pommel Strike+1"],"relics":["Burning Blood","Ancient Tea Set","Orichalcum","Bag of Preparation","FaceOfCleric","Mark of Pain","StoneCalendar","Art of War"],"potions_floor_usage":[8,10,24,33,33,33],"damage_taken":[{"damage":8,"enemies":"2 Louse","floor":1,"turns":3},{"damage":0,"enemies":"Small Slimes","floor":3,"turns":2},{"damage":1,"enemies":"Cultist","floor":4,"turns":3},{"damage":7,"enemies":"Exordium Wildlife","floor":7,"turns":2},{"damage":30,"enemies":"Gremlin Gang","floor":8,"turns":4},{"damage":15,"enemies":"Lagavulin","floor":10,"turns":6},{"damage":41,"enemies":"The Guardian","floor":16,"turns":7},{"damage":6,"enemies":"Chosen","floor":18,"turns":3},{"damage":17,"enemies":"Spheric Guardian","floor":19,"turns":4},{"damage":12,"enemies":"Snecko","floor":22,"turns":3},{"damage":23,"enemies":"Book of Stabbing","floor":24,"turns":3},{"damage":4,"enemies":"3 Cultists","floor":27,"turns":4},{"damage":18,"enemies":"Snake Plant","floor":29,"turns":3},{"damage":70,"enemies":"Champ","floor":33,"turns":4}],"seed_played":"-8998295194487319066","potions_obtained":[{"floor":1,"key":"Poison Potion"},{"floor":7,"key":"FearPotion"},{"floor":19,"key":"PowerPotion"},{"floor":24,"key":"Strength Potion"},{"floor":31,"key":"Swift Potion"},{"floor":31,"key":"EntropicBrew"}],"is_trial":false,"path_per_floor":["M","?","M","M","$","R","M","M","T","E","R","?","R","$","R","B",null,"M","M","$","?","M","R","E","R","T","M","R","M","R","?","R","B"],"character_chosen":"IRONCLAD","items_purchased":["Spot Weakness"],"campfire_rested":4,"item_purchase_floors":[5],"current_hp_per_floor":[66,31,37,42,42,42,41,17,17,8,28,28,48,48,48,14,55,56,46,46,26,21,44,28,28,28,31,31,20,20,20,44,0],"gold":123,"neow_bonus":"THREE_RARE_CARDS","is_prod":false,"is_daily":false,"chose_seed":false,"campfire_upgraded":5,"win_rate":0,"timestamp":1545966195,"path_taken":["M","?","M","M","$","R","M","M","T","E","R","?","R","$","R","BOSS","M","M","$","?","M","R","E","R","T","M","R","M","R","?","R","BOSS"],"build_version":"2018-12-20","purchased_purges":3,"victory":false,"max_hp_per_floor":[68,68,68,68,68,68,68,68,68,68,68,68,68,68,68,69,69,70,71,71,76,77,77,78,78,78,79,79,80,80,80,80,80],"card_choices":[{"not_picked":["Impervious","Brutality"],"picked":"Fiend Fire","floor":0},{"not_picked":["Clothesline","Headbutt"],"picked":"Inflame","floor":1},{"not_picked":["Clothesline","Wild Strike"],"picked":"Sword Boomerang","floor":3},{"not_picked":["True Grit","Heavy Blade"],"picked":"Double Tap","floor":4},{"not_picked":["Perfected Strike","Armaments"],"picked":"Headbutt","floor":7},{"not_picked":["Rupture","Fire Breathing"],"picked":"Cleave","floor":8},{"not_picked":["Hemokinesis","Clash"],"picked":"Double Tap","floor":10},{"not_picked":["Berserk","Juggernaut"],"picked":"Impervious","floor":16},{"not_picked":["Sentinel","Uppercut"],"picked":"Thunderclap","floor":18},{"not_picked":["Power Through","Body Slam","Shrug It Off"],"picked":"SKIP","floor":19},{"not_picked":["Bloodletting","Perfected Strike"],"picked":"Dropkick","floor":22},{"not_picked":["Wild Strike","Anger"],"picked":"Evolve","floor":24},{"not_picked":["Dual Wield","Fire Breathing+1"],"picked":"Pommel Strike+1","floor":27},{"not_picked":["Infernal Blade","Cleave","Shrug It Off"],"picked":"SKIP","floor":29}],"player_experience":1071183,"relics_obtained":[{"floor":9,"key":"Orichalcum"},{"floor":10,"key":"Bag of Preparation"},{"floor":24,"key":"StoneCalendar"},{"floor":26,"key":"Art of War"}],"event_choices":[{"damage_healed":0,"gold_gain":0,"player_choice":"Success","damage_taken":35,"relics_obtained":["Ancient Tea Set"],"max_hp_gain":0,"max_hp_loss":0,"event_name":"Scrap Ooze","floor":2,"gold_loss":0},{"damage_healed":0,"gold_gain":0,"player_choice":"Trade","damage_taken":0,"relics_obtained":["FaceOfCleric"],"max_hp_gain":0,"max_hp_loss":0,"event_name":"FaceTrader","floor":12,"gold_loss":0},{"damage_healed":0,"gold_gain":0,"player_choice":"Shed Blood","damage_taken":25,"max_hp_gain":5,"max_hp_loss":0,"event_name":"Forgotten Altar","floor":21,"gold_loss":0},{"damage_healed":0,"gold_gain":0,"player_choice":"Got Potions","damage_taken":0,"max_hp_gain":0,"max_hp_loss":0,"event_name":"Lab","floor":31,"gold_loss":0}],"is_beta":false,"boss_relics":[{"not_picked":["Eternal Feather","Orrery"],"picked":"Mark of Pain"}],"items_purged_floors":[5,14,20],"is_endless":false,"potions_floor_spawned":[1,7,19,24],"killed_by":"Champ","ascension_level":15}