{"gold_per_floor":[114,114,129,129,54,92,92,130,130,168,187,225,225,39,39,164,164,183,308,308,8,8,46,46,84,109,109,147,166,204,119,119,244,244,263,267,600,600,615,645,645,675,725,755,755,770,770,800,800,800],"floor_reached":51,"playtime":9345,"items_purged":["Injury"],"score":961,"play_id":"bc77a551-75ef-4c20-99a9-d80c221b5baf","local_time":"20190302231150","daily_mods":["Draft","Time Dilation","Elite Swarm"],"is_ascension_mode":false,"campfire_choices":[{"data":"Envenom","floor":7,"key":"SMITH"},{"floor":15,"key":"REST"},{"data":"Night Terror","floor":24,"key":"SMITH"},{"floor":27,"key":"REST"},{"floor":32,"key":"REST"},{"floor":41,"key":"REST"},{"data":"Choke+1","floor":49,"key":"PURGE"}],"neow_cost":"","seed_source_timestamp":0,"circlet_count":0,"master_deck":["Predator+1","Well Laid Plans+1","Well Laid Plans+1","Quick Slash+1","Deflect+1","Cloak And Dagger+1","Cloak And Dagger+1","Acrobatics+1","Slice+1","Blade Dance+1","Dagger Throw+1","Finisher+1","PiercingWail+1","Sucker Punch+1","Envenom+1","Night Terror+1","Corpse Explosion+1","Accuracy+1","Tools of the Trade+1","Concentrate+1","A Thousand Cuts+1","Prepared+1","Footwork+1","Adrenaline+1","Storm of Steel+1","Regret","Bullet Time+1","Predator+1","Wraith Form v2+1","Phantasmal Killer+1","Noxious Fumes+1","Transmutation+1"],"special_seed":17957,"relics":["Ring of the Snake","Snake Skull","Pen Nib","Paper Crane","Whetstone","Mercury Hourglass","War Paint","Cursed Key","Turnip","Pear","Peace Pipe","Nilry\u0027s Codex","FossilizedHelix","Art of War","PreservedInsect","StoneCalendar","Omamori","Letter Opener","Eternal Feather","Calipers","Nunchaku","Ice Cream","Orichalcum","Boot","Mark of the Bloom","Juzu Bracelet"],"potions_floor_usage":[12,16,16,33,33,36,46,50,50],"damage_taken":[{"damage":0,"enemies":"Small Slimes","floor":1,"turns":3},{"damage":0,"enemies":"2 Louse","floor":3,"turns":2},{"damage":3,"enemies":"3 Sentries","floor":6,"turns":5},{"damage":12,"enemies":"Gremlin Nob","floor":8,"turns":3},{"damage":18,"enemies":"3 Sentries","floor":10,"turns":5},{"damage":0,"enemies":"Jaw Worm","floor":11,"turns":1},{"damage":6,"enemies":"Gremlin Nob","floor":12,"turns":3},{"damage":10,"enemies":"Hexaghost","floor":16,"turns":5},{"damage":0,"enemies":"Chosen","floor":18,"turns":3},{"damage":5,"enemies":"Colosseum Slavers","floor":19,"turns":2},{"damage":3,"enemies":"Colosseum Nobs","floor":19,"turns":2},{"damage":20,"enemies":"Slavers","floor":23,"turns":2},{"damage":15,"enemies":"Gremlin Leader","floor":25,"turns":4},{"damage":1,"enemies":"Book of Stabbing","floor":28,"turns":3},{"damage":2,"enemies":"Spheric Guardian","floor":29,"turns":4},{"damage":0,"enemies":"Gremlin Leader","floor":30,"turns":2},{"damage":16,"enemies":"Automaton","floor":33,"turns":6},{"damage":10,"enemies":"3 Darklings","floor":35,"turns":3},{"damage":2,"enemies":"2 Orb Walkers","floor":36,"turns":2},{"damage":0,"enemies":"3 Shapes","floor":39,"turns":3},{"damage":43,"enemies":"Nemesis","floor":40,"turns":5},{"damage":12,"enemies":"Giant Head","floor":42,"turns":5},{"damage":0,"enemies":"Reptomancer","floor":44,"turns":2},{"damage":28,"enemies":"Spire Growth","floor":46,"turns":4},{"damage":0,"enemies":"Nemesis","floor":48,"turns":3},{"damage":11,"enemies":"Time Eater","floor":50,"turns":5}],"seed_played":"5564049522342379639","potions_obtained":[{"floor":6,"key":"Ancient Potion"},{"floor":8,"key":"FearPotion"},{"floor":11,"key":"Strength Potion"},{"floor":28,"key":"GhostInAJar"},{"floor":30,"key":"Swift Potion"},{"floor":33,"key":"Dexterity Potion"},{"floor":40,"key":"SkillPotion"},{"floor":42,"key":"Swift Potion"},{"floor":44,"key":"AttackPotion"}],"is_trial":false,"path_per_floor":["M","?","M","?","$","E","R","E","T","E","M","E","?","$","R","B",null,"M","?","?","$","?","E","R","E","T","R","E","M","E","?","R","B",null,"M","?","?","?","M","E","R","E","T","E","?","M","?","E","R","B",null],"character_chosen":"THE_SILENT","items_purchased":["Concentrate","War Paint","Peace Pipe"],"campfire_rested":4,"item_purchase_floors":[14,14,21],"current_hp_per_floor":[70,63,63,63,63,60,60,48,48,30,30,24,10,10,31,21,70,70,72,72,72,56,36,36,21,21,45,44,42,42,42,66,50,80,70,68,68,68,68,25,67,55,55,55,55,27,27,27,27,16],"gold":800,"neow_bonus":"","is_prod":false,"is_daily":true,"chose_seed":false,"campfire_upgraded":2,"win_rate":0,"timestamp":1551564710,"path_taken":["M","?","M","?","?","E","R","E","T","E","M","E","?","$","R","BOSS","M","?","?","$","?","E","R","E","T","R","E","M","E","?","R","BOSS","M","?","?","?","M","E","R","E","T","E","?","?","?","E","R","BOSS"],"build_version":"2019-02-06","purchased_purges":1,"victory":true,"max_hp_per_floor":[70,70,70,70,70,70,70,70,70,70,70,70,70,70,70,70,70,70,80,80,80,80,80,80,80,80,80,80,80,80,80,80,80,80,80,80,80,80,80,80,80,80,80,80,80,80,80,80,80,80],"card_choices":[{"not_picked":["Flying Knee","Blade Dance"],"picked":"Predator","floor":0},{"not_picked":["Finisher","Prepared"],"picked":"Well Laid Plans","floor":0},{"not_picked":["Predator","Heel Hook"],"picked":"Poisoned Stab","floor":0},{"not_picked":["PiercingWail","Acrobatics"],"picked":"Well Laid Plans","floor":0},{"not_picked":["Bouncing Flask","PiercingWail"],"picked":"Quick Slash","floor":0},{"not_picked":["Bane","Distraction"],"picked":"Deflect","floor":0},{"not_picked":["Heel Hook","Backstab"],"picked":"Cloak And Dagger","floor":0},{"not_picked":["Backstab","Sucker Punch"],"picked":"Cloak And Dagger","floor":0},{"not_picked":["Underhanded Strike","Flying Knee"],"picked":"Choke","floor":0},{"not_picked":["Flying Knee","Poisoned Stab"],"picked":"Acrobatics","floor":0},{"not_picked":["Setup","Deadly Poison"],"picked":"Slice","floor":0},{"not_picked":["Outmaneuver","Concentrate"],"picked":"Blade Dance","floor":0},{"not_picked":["Deflect","Deadly Poison"],"picked":"Dagger Throw","floor":0},{"not_picked":["Blade Dance","Caltrops"],"picked":"Finisher","floor":0},{"not_picked":["Outmaneuver","Eviscerate"],"picked":"PiercingWail","floor":0},{"not_picked":["Acrobatics","Outmaneuver","Calculated Gamble"],"picked":"SKIP","floor":1},{"not_picked":["Acrobatics","Heel Hook"],"picked":"Sucker Punch","floor":3},{"not_picked":["Adrenaline","Glass Knife"],"picked":"Envenom","floor":6},{"not_picked":["Grand Finale","Die Die Die"],"picked":"Night Terror","floor":8},{"not_picked":["Venomology","Storm of Steel"],"picked":"Corpse Explosion","floor":10},{"not_picked":["Bane","Leg Sweep"],"picked":"Accuracy","floor":11},{"not_picked":["Doppelganger","Grand Finale"],"picked":"Tools of the Trade","floor":12},{"not_picked":["Die Die Die","Burst"],"picked":"A Thousand Cuts","floor":16},{"not_picked":["Dodge and Roll","PiercingWail+1","Acrobatics"],"picked":"SKIP","floor":18},{"not_picked":["Dodge and Roll","Dagger Throw"],"picked":"Prepared","floor":19},{"not_picked":["Doppelganger","Envenom"],"picked":"Adrenaline","floor":23},{"not_picked":["Night Terror","A Thousand Cuts"],"picked":"Storm of Steel","floor":25},{"not_picked":["Burst","Night Terror"],"picked":"Bullet Time","floor":28},{"not_picked":["Slice","PiercingWail"],"picked":"Predator+1","floor":29},{"not_picked":["Grand Finale","Bullet Time"],"picked":"Wraith Form v2","floor":30},{"not_picked":["Corpse Explosion","Malaise"],"picked":"Phantasmal Killer","floor":33},{"not_picked":["Blade Dance+1","Cloak And Dagger"],"picked":"Noxious Fumes+1","floor":35},{"not_picked":["Envenom","Flying Knee+1","Sucker Punch"],"picked":"SKIP","floor":39},{"not_picked":["Phantasmal Killer","Glass Knife","Bullet Time"],"picked":"SKIP","floor":40},{"not_picked":["Glass Knife","Grand Finale","Tools of the Trade"],"picked":"SKIP","floor":42},{"not_picked":["Glass Knife","Phantasmal Killer","Venomology"],"picked":"SKIP","floor":44},{"not_picked":["PanicButton","Forethought"],"picked":"Transmutation","floor":45},{"not_picked":["Dodge and Roll+1","Backflip+1","Acrobatics+1"],"picked":"SKIP","floor":46},{"not_picked":["Venomology","Unload","Die Die Die"],"picked":"SKIP","floor":48}],"player_experience":190475,"relics_obtained":[{"floor":6,"key":"Snake Skull"},{"floor":8,"key":"Pen Nib"},{"floor":9,"key":"Paper Crane"},{"floor":10,"key":"Whetstone"},{"floor":12,"key":"Mercury Hourglass"},{"floor":19,"key":"Turnip"},{"floor":19,"key":"Pear"},{"floor":22,"key":"Nilry\u0027s Codex"},{"floor":23,"key":"FossilizedHelix"},{"floor":25,"key":"Art of War"},{"floor":26,"key":"PreservedInsect"},{"floor":28,"key":"StoneCalendar"},{"floor":30,"key":"Omamori"},{"floor":36,"key":"Calipers"},{"floor":40,"key":"Nunchaku"},{"floor":42,"key":"Ice Cream"},{"floor":43,"key":"Orichalcum"},{"floor":44,"key":"Boot"},{"floor":48,"key":"Juzu Bracelet"}],"event_choices":[{"cards_removed":["Poisoned Stab"],"damage_healed":0,"gold_gain":0,"player_choice":"Card Removal","damage_taken":7,"max_hp_gain":0,"max_hp_loss":0,"event_name":"Golden Wing","floor":2,"gold_loss":0},{"damage_healed":0,"gold_gain":0,"player_choice":"Take Wound","damage_taken":0,"relics_obtained":["Golden Idol"],"max_hp_gain":0,"max_hp_loss":0,"event_name":"Golden Idol","floor":4,"gold_loss":0,"cards_obtained":["Injury"]},{"damage_healed":0,"gold_gain":0,"player_choice":"Entered Light","damage_taken":14,"max_hp_gain":0,"max_hp_loss":0,"event_name":"Shining Light","floor":13,"gold_loss":0,"cards_upgraded":["Cloak And Dagger","Tools of the Trade"]},{"damage_healed":0,"gold_gain":0,"player_choice":"Fight","damage_taken":0,"max_hp_gain":0,"max_hp_loss":0,"event_name":"Colosseum","floor":19,"gold_loss":0},{"damage_healed":0,"gold_gain":0,"player_choice":"Fought Nobs","damage_taken":0,"max_hp_gain":0,"max_hp_loss":0,"event_name":"Colosseum","floor":19,"gold_loss":0},{"damage_healed":0,"gold_gain":0,"player_choice":"Read","damage_taken":0,"max_hp_gain":0,"max_hp_loss":0,"event_name":"The Library","floor":20,"gold_loss":0,"cards_obtained":["Footwork"]},{"damage_healed":0,"gold_gain":0,"player_choice":"Obtained Book","damage_taken":16,"max_hp_gain":0,"max_hp_loss":0,"event_name":"Cursed Tome","floor":22,"gold_loss":0},{"damage_healed":0,"gold_gain":0,"player_choice":"Obtained Relic","damage_taken":0,"relics_obtained":["Letter Opener"],"max_hp_gain":0,"max_hp_loss":0,"event_name":"Addict","floor":31,"gold_loss":85},{"damage_healed":0,"gold_gain":0,"player_choice":"Fight","damage_taken":0,"max_hp_gain":0,"max_hp_loss":0,"event_name":"Mysterious Sphere","floor":36,"gold_loss":0},{"damage_healed":0,"gold_gain":333,"player_choice":"Gave Idol","damage_taken":0,"max_hp_gain":0,"max_hp_loss":0,"event_name":"The Moai Head","floor":37,"relics_lost":["Golden Idol"],"gold_loss":0},{"damage_healed":0,"gold_gain":0,"player_choice":"Ignored","damage_taken":0,"max_hp_gain":0,"max_hp_loss":0,"event_name":"Tomb of Lord Red Mask","floor":38,"gold_loss":0},{"damage_healed":0,"gold_gain":0,"player_choice":"Memory 1","damage_taken":0,"max_hp_gain":0,"max_hp_loss":0,"event_name":"SensoryStone","floor":45,"gold_loss":0},{"damage_healed":0,"gold_gain":0,"player_choice":"Upgrade","damage_taken":0,"relics_obtained":["Mark of the Bloom"],"max_hp_gain":0,"max_hp_loss":0,"event_name":"MindBloom","floor":47,"gold_loss":0,"cards_upgraded":["Well Laid Plans","Well Laid Plans","Quick Slash","Deflect","Cloak And Dagger","Choke","Acrobatics","Slice","Blade Dance","Dagger Throw","Sucker Punch","Accuracy","Concentrate","A Thousand Cuts","Prepared","Footwork","Adrenaline","Storm of Steel","Bullet Time","Wraith Form v2","Phantasmal Killer","Transmutation"]}],"is_beta":true,"boss_relics":[{"not_picked":["Coffee Dripper","Empty Cage"],"picked":"Cursed Key"},{"not_picked":["White Beast Statue","Lizard Tail"],"picked":"Eternal Feather"}],"items_purged_floors":[5],"is_endless":false,"potions_floor_spawned":[6,8,11,19,28,30,33,40,42,44],"ascension_level":0}