{"gold_per_floor":[17,17,32,46,11,11,38,38,38,364,377,377,98,98,98,196,196,210,16,11,11,11,11,31,65,91,91,107,119,119,137,137,240,240,260,270,270,123,123,123,138,138,164,164],"floor_reached":44,"playtime":3562,"items_purged":["Strike_R","Writhe"],"score":654,"play_id":"7ceb068d-098e-4e19-b56b-f2a1ed69dc9d","local_time":"20181002001423","is_ascension_mode":true,"campfire_choices":[{"data":"Juggernaut","floor":6,"key":"SMITH"},{"data":"Flame Barrier","floor":8,"key":"SMITH"},{"data":"Defend_R","floor":12,"key":"SMITH"},{"data":"Bash","floor":15,"key":"SMITH"},{"data":"Barricade","floor":23,"key":"SMITH"},{"floor":27,"key":"REST"},{"data":"Body Slam","floor":32,"key":"SMITH"},{"floor":40,"key":"REST"}],"neow_cost":"NO_GOLD","seed_source_timestamp":986177382954946,"circlet_count":0,"master_deck":["Strike_R","Strike_R","Strike_R","Defend_R+1","Defend_R","Defend_R","Defend_R","AscendersBane","Juggernaut+1","Flame Barrier+1","Impervious+1","Armaments+1","Sentinel+1","Apotheosis+1","Parasite","Barricade+1","True Grit+1","Disarm+1","Ghostly Armor+1","Flame Barrier+1","Body Slam+1","Iron Wave+1","Iron Wave+1","Madness+1","Madness+1"],"relics":["Burning Blood","Toxic Egg 2","Self Forming Clay","Old Coin","Velvet Choker","Bronze Scales","Omamori","Mercury Hourglass","Smiling Mask","Fusion Hammer","Boot"],"potions_floor_usage":[16,24,25,33,40,44],"damage_taken":[{"damage":12,"enemies":"Small Slimes","floor":1,"turns":4},{"damage":9,"enemies":"2 Louse","floor":3,"turns":3},{"damage":13,"enemies":"Jaw Worm","floor":4,"turns":5},{"damage":25,"enemies":"Lagavulin","floor":7,"turns":9},{"damage":7,"enemies":"3 Sentries","floor":10,"turns":8},{"damage":15,"enemies":"Gremlin Gang","floor":11,"turns":5},{"damage":37,"enemies":"Hexaghost","floor":16,"turns":15},{"damage":4,"enemies":"Shell Parasite","floor":18,"turns":7},{"damage":1,"enemies":"2 Thieves","floor":20,"turns":5},{"damage":3,"enemies":"3 Cultists","floor":24,"turns":6},{"damage":34,"enemies":"Gremlin Leader","floor":25,"turns":11},{"damage":0,"enemies":"Centurion and Healer","floor":28,"turns":13},{"damage":6,"enemies":"Cultist and Chosen","floor":29,"turns":6},{"damage":5,"enemies":"Chosen and Byrds","floor":31,"turns":6},{"damage":35,"enemies":"Automaton","floor":33,"turns":11},{"damage":10,"enemies":"3 Darklings","floor":35,"turns":6},{"damage":0,"enemies":"3 Shapes","floor":36,"turns":8},{"damage":26,"enemies":"Transient","floor":41,"turns":5},{"damage":82,"enemies":"2 Orb Walkers","floor":44,"turns":7}],"seed_played":"3376819175900278793","potions_obtained":[{"floor":3,"key":"Weak Potion"},{"floor":11,"key":"BloodPotion"},{"floor":16,"key":"GamblersBrew"},{"floor":20,"key":"Poison Potion"},{"floor":24,"key":"Regen Potion"},{"floor":31,"key":"Ancient Potion"},{"floor":36,"key":"SpeedPotion"}],"is_trial":false,"path_per_floor":["M","?","M","M","?","R","E","R","T","E","M","R","$","?","R","B",null,"M","$","M","?","?","R","M","E","T","R","M","M","?","M","R","B",null,"M","M","?","$","?","R","M","?","T"],"character_chosen":"IRONCLAD","items_purchased":["Apotheosis+1","Bronze Scales","True Grit+1","Fruit Juice"],"campfire_rested":2,"item_purchase_floors":[13,19,19,38],"current_hp_per_floor":[66,59,56,49,69,69,50,50,50,49,40,40,40,60,60,29,67,69,69,74,74,59,59,62,49,49,74,80,80,80,81,81,52,77,73,79,79,79,79,90,70,59,59,0],"gold":164,"neow_bonus":"THREE_RARE_CARDS","is_prod":false,"is_daily":false,"chose_seed":false,"campfire_upgraded":6,"win_rate":0,"timestamp":1538464463,"path_taken":["M","?","M","?","?","R","E","R","T","E","M","R","$","?","R","BOSS","M","$","M","?","?","R","M","E","T","R","M","?","?","?","R","BOSS","M","M","?","$","?","R","M","?","T","E"],"build_version":"2018-09-27","purchased_purges":2,"victory":false,"max_hp_per_floor":[80,80,80,80,80,80,80,80,80,80,80,80,80,80,80,80,80,80,80,80,80,85,85,85,85,85,85,85,85,85,85,85,85,85,85,85,85,85,85,90,90,90,90,90],"card_choices":[{"not_picked":["Reaper","Offering"],"picked":"Juggernaut","floor":0},{"not_picked":["Havoc","Sword Boomerang"],"picked":"Flame Barrier","floor":1},{"not_picked":["Cleave","Dropkick","Shockwave"],"picked":"SKIP","floor":3},{"not_picked":["Clothesline","Sword Boomerang","Searing Blow"],"picked":"SKIP","floor":4},{"not_picked":["Second Wind","Burning Pact"],"picked":"Impervious","floor":7},{"not_picked":["Feed","Iron Wave"],"picked":"Armaments+1","floor":10},{"not_picked":["Corruption","Perfected Strike"],"picked":"Sentinel+1","floor":11},{"not_picked":["Offering+1","Fiend Fire"],"picked":"Barricade","floor":16},{"not_picked":["Heavy Blade","Second Wind+1","Wild Strike+1"],"picked":"SKIP","floor":18},{"not_picked":["Evolve","Shockwave+1","Feel No Pain"],"picked":"SKIP","floor":20},{"not_picked":["Armaments+1","Thunderclap+1"],"picked":"Disarm+1","floor":24},{"not_picked":["True Grit+1","Combust"],"picked":"Ghostly Armor+1","floor":25},{"not_picked":["Whirlwind","Twin Strike"],"picked":"Flame Barrier+1","floor":28},{"not_picked":["Fire Breathing","Thunderclap","Cleave"],"picked":"SKIP","floor":29},{"not_picked":["Thunderclap","Clash"],"picked":"Body Slam","floor":31},{"not_picked":["Sword Boomerang","Blood for Blood","Anger+1"],"picked":"SKIP","floor":35},{"not_picked":["Uppercut","Headbutt"],"picked":"Iron Wave+1","floor":36},{"not_picked":["Shockwave+1","Pommel Strike+1"],"picked":"Iron Wave+1","floor":41}],"player_experience":859050,"relics_obtained":[{"floor":7,"key":"Toxic Egg 2"},{"floor":9,"key":"Self Forming Clay"},{"floor":10,"key":"Old Coin"},{"floor":25,"key":"Mercury Hourglass"},{"floor":26,"key":"Smiling Mask"},{"floor":43,"key":"Boot"}],"event_choices":[{"event_name":"Golden Wing","player_choice":"Card Removal","floor":2,"damage_taken":0},{"event_name":"The Cleric","player_choice":"Healed","floor":5,"damage_taken":0},{"event_name":"Mushrooms","player_choice":"Healed and dodged fight","floor":14,"damage_taken":0},{"event_name":"The Mausoleum","player_choice":"Yes","floor":21,"damage_taken":0},{"event_name":"Forgotten Altar","player_choice":"Shed Blood","floor":22,"damage_taken":0},{"event_name":"Ghosts","player_choice":"Ignored","floor":30,"damage_taken":0},{"event_name":"Tomb of Lord Red Mask","player_choice":"Ignored","floor":37,"damage_taken":0},{"event_name":"Falling","player_choice":"Removed Attack","floor":39,"damage_taken":0},{"event_name":"Winding Halls","player_choice":"Embrace Madness","floor":42,"damage_taken":0}],"is_beta":false,"boss_relics":[{"not_picked":["Runic Pyramid","Eternal Feather"],"picked":"Velvet Choker"},{"not_picked":["Orrery","Mark of Pain"],"picked":"Fusion Hammer"}],"items_purged_floors":[13,38],"is_endless":false,"potions_floor_spawned":[3,11,16,20,24,31,36],"killed_by":"2 Orb Walkers","ascension_level":10}