{"gold_per_floor":[117,68,68,68,93,136,151,151,151,53,87,103,183,199,199,199],"floor_reached":16,"playtime":385,"items_purged":[],"score":110,"play_id":"02bdb780-cb8d-4ac6-a16d-28e0c81eb8c5","local_time":"20190811210016","is_ascension_mode":false,"campfire_choices":[{"floor":8,"key":"REST"},{"floor":15,"key":"REST"}],"neow_cost":"NONE","seed_source_timestamp":420492243150800,"circlet_count":0,"master_deck":["Strike_R","Strike_R","Strike_R","Strike_R","Strike_R","Defend_R","Defend_R","Defend_R","Defend_R","Bash","Corruption","Iron Wave","Regret","Clash","Reckless Charge","Heavy Blade","Trip","Headbutt","Flex","Anger"],"relics":["Busted Crown","Unceasing Top","Golden Idol","Ancient Tea Set","Champion Belt","Bottled Tornado"],"potions_floor_usage":[14,16,16],"damage_taken":[{"damage":0,"enemies":"Small Slimes","floor":1,"turns":4},{"damage":8,"enemies":"Jaw Worm","floor":5,"turns":3},{"damage":49,"enemies":"Gremlin Nob","floor":6,"turns":5},{"damage":8,"enemies":"2 Louse","floor":7,"turns":2},{"damage":20,"enemies":"Lagavulin","floor":11,"turns":5},{"damage":13,"enemies":"Large Slime","floor":12,"turns":5},{"damage":0,"enemies":"2 Fungi Beasts","floor":14,"turns":2},{"damage":29,"enemies":"The Guardian","floor":16,"turns":4}],"seed_played":"-461653232840033511","potions_obtained":[{"floor":1,"key":"Energy Potion"},{"floor":6,"key":"FairyPotion"},{"floor":11,"key":"Energy Potion"},{"floor":14,"key":"FearPotion"}],"is_trial":false,"path_per_floor":["M","$","?","?","M","E","M","R","T","$","E","M","?","M","R","B"],"character_chosen":"IRONCLAD","items_purchased":["Iron Wave","Trip"],"campfire_rested":2,"item_purchase_floors":[2,10],"current_hp_per_floor":[80,80,80,74,66,17,9,31,31,31,11,7,7,7,29,0],"gold":199,"neow_bonus":"BOSS_RELIC","is_prod":false,"is_daily":false,"chose_seed":false,"campfire_upgraded":0,"win_rate":0,"timestamp":1565521216,"path_taken":["M","$","?","?","M","E","M","R","T","$","E","M","?","M","R","BOSS"],"build_version":"2019-07-17","purchased_purges":0,"victory":false,"max_hp_per_floor":[80,80,80,74,74,74,74,74,74,74,74,74,74,74,74,74],"card_choices":[{"not_picked":[],"picked":"Corruption","floor":1},{"not_picked":[],"picked":"Clash","floor":5},{"not_picked":[],"picked":"Reckless Charge","floor":6},{"not_picked":[],"picked":"Heavy Blade","floor":7},{"not_picked":[],"picked":"Headbutt","floor":11},{"not_picked":[],"picked":"Flex","floor":12},{"not_picked":[],"picked":"Anger","floor":14}],"player_experience":27480,"relics_obtained":[{"floor":6,"key":"Ancient Tea Set"},{"floor":9,"key":"Champion Belt"},{"floor":11,"key":"Bottled Tornado"}],"event_choices":[{"damage_healed":0,"gold_gain":0,"player_choice":"Box","damage_taken":0,"relics_obtained":["Unceasing Top"],"max_hp_gain":0,"max_hp_loss":0,"event_name":"Big Fish","floor":3,"gold_loss":0,"cards_obtained":["Regret"]},{"damage_healed":0,"gold_gain":0,"player_choice":"Lose Max HP","damage_taken":0,"relics_obtained":["Golden Idol"],"max_hp_gain":0,"max_hp_loss":6,"event_name":"Golden Idol","floor":4,"gold_loss":0},{"damage_healed":0,"gold_gain":80,"player_choice":"Gained Gold","damage_taken":0,"max_hp_gain":0,"max_hp_loss":0,"event_name":"Golden Wing","floor":13,"gold_loss":0}],"is_beta":false,"boss_relics":[],"items_purged_floors":[],"is_endless":false,"potions_floor_spawned":[1,6,11,14],"killed_by":"The Guardian","ascension_level":0}