{"gold_per_floor":[119,139,156,156,174,174,184,204,204,204,216,216,141,141,141,141],"floor_reached":16,"playtime":392,"items_purged":["Defend_B"],"score":94,"play_id":"db0b9949-a72b-4633-ade4-2dd20c07352a","local_time":"20181018191246","is_ascension_mode":false,"campfire_choices":[{"data":"Beam Cell","floor":6,"key":"SMITH"},{"data":"Defragment","floor":10,"key":"SMITH"},{"floor":15,"key":"REST"}],"neow_cost":"NONE","seed_source_timestamp":2057201074792113,"circlet_count":0,"master_deck":["Strike_B","Strike_B","Strike_B","Strike_B","Defend_B+1","Defend_B","Zap","Dualcast","Barrage","Ball Lightning","Cold Snap+1","Beam Cell+1","Defragment+1","Rebound","Barrage"],"relics":["Cracked Core","NeowsBlessing","Regal Pillow","Sundial"],"potions_floor_usage":[8],"damage_taken":[{"damage":0,"enemies":"2 Louse","floor":1,"turns":1},{"damage":0,"enemies":"Small Slimes","floor":2,"turns":1},{"damage":0,"enemies":"Jaw Worm","floor":3,"turns":1},{"damage":14,"enemies":"Red Slaver","floor":5,"turns":3},{"damage":0,"enemies":"3 Louse","floor":7,"turns":2},{"damage":14,"enemies":"Exordium Wildlife","floor":8,"turns":3},{"damage":2,"enemies":"Blue Slaver","floor":11,"turns":3},{"damage":0,"enemies":"Hexaghost","floor":16,"turns":1}],"seed_played":"-601587900780596950","potions_obtained":[{"floor":2,"key":"GamblersBrew"},{"floor":5,"key":"Ancient Potion"},{"floor":7,"key":"LiquidBronze"}],"is_trial":false,"path_per_floor":["M","M","M","?","M","R","M","M","T","R","M","?","$","T","R"],"character_chosen":"DEFECT","items_purchased":[],"campfire_rested":1,"item_purchase_floors":[],"current_hp_per_floor":[75,75,75,75,61,61,61,47,47,47,45,30,30,30,67,67],"gold":141,"neow_bonus":"THREE_ENEMY_KILL","is_prod":false,"is_daily":false,"chose_seed":false,"campfire_upgraded":2,"win_rate":0,"timestamp":1539915166,"path_taken":["M","M","M","?","M","R","?","M","T","R","M","?","$","?","R","BOSS"],"build_version":"2018-10-18","purchased_purges":1,"victory":false,"max_hp_per_floor":[75,75,75,75,75,75,75,75,75,75,75,75,75,75,75,75],"card_choices":[{"not_picked":["Go for the Eyes","Steam"],"picked":"Barrage","floor":1},{"not_picked":["Consume","Compile Driver"],"picked":"Ball Lightning","floor":2},{"not_picked":["Barrage","Leap"],"picked":"Cold Snap","floor":3},{"not_picked":["Fusion","Gash"],"picked":"Beam Cell","floor":5},{"not_picked":["Capacitor","Steam"],"picked":"Defragment","floor":7},{"not_picked":["Leap","Coolheaded"],"picked":"Rebound","floor":8},{"not_picked":["Compile Driver","Reprogram"],"picked":"Barrage","floor":11}],"player_experience":895018,"relics_obtained":[{"floor":9,"key":"Regal Pillow"},{"floor":14,"key":"Sundial"}],"event_choices":[{"cards_removed":["Defend_B"],"damage_healed":0,"gold_gain":0,"player_choice":"Forget","damage_taken":0,"max_hp_gain":0,"max_hp_loss":0,"event_name":"Living Wall","floor":4,"gold_loss":0},{"damage_healed":0,"gold_gain":0,"player_choice":"Entered Light","damage_taken":15,"max_hp_gain":0,"max_hp_loss":0,"event_name":"Shining Light","floor":12,"gold_loss":0,"cards_upgraded":["Defend_B","Cold Snap"]}],"is_beta":false,"boss_relics":[],"items_purged_floors":[13],"is_endless":false,"potions_floor_spawned":[2,5,7],"killed_by":"Hexaghost","ascension_level":0}