{"gold_per_floor":[118,118,134,144,155,188,188,198,198,198,198,214,214,250,250,327,327,344,344,364,364],"floor_reached":21,"playtime":1360,"items_purged":[],"score":302,"play_id":"494300e4-24a7-408b-8ffc-0b63375dd51a","local_time":"20181103195814","is_ascension_mode":true,"campfire_choices":[{"data":"Jack Of All Trades","floor":7.0,"key":"SMITH"},{"floor":11.0,"key":"REST"},{"data":"Spot Weakness","floor":15.0,"key":"SMITH"}],"neow_cost":"TEN_PERCENT_HP_LOSS","seed_source_timestamp":0,"circlet_count":0,"master_deck":["AscendersBane","Strike_R","Strike_R","Strike_R","Strike_R","Strike_R","Defend_R","Defend_R","Defend_R","Bash","Jack Of All Trades+1","Madness","Spot Weakness+1","Twin Strike","Shrug It Off","Reaper","Doubt","Twin Strike","Brutality","Flex"],"special_seed":0,"relics":["Burning Blood","Omamori","Bottled Flame","Calling Bell","Oddly Smooth Stone","Blue Candle","Pocketwatch"],"potions_floor_usage":[],"damage_taken":[{"damage":7.0,"enemies":"Jaw Worm","floor":1.0,"turns":3.0},{"damage":8.0,"enemies":"2 Louse","floor":3.0,"turns":3.0},{"damage":0.0,"enemies":"Small Slimes","floor":4.0,"turns":3.0},{"damage":16.0,"enemies":"Exordium Thugs","floor":5.0,"turns":4.0},{"damage":39.0,"enemies":"Gremlin Nob","floor":6.0,"turns":4.0},{"damage":8.0,"enemies":"3 Louse","floor":8.0,"turns":3.0},{"damage":24.0,"enemies":"Lots of Slimes","floor":12.0,"turns":4.0},{"damage":1.0,"enemies":"Exordium Wildlife","floor":14.0,"turns":3.0},{"damage":33.0,"enemies":"The Guardian","floor":16.0,"turns":12.0},{"damage":40,"enemies":"3 Byrds","floor":18,"turns":5},{"damage":36,"enemies":"Shell Parasite","floor":20,"turns":6},{"damage":36,"enemies":"Snecko","floor":21,"turns":4}],"seed_played":"-2976468119646225621","potions_obtained":[{"floor":1.0,"key":"FearPotion"},{"floor":4.0,"key":"Strength Potion"},{"floor":8.0,"key":"Block Potion"},{"floor":14.0,"key":"Block Potion"}],"is_trial":false,"path_per_floor":["M","?","M","M","M","E","R","M","T","?","R","M","?","M","R","B",null,"M","?","M","M"],"character_chosen":"IRONCLAD","items_purchased":[],"campfire_rested":1,"item_purchase_floors":[],"current_hp_per_floor":[71,76,74,77,67,34,34,32,32,25,48,30,30,35,35,8,60,40,40,22,0],"gold":364,"neow_bonus":"RANDOM_COLORLESS_2","is_prod":false,"is_daily":false,"chose_seed":false,"campfire_upgraded":2,"win_rate":0,"timestamp":1541300294,"path_taken":["M","?","M","M","M","E","R","M","T","?","R","M","?","M","R","BOSS","M","?","M","M"],"build_version":"2018-11-01","purchased_purges":0,"victory":false,"max_hp_per_floor":[72,77,77,77,77,77,77,77,77,77,77,77,77,77,77,77,77,77,77,77,77],"card_choices":[{"not_picked":["Iron Wave","Cleave"],"picked":"Spot Weakness","floor":1.0},{"not_picked":["Body Slam","Clash","Pommel Strike"],"picked":"SKIP","floor":3.0},{"not_picked":["Entrench","Blood for Blood","Metallicize"],"picked":"SKIP","floor":4.0},{"not_picked":["Wild Strike","Clash","Perfected Strike"],"picked":"SKIP","floor":5.0},{"not_picked":["Wild Strike","Perfected Strike","Burning Pact"],"picked":"SKIP","floor":6.0},{"not_picked":["Reckless Charge","Sever Soul"],"picked":"Twin Strike","floor":8.0},{"not_picked":["Wild Strike","Reckless Charge","Body Slam"],"picked":"SKIP","floor":12.0},{"not_picked":["Bloodletting","Searing Blow"],"picked":"Shrug It Off","floor":14.0},{"not_picked":["Bludgeon","Fiend Fire"],"picked":"Reaper","floor":16.0},{"not_picked":["Rampage","Thunderclap"],"picked":"Twin Strike","floor":18},{"not_picked":["Second Wind","Combust+1"],"picked":"Flex","floor":20}],"player_experience":928605,"relics_obtained":[{"floor":6.0,"key":"Omamori"},{"floor":9.0,"key":"Bottled Flame"},{"floor":17.0,"key":"Oddly Smooth Stone"},{"floor":17.0,"key":"Blue Candle"},{"floor":17.0,"key":"Pocketwatch"}],"event_choices":[{"damage_healed":0.0,"max_hp_gain":5.0,"max_hp_loss":0.0,"gold_gain":0.0,"event_name":"Big Fish","player_choice":"Donut","floor":2.0,"gold_loss":0.0,"damage_taken":0.0},{"cards_removed":["Defend_R"],"damage_healed":0.0,"max_hp_gain":0.0,"max_hp_loss":0.0,"gold_gain":0.0,"event_name":"Golden Wing","player_choice":"Card Removal","floor":10.0,"gold_loss":0.0,"damage_taken":7.0},{"damage_healed":0.0,"max_hp_gain":0.0,"max_hp_loss":0.0,"gold_gain":30.0,"event_name":"Dead Adventurer","player_choice":"Searched \u00271\u0027 times","floor":13.0,"gold_loss":0.0,"damage_taken":0.0},{"damage_healed":0,"gold_gain":0,"player_choice":"1 cards matched","damage_taken":0,"max_hp_gain":0,"max_hp_loss":0,"event_name":"Match and Keep!","floor":19,"gold_loss":0,"cards_obtained":["Brutality"]}],"is_beta":false,"boss_relics":[{"not_picked":["Mark of Pain","Orrery"],"picked":"Calling Bell"}],"items_purged_floors":[],"is_endless":false,"potions_floor_spawned":[1,4,8,14],"killed_by":"Snecko","ascension_level":13}