{"gold_per_floor":[117,117,192,216,235,235,305,320,320,339,353,353],"floor_reached":12,"playtime":989,"items_purged":[],"score":76,"play_id":"25b6f134-5e0e-49e9-8052-1df77834f6b5","local_time":"20190603184614","is_ascension_mode":true,"campfire_choices":[{"data":"Neutralize","floor":6,"key":"SMITH"}],"neow_cost":"NONE","seed_source_timestamp":766288601657974,"circlet_count":0,"master_deck":["Defend_G","Defend_G","Defend_G","Defend_G","Defend_G","Strike_G","Strike_G","Strike_G","Strike_G","Strike_G","Survivor","Neutralize+1","Blade Dance","Backflip","Blade Dance","PiercingWail","Blur"],"relics":["Ring of the Snake","Golden Idol","Matryoshka","Sundial","Mercury Hourglass"],"potions_floor_usage":[7],"damage_taken":[{"damage":0,"enemies":"Small Slimes","floor":1,"turns":4},{"damage":0,"enemies":"2 Louse","floor":4,"turns":2},{"damage":0,"enemies":"Cultist","floor":5,"turns":4},{"damage":32,"enemies":"Gremlin Nob","floor":7,"turns":5},{"damage":9,"enemies":"2 Fungi Beasts","floor":8,"turns":3},{"damage":0,"enemies":"Exordium Wildlife","floor":10,"turns":4},{"damage":10,"enemies":"Exordium Thugs","floor":11,"turns":5}],"seed_played":"-7827804828167418904","potions_obtained":[{"floor":1,"key":"SkillPotion"},{"floor":8,"key":"Dexterity Potion"},{"floor":11,"key":"Energy Potion"}],"is_trial":false,"path_per_floor":["M","?","?","M","M","R","?","M","T","M","M","?"],"character_chosen":"THE_SILENT","items_purchased":[],"campfire_rested":0,"item_purchase_floors":[],"current_hp_per_floor":[70,65,54,54,54,54,22,13,13,13,3,0],"gold":353,"neow_bonus":"THREE_CARDS","is_prod":false,"is_daily":false,"chose_seed":false,"campfire_upgraded":1,"win_rate":1,"timestamp":1559601974,"path_taken":["M","?","?","M","M","R","?","M","T","M","M","?"],"build_version":"2019-01-23","purchased_purges":0,"victory":false,"max_hp_per_floor":[70,65,65,65,65,65,65,65,65,65,65,65],"card_choices":[{"not_picked":["Dagger Throw","Flying Knee"],"picked":"Blade Dance","floor":0},{"not_picked":["Skewer","Dagger Spray"],"picked":"Backflip","floor":1},{"not_picked":["Crippling Poison","Bane"],"picked":"Blade Dance","floor":4},{"not_picked":["Outmaneuver","Skewer","Deflect"],"picked":"SKIP","floor":5},{"not_picked":["Endless Agony","Choke"],"picked":"PiercingWail","floor":8},{"not_picked":["Slice","Sucker Punch","Dagger Spray"],"picked":"SKIP","floor":10},{"not_picked":["Envenom","Backflip"],"picked":"Blur","floor":11}],"player_experience":66622,"relics_obtained":[{"floor":9,"key":"Sundial"},{"floor":9,"key":"Mercury Hourglass"}],"event_choices":[{"damage_healed":0,"gold_gain":0,"player_choice":"Lose Max HP","damage_taken":0,"relics_obtained":["Golden Idol"],"max_hp_gain":0,"max_hp_loss":5,"event_name":"Golden Idol","floor":2,"gold_loss":0},{"damage_healed":0,"gold_gain":75,"player_choice":"Gather Gold","damage_taken":11,"max_hp_gain":0,"max_hp_loss":0,"event_name":"World of Goop","floor":3,"gold_loss":0},{"damage_healed":0,"gold_gain":0,"player_choice":"Searched \u00272\u0027 times","damage_taken":0,"relics_obtained":["Matryoshka"],"max_hp_gain":0,"max_hp_loss":0,"event_name":"Dead Adventurer","floor":7,"gold_loss":0}],"is_beta":false,"boss_relics":[],"items_purged_floors":[],"is_endless":false,"potions_floor_spawned":[1,8,11],"ascension_level":1}