{"gold_per_floor":[217,367,17,17,31,58,58,73,120,148,148,167,167,200,200,271,271,287,307,319,57,57,57,87,87,87,47,47,59,59,59,59,133,133,153,153,103,118,165,165,165,165,218,244,244],"floor_reached":45,"playtime":3710,"items_purged":["Doubt","Strike_B","Decay"],"score":975,"play_id":"6aee1461-1cf6-494c-94b8-cc876783f923","local_time":"20190816141446","is_ascension_mode":true,"campfire_choices":[{"data":"Sunder","floor":7.0,"key":"SMITH"},{"data":"Zap","floor":13.0,"key":"SMITH"},{"data":"Defragment","floor":15.0,"key":"SMITH"},{"floor":23.0,"key":"REST"},{"data":"Defragment","floor":25.0,"key":"SMITH"},{"data":"Defragment","floor":28.0,"key":"SMITH"},{"floor":30.0,"key":"REST"},{"data":"Blizzard","floor":32.0,"key":"SMITH"},{"floor":40,"key":"REST"},{"data":"Defragment","floor":42,"key":"SMITH"}],"neow_cost":"NONE","seed_source_timestamp":1520845612549263,"circlet_count":0,"master_deck":["AscendersBane","Defend_B","Defend_B","Defend_B","Defend_B","Dualcast","Defragment+1","Sweeping Beam","FTL","Sunder+1","Conserve Battery","Ball Lightning","Cold Snap","Rainbow","Cold Snap","Defragment+1","Defragment+1","Rebound","Blizzard+1","Glacier","Cold Snap","Amplify","Genetic Algorithm","Defragment+1"],"special_seed":0,"relics":["FrozenCore","Potion Belt","Lantern","Boot","Mummified Hand","Dodecahedron","Empty Cage","Mercury Hourglass","Nunchaku","Smiling Mask","Gambling Chip","Anchor","Sundial"],"potions_floor_usage":[33,39,39,44],"damage_taken":[{"damage":4.0,"enemies":"Jaw Worm","floor":1.0,"turns":4.0},{"damage":9.0,"enemies":"Small Slimes","floor":5.0,"turns":3.0},{"damage":8.0,"enemies":"Gremlin Nob","floor":6.0,"turns":3.0},{"damage":1.0,"enemies":"Cultist","floor":8.0,"turns":3.0},{"damage":10.0,"enemies":"Lagavulin","floor":10.0,"turns":6.0},{"damage":7.0,"enemies":"Red Slaver","floor":12.0,"turns":2.0},{"damage":8.0,"enemies":"3 Sentries","floor":14.0,"turns":4.0},{"damage":13.0,"enemies":"The Guardian","floor":16.0,"turns":9.0},{"damage":18.0,"enemies":"2 Thieves","floor":18.0,"turns":4.0},{"damage":0.0,"enemies":"Spheric Guardian","floor":19.0,"turns":3.0},{"damage":19.0,"enemies":"Shelled Parasite and Fungi","floor":20.0,"turns":5.0},{"damage":15.0,"enemies":"Book of Stabbing","floor":24.0,"turns":5.0},{"damage":14.0,"enemies":"Centurion and Healer","floor":29.0,"turns":4.0},{"damage":33,"enemies":"Collector","floor":33,"turns":13},{"damage":4,"enemies":"3 Darklings","floor":35,"turns":6},{"damage":8,"enemies":"3 Shapes","floor":38,"turns":6},{"damage":39,"enemies":"2 Orb Walkers","floor":39,"turns":7},{"damage":46,"enemies":"Reptomancer","floor":44,"turns":13},{"damage":22,"enemies":"Maw","floor":45,"turns":10}],"seed_played":"2766587874623238247","potions_obtained":[{"floor":1.0,"key":"FocusPotion"},{"floor":6.0,"key":"SkillPotion"},{"floor":8.0,"key":"Explosive Potion"},{"floor":14.0,"key":"FocusPotion"},{"floor":19.0,"key":"LiquidBronze"},{"floor":20.0,"key":"Poison Potion"},{"floor":29.0,"key":"Explosive Potion"},{"floor":33,"key":"Weak Potion"},{"floor":35,"key":"Poison Potion"},{"floor":39,"key":"SteroidPotion"},{"floor":44,"key":"LiquidBronze"}],"is_trial":false,"path_per_floor":["M","?","$","?","M","E","R","M","T","E","?","M","R","E","R","B",null,"M","M","M","$","T","R","E","R","T","$","R","M","R","?","R","B",null,"M","?","$","M","?","R","?","R","T","E","M"],"character_chosen":"DEFECT","items_purchased":["Sweeping Beam","FTL","Potion Belt","Defragment","Block Potion","Rebound","Glacier"],"campfire_rested":3,"item_purchase_floors":[3,3,3,21,21,21,27],"current_hp_per_floor":[60,60,60,65,56,48,48,47,47,37,37,30,30,22,22,9,59,41,41,22,22,22,44,29,29,29,29,29,15,37,37,37,4,58,54,54,54,46,7,29,62,62,62,16,0],"gold":244,"neow_bonus":"HUNDRED_GOLD","is_prod":false,"is_daily":false,"chose_seed":false,"campfire_upgraded":7,"win_rate":0,"timestamp":1565979286,"path_taken":["M","?","$","?","M","E","R","M","T","E","?","M","R","E","R","BOSS","M","M","?","$","?","R","E","R","T","$","R","M","R","?","R","BOSS","M","?","$","M","?","R","?","R","T","E","M"],"build_version":"2019-07-17","purchased_purges":3,"victory":false,"max_hp_per_floor":[71,71,71,76,76,76,76,76,76,76,76,76,76,76,76,76,76,76,76,76,76,76,76,76,76,76,76,76,76,76,76,76,76,76,76,76,76,76,76,76,62,62,62,62,62],"card_choices":[{"not_picked":["Barrage","Steam"],"picked":"Defragment","floor":1.0},{"not_picked":["Stack","Chaos"],"picked":"Sunder","floor":5.0},{"not_picked":["Stack","Coolheaded"],"picked":"Conserve Battery","floor":6.0},{"not_picked":["Go for the Eyes","Hello World","Turbo"],"picked":"SKIP","floor":8.0},{"not_picked":["Aggregate","Conserve Battery"],"picked":"Ball Lightning","floor":10.0},{"not_picked":["Barrage","Sweeping Beam","Stack"],"picked":"SKIP","floor":12.0},{"not_picked":["Redo","Turbo"],"picked":"Cold Snap","floor":14.0},{"not_picked":["Multi-Cast","Amplify"],"picked":"Rainbow","floor":16.0},{"not_picked":["Ball Lightning","Sunder"],"picked":"Cold Snap","floor":18.0},{"not_picked":["Steam","Sweeping Beam","Tempest"],"picked":"SKIP","floor":19.0},{"not_picked":["Stack","Genetic Algorithm"],"picked":"Defragment","floor":20.0},{"not_picked":["Streamline","Leap"],"picked":"Blizzard","floor":24.0},{"not_picked":["Rip and Tear","Heatsinks"],"picked":"Cold Snap","floor":29.0},{"not_picked":["Thunder Strike","Hyperbeam"],"picked":"Amplify","floor":33},{"not_picked":["Steam Power","Steam"],"picked":"Genetic Algorithm","floor":35},{"not_picked":["Gash+1","Conserve Battery","Compile Driver"],"picked":"SKIP","floor":38},{"not_picked":["Leap+1","Turbo+1"],"picked":"Defragment","floor":39},{"not_picked":["Hologram","Tempest","Barrage"],"picked":"SKIP","floor":44}],"player_experience":569330,"relics_obtained":[{"floor":6.0,"key":"Lantern"},{"floor":9.0,"key":"Boot"},{"floor":10.0,"key":"Mummified Hand"},{"floor":14.0,"key":"Dodecahedron"},{"floor":22.0,"key":"Mercury Hourglass"},{"floor":24.0,"key":"Nunchaku"},{"floor":26.0,"key":"Smiling Mask"},{"floor":39,"key":"Gambling Chip"},{"floor":43,"key":"Anchor"},{"floor":44,"key":"Sundial"}],"event_choices":[{"damage_healed":0.0,"max_hp_gain":0.0,"max_hp_loss":0.0,"gold_gain":150.0,"event_name":"Liars Game","player_choice":"AGREE","floor":2.0,"gold_loss":0.0,"damage_taken":0.0,"cards_obtained":["Doubt"]},{"damage_healed":0.0,"max_hp_gain":5.0,"max_hp_loss":0.0,"gold_gain":0.0,"event_name":"Big Fish","player_choice":"Donut","floor":4.0,"gold_loss":0.0,"damage_taken":0.0},{"cards_removed":["Strike_B"],"damage_healed":0.0,"max_hp_gain":0.0,"max_hp_loss":0.0,"gold_gain":0.0,"event_name":"Purifier","player_choice":"Purged","floor":11.0,"gold_loss":0.0,"damage_taken":0.0},{"damage_healed":0.0,"max_hp_gain":0.0,"max_hp_loss":0.0,"gold_gain":0.0,"event_name":"Wheel of Change","player_choice":"Cursed","floor":31.0,"gold_loss":0.0,"damage_taken":0.0,"cards_obtained":["Decay"]},{"cards_removed":["Zap"],"damage_healed":0,"gold_gain":0,"player_choice":"Removed Skill","damage_taken":0,"max_hp_gain":0,"max_hp_loss":0,"event_name":"Falling","floor":36,"gold_loss":0},{"damage_healed":0,"gold_gain":0,"player_choice":"Fight","damage_taken":0,"max_hp_gain":0,"max_hp_loss":0,"event_name":"Mysterious Sphere","floor":39,"gold_loss":0},{"damage_healed":62,"gold_gain":0,"player_choice":"Heal","damage_taken":0,"max_hp_gain":0,"max_hp_loss":14,"event_name":"The Moai Head","floor":41,"gold_loss":0}],"is_beta":false,"boss_relics":[{"not_picked":["Orrery","White Beast Statue"],"picked":"Empty Cage"},{"not_picked":["Lizard Tail","Runic Dome"],"picked":"FrozenCore"}],"items_purged_floors":[3,21,37],"is_endless":false,"potions_floor_spawned":[1,6,8,14,19,20,29,33,35,39,44],"killed_by":"Maw","ascension_level":20}