{"gold_per_floor":[112,187,205,12,28,28,54,54,127,162,181,181,181,12,12,109,109,123,52,65,65],"floor_reached":21,"playtime":1537,"items_purged":["Strike_R","Defend_R"],"score":281,"play_id":"5e27dfb0-cc8b-4172-832a-82de1b3484e3","local_time":"20180925174830","is_ascension_mode":true,"campfire_choices":[{"data":"Dark Embrace","floor":6,"key":"SMITH"},{"floor":8,"key":"REST"},{"floor":12,"key":"REST"},{"data":"True Grit","floor":15,"key":"SMITH"}],"neow_cost":"NONE","seed_source_timestamp":560575098540541,"circlet_count":0,"master_deck":["Strike_R","Strike_R","Strike_R","Defend_R","Defend_R","Defend_R","Bash","AscendersBane","Dark Embrace+1","Wild Strike","Immolate","True Grit+1","Sentinel","Disarm","Warcry","True Grit","Warcry","Offering","Ghostly Armor","Ghostly Armor"],"relics":["Burning Blood","Omamori","Paper Frog","Champion Belt","Mark of Pain"],"potions_floor_usage":[21],"damage_taken":[{"damage":10,"enemies":"Cultist","floor":1,"turns":5},{"damage":7,"enemies":"Small Slimes","floor":3,"turns":4},{"damage":0,"enemies":"Jaw Worm","floor":5,"turns":3},{"damage":52,"enemies":"Gremlin Nob","floor":7,"turns":5},{"damage":21,"enemies":"3 Sentries","floor":10,"turns":6},{"damage":5,"enemies":"Blue Slaver","floor":11,"turns":5},{"damage":49,"enemies":"Slime Boss","floor":16,"turns":10},{"damage":24,"enemies":"3 Byrds","floor":18,"turns":6},{"damage":24,"enemies":"2 Thieves","floor":20,"turns":4},{"damage":36,"enemies":"Cultist and Chosen","floor":21,"turns":10}],"seed_played":"5335379791350861332","potions_obtained":[{"floor":1,"key":"BloodPotion"},{"floor":5,"key":"Strength Potion"},{"floor":16,"key":"Strength Potion"}],"is_trial":false,"path_per_floor":["M","?","M","$","M","R","E","R","T","E","M","R","?","$","R","B",null,"M","$","M"],"character_chosen":"IRONCLAD","items_purchased":["Immolate","True Grit","True Grit","Warcry","Ghostly Armor"],"campfire_rested":2,"item_purchase_floors":[4,4,14,14,19],"current_hp_per_floor":[68,57,56,56,62,62,16,40,40,25,26,50,50,50,50,7,62,44,44,26,0],"gold":65,"neow_bonus":"ONE_RANDOM_RARE_CARD","is_prod":false,"is_daily":false,"chose_seed":false,"campfire_upgraded":2,"win_rate":0,"timestamp":1537922910,"path_taken":["M","?","M","$","M","R","E","R","T","E","M","R","?","?","R","BOSS","M","$","M","M"],"build_version":"2018-09-20","purchased_purges":2,"victory":false,"max_hp_per_floor":[80,80,80,80,80,80,80,80,80,80,80,80,80,80,80,80,80,80,80,80,80],"card_choices":[{"not_picked":["Inflame","Havoc"],"picked":"Wild Strike","floor":1},{"not_picked":["Hemokinesis","Pommel Strike","Headbutt"],"picked":"SKIP","floor":3},{"not_picked":["Sever Soul","Whirlwind"],"picked":"Sentinel","floor":5},{"not_picked":["Thunderclap","Sword Boomerang"],"picked":"Disarm","floor":7},{"not_picked":["Shrug It Off","Pommel Strike","Rampage"],"picked":"SKIP","floor":10},{"not_picked":["Searing Blow","Twin Strike"],"picked":"Warcry","floor":11},{"not_picked":["Barricade","Impervious"],"picked":"Offering","floor":16},{"not_picked":["Spot Weakness","Body Slam+1","Fire Breathing"],"picked":"SKIP","floor":18},{"not_picked":["Havoc","Dropkick"],"picked":"Ghostly Armor","floor":20}],"player_experience":843870,"relics_obtained":[{"floor":7,"key":"Omamori"},{"floor":9,"key":"Paper Frog"},{"floor":10,"key":"Champion Belt"}],"event_choices":[{"event_name":"World of Goop","player_choice":"Gather Gold","floor":2,"damage_taken":0},{"event_name":"Living Wall","player_choice":"Forget","floor":13,"damage_taken":0}],"is_beta":false,"boss_relics":[{"not_picked":["Cursed Key","Orrery"],"picked":"Mark of Pain"}],"items_purged_floors":[4,14],"is_endless":false,"potions_floor_spawned":[1,5,16],"killed_by":"Cultist and Chosen","ascension_level":10}