{"gold_per_floor":[117,133,58,74,88,88,121,21,21,46,46,46,46,46,46,148,148,162,37,37,54,64,64,96,96,121,220,254,254,324,343,343,447,447,464,478,490,540],"floor_reached":38,"playtime":2223,"items_purged":["Strike_R","Strike_R","Bash"],"score":636,"play_id":"06c3e0dd-8a6b-4c96-835a-4ce65687d1a6","local_time":"20180925120133","is_ascension_mode":true,"campfire_choices":[{"data":"Rampage","floor":6,"key":"SMITH"},{"data":"True Grit","floor":13,"key":"SMITH"},{"floor":15,"key":"REST"},{"floor":23,"key":"REST"},{"floor":25,"key":"REST"},{"floor":32,"key":"REST"}],"neow_cost":"NONE","seed_source_timestamp":545138895427554,"circlet_count":0,"master_deck":["Strike_R","Strike_R+1","Defend_R","Defend_R+1","Defend_R","Defend_R","AscendersBane","Rampage+1","Headbutt+1","True Grit+1","Second Wind","Panacea","Fiend Fire+1","Thunderclap+1","Shrug It Off","Burning Pact+1","Warcry","Impervious","Headbutt+1"],"relics":["Burning Blood","Blood Vial","Mercury Hourglass","Pear","Molten Egg 2","Runic Pyramid","Whetstone","War Paint","PreservedInsect","SsserpentHead","Mark of Pain"],"potions_floor_usage":[7,10,24,24,28,36],"damage_taken":[{"damage":1,"enemies":"Cultist","floor":1,"turns":3},{"damage":7,"enemies":"Small Slimes","floor":2,"turns":4},{"damage":6,"enemies":"2 Louse","floor":4,"turns":3},{"damage":8,"enemies":"Exordium Wildlife","floor":5,"turns":4},{"damage":20,"enemies":"Gremlin Nob","floor":7,"turns":4},{"damage":40,"enemies":"Lagavulin","floor":10,"turns":6},{"damage":64,"enemies":"The Guardian","floor":16,"turns":9},{"damage":18,"enemies":"Shell Parasite","floor":18,"turns":4},{"damage":26,"enemies":"3 Byrds","floor":21,"turns":4},{"damage":9,"enemies":"Snecko","floor":22,"turns":4},{"damage":22,"enemies":"Slavers","floor":24,"turns":3},{"damage":26,"enemies":"Book of Stabbing","floor":28,"turns":4},{"damage":38,"enemies":"Centurion and Healer","floor":30,"turns":5},{"damage":12,"enemies":"Chosen and Byrds","floor":31,"turns":3},{"damage":41,"enemies":"Champ","floor":33,"turns":9},{"damage":33,"enemies":"3 Darklings","floor":35,"turns":5},{"damage":6,"enemies":"Orb Walker","floor":36,"turns":4},{"damage":19,"enemies":"Maw","floor":37,"turns":7},{"damage":43,"enemies":"Spire Growth","floor":38,"turns":4}],"seed_played":"-7898529315133124113","potions_obtained":[{"floor":4,"key":"Strength Potion"},{"floor":7,"key":"AttackPotion"},{"floor":10,"key":"Fire Potion"},{"floor":18,"key":"Dexterity Potion"},{"floor":22,"key":"Explosive Potion"},{"floor":24,"key":"Fire Potion"},{"floor":33,"key":"Swift Potion"},{"floor":37,"key":"FearPotion"}],"is_trial":false,"path_per_floor":["M","M","$","M","M","R","E","$","T","E","?","?","R","?","R","B",null,"M","$","?","M","M","R","E","R","T","?","E","?","M","M","R","B",null,"M","M","M"],"character_chosen":"IRONCLAD","items_purchased":[],"campfire_rested":4,"item_purchase_floors":[],"current_hp_per_floor":[79,79,79,80,78,78,66,66,76,44,37,37,37,37,64,8,70,60,60,60,42,41,68,54,81,81,81,63,63,33,29,56,23,73,48,50,39,0],"gold":540,"neow_bonus":"RANDOM_COMMON_RELIC","is_prod":false,"is_daily":false,"chose_seed":false,"campfire_upgraded":2,"win_rate":0,"timestamp":1537902093,"path_taken":["M","M","$","M","?","R","E","$","T","E","?","?","R","?","R","BOSS","M","$","?","M","M","R","E","R","T","?","E","?","?","M","R","BOSS","M","M","M","?"],"build_version":"2018-09-20","purchased_purges":3,"victory":false,"max_hp_per_floor":[80,80,80,80,80,80,80,80,90,90,90,90,90,90,90,90,90,90,90,90,90,90,90,90,90,90,90,90,90,90,90,90,90,90,90,90,90,90],"card_choices":[{"not_picked":["Wild Strike","Searing Blow"],"picked":"Rampage","floor":1},{"not_picked":["Evolve","Twin Strike"],"picked":"Headbutt","floor":2},{"not_picked":["Havoc","Spot Weakness"],"picked":"True Grit","floor":4},{"not_picked":["Whirlwind","Berserk","Havoc"],"picked":"SKIP","floor":5},{"not_picked":["Shrug It Off","Iron Wave"],"picked":"Second Wind","floor":7},{"not_picked":["Clothesline","Heavy Blade","Thunderclap"],"picked":"SKIP","floor":10},{"not_picked":["Offering","Exhume"],"picked":"Fiend Fire+1","floor":16},{"not_picked":["Havoc+1","True Grit"],"picked":"Thunderclap+1","floor":18},{"not_picked":["Fire Breathing+1","Anger+1"],"picked":"Burning Pact","floor":21},{"not_picked":["True Grit","Sword Boomerang+1","Hemokinesis+1"],"picked":"SKIP","floor":22},{"not_picked":["Intimidate","Uppercut+1","Limit Break"],"picked":"SKIP","floor":24},{"not_picked":["Heavy Blade+1","Body Slam+1","Anger+1"],"picked":"SKIP","floor":28},{"not_picked":["Perfected Strike+1","Cleave+1"],"picked":"Warcry","floor":30},{"not_picked":["Entrench","Searing Blow+1","Pummel+1"],"picked":"SKIP","floor":31},{"not_picked":["Demon Form","Fiend Fire+1"],"picked":"Impervious","floor":33},{"not_picked":["Shockwave+1","Rupture+1"],"picked":"Headbutt+1","floor":35},{"not_picked":["Wild Strike+1","Spot Weakness","Twin Strike+1"],"picked":"SKIP","floor":36},{"not_picked":["Perfected Strike+1","Reckless Charge+1","Armaments"],"picked":"SKIP","floor":37}],"player_experience":841647,"relics_obtained":[{"floor":7,"key":"Mercury Hourglass"},{"floor":9,"key":"Pear"},{"floor":10,"key":"Molten Egg 2"},{"floor":24,"key":"Whetstone"},{"floor":26,"key":"War Paint"},{"floor":28,"key":"PreservedInsect"}],"event_choices":[{"event_name":"Golden Wing","player_choice":"Card Removal","floor":11,"damage_taken":0},{"event_name":"Match and Keep!","player_choice":"1 cards matched","floor":12,"damage_taken":0},{"event_name":"Liars Game","player_choice":"disagreed","floor":14,"damage_taken":0},{"event_name":"Match and Keep!","player_choice":"1 cards matched","floor":20,"damage_taken":0},{"event_name":"Nest","player_choice":"Stole From Cult","floor":27,"damage_taken":0},{"event_name":"FaceTrader","player_choice":"Trade","floor":29,"damage_taken":0}],"is_beta":false,"boss_relics":[{"not_picked":["Snecko Eye","Eternal Feather"],"picked":"Runic Pyramid"},{"not_picked":["Astrolabe","Fusion Hammer"],"picked":"Mark of Pain"}],"items_purged_floors":[3,8,19],"is_endless":false,"potions_floor_spawned":[4,7,10,18,22,24,33,37],"killed_by":"Spire Growth","ascension_level":10}