{"gold_per_floor":[112,112,128,45,56,56,68,96,119,133,159,175,175,188,188,285,285],"floor_reached":17,"playtime":1744,"items_purged":[],"score":245,"play_id":"b3f0efc4-7db3-421f-96f4-551fe3a49450","local_time":"20190806000651","is_ascension_mode":true,"campfire_choices":[{"data":"Well Laid Plans","floor":6.0,"key":"SMITH"},{"data":"Noxious Fumes","floor":13.0,"key":"SMITH"},{"data":"Noxious Fumes","floor":15,"key":"SMITH"}],"neow_cost":"NONE","seed_source_timestamp":608129549668123,"circlet_count":0,"master_deck":["Strike_G","Strike_G","Strike_G","Defend_G","Defend_G","Defend_G","Defend_G","Defend_G","Survivor","Neutralize","Concentrate","Poisoned Stab","Doppelganger","PiercingWail","Well Laid Plans+1","Poisoned Stab","Noxious Fumes+1","Quick Slash","Noxious Fumes+1","Backflip","A Thousand Cuts"],"special_seed":0,"relics":["Ring of the Snake","Centennial Puzzle","Vajra","Boot","WristBlade"],"potions_floor_usage":[],"damage_taken":[{"damage":4.0,"enemies":"Small Slimes","floor":1.0,"turns":4.0},{"damage":1.0,"enemies":"Cultist","floor":3.0,"turns":5.0},{"damage":1.0,"enemies":"Jaw Worm","floor":5.0,"turns":3.0},{"damage":3.0,"enemies":"Looter","floor":7.0,"turns":3.0},{"damage":22.0,"enemies":"Gremlin Nob","floor":8.0,"turns":5.0},{"damage":1.0,"enemies":"Large Slime","floor":10.0,"turns":7.0},{"damage":6.0,"enemies":"3 Sentries","floor":11.0,"turns":7.0},{"damage":0.0,"enemies":"3 Louse","floor":12.0,"turns":3.0},{"damage":6,"enemies":"Lots of Slimes","floor":14,"turns":3},{"damage":5,"enemies":"Hexaghost","floor":16,"turns":9}],"seed_played":"3083809755046705495","potions_obtained":[{"floor":1.0,"key":"AttackPotion"},{"floor":5.0,"key":"Ancient Potion"},{"floor":8.0,"key":"Block Potion"},{"floor":11.0,"key":"SteroidPotion"},{"floor":16,"key":"Regen Potion"}],"is_trial":false,"path_per_floor":["M","?","M","$","M","R","M","E","T","M","E","M","R","M","R","B",null],"character_chosen":"THE_SILENT","items_purchased":["Well Laid Plans","Poisoned Stab"],"campfire_rested":0,"item_purchase_floors":[4,4],"current_hp_per_floor":[59,59,58,58,57,57,54,32,32,31,25,25,25,19,19,14,14],"gold":285,"neow_bonus":"TRANSFORM_CARD","is_prod":false,"is_daily":false,"chose_seed":false,"campfire_upgraded":3,"win_rate":0,"timestamp":1565064411,"path_taken":["M","?","M","$","M","R","?","E","T","M","E","M","R","M","R","BOSS"],"build_version":"2019-07-17","purchased_purges":0,"victory":false,"max_hp_per_floor":[70,70,70,70,70,70,70,70,70,70,70,70,70,70,70,70,70],"card_choices":[{"not_picked":["Heel Hook","Dagger Spray"],"picked":"Poisoned Stab","floor":1.0},{"not_picked":["Dodge and Roll","Prepared"],"picked":"PiercingWail","floor":3.0},{"not_picked":["Slice","Accuracy","Acrobatics"],"picked":"SKIP","floor":5.0},{"not_picked":["Heel Hook","Dagger Throw","Expertise"],"picked":"SKIP","floor":7.0},{"not_picked":["Deadly Poison","Flying Knee","Predator"],"picked":"SKIP","floor":8.0},{"not_picked":["Deadly Poison","Slice"],"picked":"Noxious Fumes","floor":10.0},{"not_picked":["Bane","Leg Sweep"],"picked":"Quick Slash","floor":11.0},{"not_picked":["Dodge and Roll","Riddle With Holes"],"picked":"Noxious Fumes","floor":12.0},{"not_picked":["Deadly Poison","Riddle With Holes"],"picked":"Backflip","floor":14},{"not_picked":["Glass Knife","Die Die Die"],"picked":"A Thousand Cuts","floor":16}],"player_experience":355481,"relics_obtained":[{"floor":8.0,"key":"Centennial Puzzle"},{"floor":9.0,"key":"Vajra"},{"floor":11.0,"key":"Boot"}],"event_choices":[{"damage_healed":0.0,"max_hp_gain":0.0,"max_hp_loss":0.0,"gold_gain":0.0,"cards_transformed":["Strike_G"],"event_name":"Transmorgrifier","player_choice":"Transformed","floor":2.0,"gold_loss":0.0,"damage_taken":0.0,"cards_obtained":["Doppelganger"]}],"is_beta":false,"boss_relics":[{"not_picked":["White Beast Statue","Lizard Tail"],"picked":"WristBlade"}],"items_purged_floors":[],"is_endless":false,"potions_floor_spawned":[1,5,8,11,16],"ascension_level":9}