{"gold_per_floor":[117,117,192,207,132,132,165,176,201,4,19,38,38,67,67,142,142,107,107,57,70,20,45,45,74,124,124],"floor_reached":27,"playtime":1989,"items_purged":["Pain","Injury","Defend_B","Strike_B"],"score":453,"play_id":"13791de2-4461-4786-9fc6-4bdf609c1b0b","local_time":"20181224135729","is_ascension_mode":true,"campfire_choices":[{"floor":6,"key":"REST"},{"data":"Self Repair","floor":13,"key":"SMITH"},{"data":"Barrage","floor":15,"key":"SMITH"},{"data":"Defragment","floor":24,"key":"SMITH"}],"neow_cost":"NONE","seed_source_timestamp":616598260944418,"circlet_count":0,"master_deck":["AscendersBane","Strike_B","Strike_B","Strike_B","Defend_B","Defend_B","Defend_B","Zap","Dualcast","Parasite","Glacier","Self Repair+1","Cold Snap","Barrage+1","Cold Snap+1","Go for the Eyes+1","Barrage","Machine Learning","Coolheaded","Defragment+1","Melter","Loop","Go for the Eyes"],"relics":["Calling Bell","PreservedInsect","Sundial","Emotion Chip","Smiling Mask","Centennial Puzzle","DataDisk","Question Card","Inserter","Bag of Preparation","Whetstone","Bronze Scales"],"potions_floor_usage":[7,23,23,23,27],"damage_taken":[{"damage":15,"enemies":"Cultist","floor":1,"turns":4},{"damage":22,"enemies":"Small Slimes","floor":4,"turns":5},{"damage":6,"enemies":"Lagavulin","floor":7,"turns":8},{"damage":7,"enemies":"Jaw Worm","floor":8,"turns":5},{"damage":0,"enemies":"Red Slaver","floor":11,"turns":5},{"damage":0,"enemies":"Blue Slaver","floor":12,"turns":5},{"damage":9,"enemies":"Gremlin Nob","floor":14,"turns":5},{"damage":30,"enemies":"The Guardian","floor":16,"turns":17},{"damage":7,"enemies":"2 Thieves","floor":18,"turns":5},{"damage":9,"enemies":"3 Byrds","floor":21,"turns":7},{"damage":26,"enemies":"Slavers","floor":23,"turns":8},{"damage":39,"enemies":"Gremlin Leader","floor":25,"turns":8},{"damage":12,"enemies":"3 Cultists","floor":27,"turns":2}],"seed_played":"-1036874239811162973","potions_obtained":[{"floor":4,"key":"FearPotion"},{"floor":7,"key":"SneckoOil"},{"floor":8,"key":"EntropicBrew"},{"floor":21,"key":"EssenceOfSteel"},{"floor":25,"key":"LiquidBronze"}],"is_trial":false,"path_per_floor":["M","?","?","M","$","R","E","M","T","$","M","M","R","E","R","B",null,"M","?","$","M","$","E","R","E","T","M"],"character_chosen":"DEFECT","items_purchased":["DataDisk"],"campfire_rested":1,"item_purchase_floors":[10],"current_hp_per_floor":[49,49,38,16,16,37,38,38,38,38,45,52,52,53,53,33,62,65,65,65,56,56,40,40,11,11,0],"gold":124,"neow_bonus":"BOSS_RELIC","is_prod":false,"is_daily":false,"chose_seed":false,"campfire_upgraded":3,"win_rate":0,"timestamp":1545688649,"path_taken":["M","?","?","M","$","R","E","M","T","$","M","M","R","E","R","BOSS","M","?","$","M","$","E","R","E","T","M"],"build_version":"2018-12-20","purchased_purges":4,"victory":false,"max_hp_per_floor":[71,71,71,71,71,71,71,71,71,71,71,71,71,71,71,71,71,71,71,71,71,71,71,71,71,71,71],"card_choices":[{"not_picked":["Tempest","Doom and Gloom"],"picked":"Glacier","floor":1},{"not_picked":["Leap","Beam Cell"],"picked":"Self Repair","floor":4},{"not_picked":["Machine Learning","Sweeping Beam"],"picked":"Cold Snap","floor":7},{"not_picked":["Conserve Battery","Stack"],"picked":"Barrage","floor":8},{"not_picked":["Rainbow","Rebound"],"picked":"Cold Snap","floor":11},{"not_picked":["Steam","Turbo"],"picked":"Go for the Eyes","floor":12},{"not_picked":["Turbo","Fusion"],"picked":"Barrage","floor":14},{"not_picked":["All For One","Seek","Fission"],"picked":"Machine Learning","floor":16},{"not_picked":["Cold Snap","Ball Lightning+1","Rip and Tear"],"picked":"Coolheaded","floor":18},{"not_picked":["Turbo","Meteor Strike","Gash"],"picked":"Melter","floor":21},{"not_picked":["Sweeping Beam","Conserve Battery","Fusion"],"picked":"Loop","floor":23},{"not_picked":["Hyperbeam","All For One","Conserve Battery"],"picked":"Go for the Eyes","floor":25}],"player_experience":1062248,"relics_obtained":[{"floor":0,"key":"PreservedInsect"},{"floor":0,"key":"Sundial"},{"floor":0,"key":"Emotion Chip"},{"floor":7,"key":"Smiling Mask"},{"floor":9,"key":"Centennial Puzzle"},{"floor":14,"key":"Question Card"},{"floor":23,"key":"Bag of Preparation"},{"floor":25,"key":"Whetstone"},{"floor":26,"key":"Bronze Scales"}],"event_choices":[{"damage_healed":0,"gold_gain":0,"player_choice":"Ignored","damage_taken":0,"max_hp_gain":0,"max_hp_loss":0,"event_name":"Liars Game","floor":2,"gold_loss":0},{"damage_healed":0,"gold_gain":75,"player_choice":"Gather Gold","damage_taken":11,"max_hp_gain":0,"max_hp_loss":0,"event_name":"World of Goop","floor":3,"gold_loss":0},{"damage_healed":0,"gold_gain":0,"player_choice":"Read","damage_taken":0,"max_hp_gain":0,"max_hp_loss":0,"event_name":"The Library","floor":19,"gold_loss":0,"cards_obtained":["Defragment"]}],"is_beta":false,"boss_relics":[{"not_picked":["Tiny House","Astrolabe"],"picked":"Inserter"}],"items_purged_floors":[5,10,20,22],"is_endless":false,"potions_floor_spawned":[4,7,8,21,25],"killed_by":"3 Cultists","ascension_level":15}