{"gold_per_floor":[118,135,135,135,158,158,193,193,246,287,301,301,53,21,21,142,142,157,157,35,53,77,77,100,114,114,114,129,129,129,32,32,133,133,150,150,250,268,21,21,56,56,56,81,81,41,58,58,58,58],"floor_reached":51,"playtime":2052,"items_purged":["Injury","Zap","Strike_B","Defend_B"],"score":963,"play_id":"2d80b242-f382-4529-a6f0-db5327557e6a","local_time":"20190413020434","is_ascension_mode":true,"campfire_choices":[{"data":"Darkness","floor":6.0,"key":"SMITH"},{"data":"Genetic Algorithm","floor":8.0,"key":"SMITH"},{"data":"Darkness","floor":12.0,"key":"SMITH"},{"data":"Streamline","floor":15.0,"key":"SMITH"},{"data":"Self Repair","floor":23.0,"key":"SMITH"},{"data":"Fusion","floor":27.0,"key":"SMITH"},{"data":"Loop","floor":32.0,"key":"SMITH"},{"data":"Lockon","floor":40,"key":"SMITH"},{"data":"Master of Strategy","floor":45,"key":"SMITH"},{"data":"Deep Breath","floor":49,"key":"SMITH"}],"neow_cost":"NONE","seed_source_timestamp":0,"circlet_count":0,"master_deck":["Strike_B","Strike_B","Defend_B","Defend_B","Defend_B","Dualcast+1","Genetic Algorithm+1","Darkness+1","Darkness+1","Conserve Battery","Multi-Cast","Self Repair+1","Redo","Fusion+1","Go for the Eyes+1","Turbo","Stack+1","Skim","Loop+1","Amplify","Lockon+1","Leap","Master of Strategy+1","Reinforced Body+1","Conserve Battery+1","Deep Breath+1"],"special_seed":0,"relics":["Coffee Dripper","Bloody Idol","CultistMask","Anchor","Bag of Marbles","Juzu Bracelet","Membership Card","Orrery","Letter Opener","Blood Vial","Vajra","Black Star","Ginger","Lantern","Boot","Art of War","Bottled Lightning","Bag of Preparation","Happy Flower"],"potions_floor_usage":[50,50,50],"damage_taken":[{"damage":7.0,"enemies":"Small Slimes","floor":1.0,"turns":3.0},{"damage":2.0,"enemies":"Jaw Worm","floor":2.0,"turns":2.0},{"damage":0.0,"enemies":"Cultist","floor":5.0,"turns":4.0},{"damage":27.0,"enemies":"Lagavulin","floor":7.0,"turns":6.0},{"damage":20.0,"enemies":"3 Sentries","floor":10.0,"turns":5.0},{"damage":0.0,"enemies":"Blue Slaver","floor":11.0,"turns":3.0},{"damage":0.0,"enemies":"Slime Boss","floor":16.0,"turns":6.0},{"damage":15.0,"enemies":"3 Byrds","floor":18.0,"turns":4.0},{"damage":0.0,"enemies":"Spheric Guardian","floor":21.0,"turns":3.0},{"damage":42.0,"enemies":"Snecko","floor":22.0,"turns":6.0},{"damage":11.0,"enemies":"Sentry and Sphere","floor":24.0,"turns":3.0},{"damage":26.0,"enemies":"Snake Plant","floor":25.0,"turns":3.0},{"damage":1.0,"enemies":"Centurion and Healer","floor":28.0,"turns":3.0},{"damage":32.0,"enemies":"Collector","floor":33.0,"turns":8.0},{"damage":27,"enemies":"3 Darklings","floor":35,"turns":5},{"damage":18,"enemies":"Mind Bloom Boss Battle","floor":37,"turns":6},{"damage":4,"enemies":"3 Shapes","floor":38,"turns":4},{"damage":12,"enemies":"Giant Head","floor":41,"turns":5},{"damage":0,"enemies":"Reptomancer","floor":44,"turns":2},{"damage":4,"enemies":"Maw","floor":47,"turns":5},{"damage":70,"enemies":"Donu and Deca","floor":50,"turns":6}],"seed_played":"5108347850408920217","potions_obtained":[{"floor":2.0,"key":"FearPotion"},{"floor":7.0,"key":"Explosive Potion"},{"floor":10.0,"key":"Poison Potion"},{"floor":11.0,"key":"Poison Potion"},{"floor":25.0,"key":"Fire Potion"},{"floor":28.0,"key":"Ancient Potion"},{"floor":33.0,"key":"FocusPotion"},{"floor":44,"key":"PowerPotion"}],"is_trial":false,"path_per_floor":["M","M","?","?","M","R","E","R","T","E","M","R","$","?","R","B",null,"M","?","$","M","M","R","M","M","T","R","M","?","?","$","R","B",null,"M","?","?","M","$","R","E","?","T","E","R","?","M","?","R","B",null],"character_chosen":"DEFECT","items_purchased":["Membership Card","Blood Vial","Loop","Master of Strategy","Lantern"],"campfire_rested":0,"item_purchase_floors":[13,20,31,39,39],"current_hp_per_floor":[68,66,66,66,66,66,39,39,39,19,19,19,19,19,19,19,75,67,67,67,69,36,36,37,23,23,23,34,34,34,34,34,19,75,63,63,62,75,75,75,75,75,75,75,75,75,75,75,75,15],"gold":58,"neow_bonus":"BOSS_RELIC","is_prod":false,"is_daily":false,"chose_seed":false,"campfire_upgraded":10,"win_rate":0,"timestamp":1555146274,"path_taken":["M","M","?","?","?","R","E","R","T","E","M","R","$","?","R","BOSS","M","?","$","M","M","R","M","M","T","R","M","?","?","$","R","BOSS","M","?","?","M","$","R","E","?","T","E","R","?","M","?","R","BOSS"],"build_version":"2019-01-23","purchased_purges":4,"victory":true,"max_hp_per_floor":[75,75,75,75,75,75,75,75,75,75,75,75,75,75,75,75,75,75,75,75,75,75,75,75,75,75,75,75,75,75,75,75,75,75,75,75,75,75,75,75,75,75,75,75,75,75,75,75,75,75],"card_choices":[{"not_picked":["Cold Snap","Lockon"],"picked":"Streamline","floor":1.0},{"not_picked":["Auto Shields","Go for the Eyes"],"picked":"Genetic Algorithm","floor":2.0},{"not_picked":["Capacitor","Beam Cell"],"picked":"Darkness","floor":5.0},{"not_picked":["Gash","Sweeping Beam"],"picked":"Darkness","floor":7.0},{"not_picked":["Static Discharge","Reprogram","Hyperbeam"],"picked":"SKIP","floor":10.0},{"not_picked":["Blizzard","Beam Cell"],"picked":"Conserve Battery","floor":11.0},{"not_picked":["Machine Learning","Electrodynamics"],"picked":"Multi-Cast","floor":16.0},{"not_picked":["Genetic Algorithm","Reinforced Body"],"picked":"Self Repair","floor":17.0},{"not_picked":["Stack","Lockon"],"picked":"Redo","floor":17.0},{"not_picked":["Leap","Stack"],"picked":"Fusion","floor":17.0},{"not_picked":["Beam Cell","Cold Snap"],"picked":"Go for the Eyes","floor":17.0},{"not_picked":["Rebound","Static Discharge"],"picked":"Turbo","floor":18.0},{"not_picked":["Undo","Force Field","Beam Cell"],"picked":"SKIP","floor":21.0},{"not_picked":["Static Discharge","Sunder","Stack"],"picked":"SKIP","floor":22.0},{"not_picked":["Go for the Eyes+1","Ball Lightning","Hello World"],"picked":"SKIP","floor":24.0},{"not_picked":["Reprogram","Capacitor"],"picked":"Stack+1","floor":25.0},{"not_picked":["Turbo+1","Reboot"],"picked":"Skim","floor":28.0},{"not_picked":["Echo Form","All For One"],"picked":"Amplify","floor":33.0},{"not_picked":["Aggregate","Turbo+1"],"picked":"Lockon","floor":35},{"not_picked":["Sweeping Beam","Steam"],"picked":"Leap","floor":37},{"not_picked":["Compile Driver","Blizzard","Streamline"],"picked":"SKIP","floor":38},{"not_picked":["Steam","Ball Lightning"],"picked":"Reinforced Body+1","floor":41},{"not_picked":["Ball Lightning+1","Gash"],"picked":"Conserve Battery+1","floor":44},{"not_picked":["Coolheaded+1","Beam Cell","Amplify"],"picked":"SKIP","floor":47},{"not_picked":["Bandage Up","Discovery"],"picked":"Deep Breath","floor":48}],"player_experience":1276870,"relics_obtained":[{"floor":7.0,"key":"Anchor"},{"floor":9.0,"key":"Bag of Marbles"},{"floor":10.0,"key":"Juzu Bracelet"},{"floor":26.0,"key":"Vajra"},{"floor":37,"key":"Ginger"},{"floor":41,"key":"Boot"},{"floor":41,"key":"Art of War"},{"floor":43,"key":"Bottled Lightning"},{"floor":44,"key":"Bag of Preparation"},{"floor":44,"key":"Happy Flower"}],"event_choices":[{"damage_healed":0.0,"max_hp_gain":0.0,"max_hp_loss":0.0,"gold_gain":0.0,"event_name":"Golden Idol","player_choice":"Take Wound","floor":3.0,"gold_loss":0.0,"damage_taken":0.0,"relics_obtained":["Golden Idol"],"cards_obtained":["Injury"]},{"damage_healed":0.0,"max_hp_gain":0.0,"max_hp_loss":0.0,"gold_gain":0.0,"event_name":"FaceTrader","player_choice":"Trade","floor":4.0,"gold_loss":0.0,"damage_taken":0.0,"relics_obtained":["CultistMask"]},{"damage_healed":0.0,"max_hp_gain":0.0,"max_hp_loss":0.0,"gold_gain":0.0,"event_name":"World of Goop","player_choice":"Left Gold","floor":14.0,"gold_loss":32.0,"damage_taken":0.0},{"damage_healed":0.0,"max_hp_gain":0.0,"max_hp_loss":0.0,"gold_gain":0.0,"event_name":"WeMeetAgain","player_choice":"Gave Potion","floor":19.0,"gold_loss":0.0,"damage_taken":0.0,"relics_obtained":["Letter Opener"]},{"damage_healed":0.0,"max_hp_gain":0.0,"max_hp_loss":0.0,"gold_gain":0.0,"event_name":"Forgotten Altar","player_choice":"Gave Idol","floor":29.0,"relics_lost":["Golden Idol"],"gold_loss":0.0,"damage_taken":0.0,"relics_obtained":["Bloody Idol"]},{"cards_removed":["Strike_B"],"damage_healed":0.0,"max_hp_gain":0.0,"max_hp_loss":0.0,"gold_gain":0.0,"event_name":"Purifier","player_choice":"Purged","floor":30.0,"gold_loss":0.0,"damage_taken":0.0},{"damage_healed":0,"gold_gain":0,"player_choice":"Ignored","damage_taken":0,"max_hp_gain":0,"max_hp_loss":0,"event_name":"Tomb of Lord Red Mask","floor":36,"gold_loss":0},{"damage_healed":0,"gold_gain":0,"player_choice":"Fight","damage_taken":0,"max_hp_gain":0,"max_hp_loss":0,"event_name":"MindBloom","floor":37,"gold_loss":0},{"cards_removed":["Streamline"],"damage_healed":0,"gold_gain":0,"player_choice":"Removed Attack","damage_taken":0,"max_hp_gain":0,"max_hp_loss":0,"event_name":"Falling","floor":42,"gold_loss":0},{"damage_healed":0,"gold_gain":0,"player_choice":"Upgraded Two","damage_taken":0,"max_hp_gain":0,"max_hp_loss":0,"event_name":"Designer","floor":46,"gold_loss":40,"cards_upgraded":["Go for the Eyes","Dualcast"]},{"damage_healed":0,"gold_gain":0,"player_choice":"Memory 1","damage_taken":0,"max_hp_gain":0,"max_hp_loss":0,"event_name":"SensoryStone","floor":48,"gold_loss":0}],"is_beta":false,"boss_relics":[{"not_picked":["Inserter","Astrolabe"],"picked":"Orrery"},{"not_picked":["Calling Bell","Busted Crown"],"picked":"Black Star"}],"items_purged_floors":[13,20,31,39],"is_endless":false,"potions_floor_spawned":[2,7,10,11,25,28,33,35,44],"ascension_level":4}