{"gold_per_floor":[114,114,17,28,38,38,57,57,57,57,57,90,110,55,55,152,152,163,163,181,181,200,200,262,262,312,312,362,362,374,201,201,299,299,309,326,342,342,22,22,37,51,128,128,160,160,178,28,28,28],"floor_reached":51,"playtime":3182,"items_purged":["Defend_G","Writhe","Die Die Die+1","Glass Knife+1"],"score":1242,"play_id":"8aa51a8b-00ac-436e-8fd3-45e2a8497f04","local_time":"20190409235123","is_ascension_mode":true,"campfire_choices":[{"data":"Well Laid Plans","floor":6.0,"key":"SMITH"},{"data":"Neutralize","floor":8.0,"key":"SMITH"},{"data":"Deadly Poison","floor":10.0,"key":"SMITH"},{"floor":15.0,"key":"REST"},{"data":"Footwork","floor":23.0,"key":"SMITH"},{"floor":27.0,"key":"REST"},{"data":"Bouncing Flask","floor":29.0,"key":"SMITH"},{"floor":32.0,"key":"REST"},{"floor":40,"key":"REST"},{"data":"Catalyst","floor":44,"key":"SMITH"},{"floor":49,"key":"REST"}],"neow_cost":"NONE","seed_source_timestamp":0,"circlet_count":0,"master_deck":["AscendersBane","Survivor","Neutralize+1","Well Laid Plans+1","Deadly Poison","Deadly Poison","Deadly Poison+1","Backflip+1","Blur","Blur","Corpse Explosion","Calculated Gamble","Well Laid Plans","Night Terror+1","After Image","Footwork+1","Dodge and Roll","Bouncing Flask+1","Tools of the Trade","Blur","Dodge and Roll+1","Escape Plan","Bullet Time","Dodge and Roll","Madness","Madness","Caltrops","Catalyst+1","Blur","PiercingWail+1","Footwork"],"special_seed":0,"relics":["Ring of the Snake","Juzu Bracelet","Happy Flower","Question Card","Thread and Needle","Pandora\u0027s Box","Tiny Chest","Orichalcum","Whetstone","War Paint","Sozu","Snake Skull","Bottled Tornado","Centennial Puzzle"],"potions_floor_usage":[41],"damage_taken":[{"damage":2.0,"enemies":"2 Louse","floor":1.0,"turns":3.0},{"damage":0.0,"enemies":"Cultist","floor":4.0,"turns":4.0},{"damage":8.0,"enemies":"Small Slimes","floor":5.0,"turns":4.0},{"damage":0.0,"enemies":"Blue Slaver","floor":7.0,"turns":4.0},{"damage":4.0,"enemies":"Lagavulin","floor":12.0,"turns":6.0},{"damage":6.0,"enemies":"Looter","floor":13.0,"turns":3.0},{"damage":0.0,"enemies":"The Guardian","floor":16.0,"turns":10.0},{"damage":3.0,"enemies":"3 Byrds","floor":18.0,"turns":4.0},{"damage":0.0,"enemies":"Chosen","floor":20.0,"turns":4.0},{"damage":0.0,"enemies":"Centurion and Healer","floor":22.0,"turns":7.0},{"damage":33.0,"enemies":"Slavers","floor":24.0,"turns":5.0},{"damage":15.0,"enemies":"Snake Plant","floor":30.0,"turns":5.0},{"damage":29.0,"enemies":"Collector","floor":33.0,"turns":11.0},{"damage":8,"enemies":"3 Shapes","floor":35,"turns":5},{"damage":0,"enemies":"3 Darklings","floor":36,"turns":3},{"damage":2,"enemies":"Maw","floor":37,"turns":9},{"damage":16,"enemies":"Transient","floor":41,"turns":5},{"damage":0,"enemies":"Sphere and 2 Shapes","floor":42,"turns":5},{"damage":0,"enemies":"Nemesis","floor":45,"turns":7},{"damage":16,"enemies":"Spire Growth","floor":47,"turns":6},{"damage":8,"enemies":"Time Eater","floor":50,"turns":14}],"seed_played":"5441721064537744606","potions_obtained":[{"floor":4.0,"key":"LiquidBronze"},{"floor":7.0,"key":"GhostInAJar"},{"floor":12.0,"key":"EssenceOfSteel"},{"floor":30.0,"key":"Dexterity Potion"}],"is_trial":false,"path_per_floor":["M","?","$","M","M","R","M","R","T","R","?","E","M","?","R","B",null,"M","?","M","?","M","R","E","?","T","R","T","R","M","$","R","B",null,"M","M","M","?","$","R","M","M","T","R","E","?","M","$","R","B",null],"character_chosen":"THE_SILENT","items_purchased":["Deadly Poison","Escape Plan","Snake Skull","Caltrops"],"campfire_rested":5,"item_purchase_floors":[3,31,39,39],"current_hp_per_floor":[61,54,54,54,46,46,46,46,46,46,46,42,36,36,57,57,67,64,64,64,64,64,64,31,31,31,52,52,52,37,37,58,29,60,52,52,50,41,41,62,46,46,46,46,46,46,30,30,51,43],"gold":28,"neow_bonus":"RANDOM_COMMON_RELIC","is_prod":false,"is_daily":false,"chose_seed":false,"campfire_upgraded":6,"win_rate":0,"timestamp":1554879083,"path_taken":["M","?","$","M","M","R","M","R","T","R","?","E","M","?","R","BOSS","M","?","M","?","M","R","E","?","T","R","?","R","M","$","R","BOSS","M","M","M","?","$","R","M","M","T","R","E","?","M","$","R","BOSS"],"build_version":"2019-01-23","purchased_purges":4,"victory":true,"max_hp_per_floor":[70,70,70,70,70,70,70,70,70,70,70,70,70,70,70,70,70,70,70,70,70,70,70,70,70,70,70,70,70,70,70,70,70,70,70,70,70,70,70,70,70,70,70,70,70,70,70,70,70,70],"card_choices":[{"not_picked":["Slice","Underhanded Strike"],"picked":"Well Laid Plans","floor":1.0},{"not_picked":["Concentrate","Masterful Stab"],"picked":"Deadly Poison","floor":4.0},{"not_picked":["Acrobatics","Flying Knee"],"picked":"Deadly Poison","floor":5.0},{"not_picked":["Outmaneuver","Blade Dance"],"picked":"Backflip","floor":7.0},{"not_picked":["Blade Dance","Night Terror"],"picked":"Blur","floor":12.0},{"not_picked":["All Out Attack","Flying Knee","Prepared"],"picked":"Blur","floor":13.0},{"not_picked":["Night Terror","Wraith Form v2","Die Die Die"],"picked":"Corpse Explosion","floor":16.0},{"not_picked":["Backflip+1","Prepared","Dagger Spray"],"picked":"Dodge and Roll","floor":18.0},{"not_picked":["Caltrops","Predator","Dagger Spray"],"picked":"Blur","floor":20.0},{"not_picked":["Terror","Acrobatics","Outmaneuver","Underhanded Strike"],"picked":"SKIP","floor":22.0},{"not_picked":["Finisher","Blade Dance","All Out Attack","Slice"],"picked":"SKIP","floor":24.0},{"not_picked":["Prepared","Flying Knee","Bouncing Flask"],"picked":"Dodge and Roll+1","floor":30.0},{"not_picked":["Die Die Die","Night Terror","Unload"],"picked":"Bullet Time","floor":33.0},{"not_picked":["Sucker Punch","Predator","Bane","Prepared+1"],"picked":"SKIP","floor":35},{"not_picked":["Prepared","Heel Hook","Infinite Blades","Deflect"],"picked":"SKIP","floor":36},{"not_picked":["Deflect","Backstab","Accuracy"],"picked":"Dodge and Roll","floor":37},{"not_picked":["Masterful Stab","Calculated Gamble","Underhanded Strike"],"picked":"Catalyst","floor":41},{"not_picked":["Infinite Blades","Acrobatics","Bane"],"picked":"Blur","floor":42},{"not_picked":["Dash","Storm of Steel","Expertise"],"picked":"PiercingWail+1","floor":45},{"not_picked":["Backflip","Expertise+1","Calculated Gamble"],"picked":"Footwork","floor":47}],"player_experience":1268680,"relics_obtained":[{"floor":9.0,"key":"Happy Flower"},{"floor":12.0,"key":"Question Card"},{"floor":24.0,"key":"Tiny Chest"},{"floor":26.0,"key":"Whetstone"},{"floor":28.0,"key":"War Paint"},{"floor":43,"key":"Bottled Tornado"},{"floor":45,"key":"Centennial Puzzle"}],"event_choices":[{"damage_healed":0.0,"max_hp_gain":0.0,"max_hp_loss":0.0,"gold_gain":0.0,"event_name":"Wheel of Change","player_choice":"Damaged","floor":2.0,"gold_loss":0.0,"damage_taken":7.0},{"damage_healed":0.0,"max_hp_gain":0.0,"max_hp_loss":0.0,"gold_gain":0.0,"event_name":"Scrap Ooze","player_choice":"Fled","floor":11.0,"gold_loss":0.0,"damage_taken":0.0},{"damage_healed":0.0,"max_hp_gain":0.0,"max_hp_loss":0.0,"gold_gain":0.0,"event_name":"WeMeetAgain","player_choice":"Paid Gold","floor":14.0,"gold_loss":55.0,"damage_taken":0.0,"relics_obtained":["Thread and Needle"]},{"damage_healed":0.0,"max_hp_gain":0.0,"max_hp_loss":0.0,"gold_gain":0.0,"cards_transformed":["Grand Finale","Quick Slash"],"event_name":"Drug Dealer","player_choice":"Became Test Subject","floor":19.0,"gold_loss":0.0,"damage_taken":0.0,"cards_obtained":["Bouncing Flask","Tools of the Trade"]},{"damage_healed":0.0,"max_hp_gain":0.0,"max_hp_loss":0.0,"gold_gain":0.0,"event_name":"Vampires","player_choice":"Ignored","floor":21.0,"gold_loss":0.0,"damage_taken":0.0},{"damage_healed":0.0,"max_hp_gain":0.0,"max_hp_loss":0.0,"gold_gain":0.0,"event_name":"The Mausoleum","player_choice":"Opened","floor":25.0,"gold_loss":0.0,"damage_taken":0.0,"relics_obtained":["Orichalcum"],"cards_obtained":["Writhe"]},{"damage_healed":0,"gold_gain":0,"player_choice":"Embrace Madness","damage_taken":9,"max_hp_gain":0,"max_hp_loss":0,"event_name":"Winding Halls","floor":38,"gold_loss":0,"cards_obtained":["Madness","Madness"]},{"damage_healed":0,"gold_gain":0,"player_choice":"Ignored","damage_taken":0,"max_hp_gain":0,"max_hp_loss":0,"event_name":"Tomb of Lord Red Mask","floor":46,"gold_loss":0}],"is_beta":false,"boss_relics":[{"not_picked":["Eternal Feather","Astrolabe"],"picked":"Pandora\u0027s Box"},{"not_picked":["Empty Cage","Runic Dome"],"picked":"Sozu"}],"items_purged_floors":[3,31,39,48],"is_endless":false,"potions_floor_spawned":[4,7,12,13,18,20,30,35,37,47],"ascension_level":12}