{"gold_per_floor":[112,122,133,133,58,58,93,93,93,93,93,108,121,141,141,237,237,237],"floor_reached":18,"playtime":1406,"items_purged":["Strike_R"],"score":162,"play_id":"5f491fc6-62a5-4a41-b02b-6c75730cd6ac","local_time":"20190810224737","is_ascension_mode":false,"campfire_choices":[{"data":"Defend_R","floor":6,"key":"SMITH"},{"data":"Defend_R","floor":8,"key":"SMITH"},{"data":"Defend_R","floor":10,"key":"SMITH"},{"data":"Rage","floor":15,"key":"SMITH"}],"neow_cost":"NONE","seed_source_timestamp":339511415472300,"circlet_count":0,"master_deck":["Strike_R","Strike_R","Strike_R","Strike_R","Defend_R","Defend_R+1","Defend_R+1","Defend_R+1","Bash","Body Slam+1","Rage+1","Infernal Blade","Barricade","Armaments","Iron Wave"],"relics":["Burning Blood","NeowsBlessing","Champion Belt","Mummified Hand","FaceOfCleric","Orrery"],"potions_floor_usage":[16,16],"damage_taken":[{"damage":0,"enemies":"Small Slimes","floor":1,"turns":1},{"damage":0,"enemies":"Cultist","floor":2,"turns":1},{"damage":0,"enemies":"2 Louse","floor":3,"turns":1},{"damage":45,"enemies":"3 Sentries","floor":7,"turns":14},{"damage":0,"enemies":"Red Slaver","floor":12,"turns":3},{"damage":12,"enemies":"Exordium Thugs","floor":13,"turns":6},{"damage":0,"enemies":"Blue Slaver","floor":14,"turns":3},{"damage":36,"enemies":"Slime Boss","floor":16,"turns":12},{"damage":20,"enemies":"Shell Parasite","floor":18,"turns":9}],"seed_played":"-769349571062926645","potions_obtained":[{"floor":7,"key":"SkillPotion"},{"floor":13,"key":"AttackPotion"},{"floor":14,"key":"Dexterity Potion"}],"is_trial":false,"path_per_floor":["M","M","M","?","$","R","E","R","T","R","?","M","M","M","R","B",null,"M"],"character_chosen":"IRONCLAD","items_purchased":[],"campfire_rested":0,"item_purchase_floors":[],"current_hp_per_floor":[80,80,80,80,80,80,41,41,41,41,41,48,43,50,50,21,84,64],"gold":237,"neow_bonus":"THREE_ENEMY_KILL","is_prod":false,"is_daily":false,"chose_seed":false,"campfire_upgraded":4,"win_rate":0.0,"timestamp":1565441257,"path_taken":["M","M","M","?","?","R","E","R","T","R","?","M","?","M","R","BOSS","M"],"build_version":"2019-07-17","purchased_purges":1,"victory":false,"max_hp_per_floor":[80,80,80,80,80,80,80,80,80,80,80,81,82,83,83,84,84,84],"card_choices":[{"not_picked":["True Grit","Heavy Blade","Rampage"],"picked":"SKIP","floor":1},{"not_picked":["Wild Strike","Headbutt"],"picked":"Body Slam","floor":2},{"not_picked":["Flex","Reckless Charge","Clash"],"picked":"SKIP","floor":3},{"not_picked":["Sentinel","Clash","Thunderclap"],"picked":"SKIP","floor":7},{"not_picked":["Rampage","Sever Soul"],"picked":"Rage","floor":12},{"not_picked":["Clothesline","Blood for Blood","Thunderclap"],"picked":"SKIP","floor":13},{"not_picked":["Inflame","Clash"],"picked":"Infernal Blade","floor":14},{"not_picked":["Double Tap","Fiend Fire"],"picked":"Barricade","floor":16},{"not_picked":["Shrug It Off","Iron Wave"],"picked":"Armaments","floor":17},{"not_picked":["Clothesline","Cleave"],"picked":"Iron Wave","floor":17}],"player_experience":20388,"relics_obtained":[{"floor":7,"key":"Champion Belt"},{"floor":9,"key":"Mummified Hand"}],"event_choices":[{"damage_healed":0,"gold_gain":0,"player_choice":"Upgraded","damage_taken":0,"max_hp_gain":0,"max_hp_loss":0,"event_name":"Upgrade Shrine","floor":4,"gold_loss":0,"cards_upgraded":["Body Slam"]},{"damage_healed":0,"gold_gain":0,"player_choice":"Trade","damage_taken":0,"relics_obtained":["FaceOfCleric"],"max_hp_gain":0,"max_hp_loss":0,"event_name":"FaceTrader","floor":11,"gold_loss":0}],"is_beta":false,"boss_relics":[{"not_picked":["Lizard Tail","Coffee Dripper"],"picked":"Orrery"}],"items_purged_floors":[5],"is_endless":false,"potions_floor_spawned":[7,13,14],"killed_by":"Shell Parasite","ascension_level":0}