{"gold_per_floor":[113,188,45,61,61,61,61,74,153,171,171,171,201,219,219,219],"floor_reached":16,"playtime":393,"items_purged":[],"score":195,"play_id":"400cbeb2-d8e9-4ad7-a833-dcbc432a5e6a","local_time":"20190701213815","is_ascension_mode":true,"campfire_choices":[{"data":"Zap","floor":6.0,"key":"SMITH"},{"data":"Dualcast","floor":11.0,"key":"SMITH"},{"data":"Scrape","floor":15,"key":"SMITH"}],"neow_cost":"NONE","seed_source_timestamp":0,"circlet_count":0,"master_deck":["AscendersBane","Strike_B","Strike_B","Strike_B","Strike_B","Defend_B","Defend_B","Defend_B","Defend_B","Zap+1","Dualcast+1","Gash","Scrape+1","Go for the Eyes","Sweeping Beam","Steam","Turbo+1","Steam+1","Hello World"],"special_seed":0,"relics":["Coffee Dripper","Toxic Egg 2","Oddly Smooth Stone"],"potions_floor_usage":[13,14,16],"damage_taken":[{"damage":0.0,"enemies":"2 Louse","floor":1.0,"turns":3.0},{"damage":0.0,"enemies":"Cultist","floor":4.0,"turns":3.0},{"damage":7.0,"enemies":"Small Slimes","floor":8.0,"turns":3.0},{"damage":0.0,"enemies":"2 Fungi Beasts","floor":10.0,"turns":2.0},{"damage":33,"enemies":"Lagavulin","floor":13,"turns":7},{"damage":7,"enemies":"Lots of Slimes","floor":14,"turns":4},{"damage":24,"enemies":"The Guardian","floor":16,"turns":2}],"seed_played":"-8211168680327219976","potions_obtained":[{"floor":4.0,"key":"FocusPotion"},{"floor":10.0,"key":"Energy Potion"},{"floor":13,"key":"FearPotion"},{"floor":14,"key":"Strength Potion"}],"is_trial":false,"path_per_floor":["M","?","$","M","?","R","$","M","T","M","R","?","E","M","R","B"],"character_chosen":"DEFECT","items_purchased":["Scrape","Go for the Eyes"],"campfire_rested":0,"item_purchase_floors":[3,3],"current_hp_per_floor":[64,53,53,53,53,53,53,46,46,46,46,46,13,6,6,0],"gold":219,"neow_bonus":"BOSS_RELIC","is_prod":false,"is_daily":false,"chose_seed":false,"campfire_upgraded":3,"win_rate":0,"timestamp":1562042295,"path_taken":["M","?","$","M","?","R","$","M","T","M","R","?","E","?","R","BOSS"],"build_version":"2019-07-01","purchased_purges":0,"victory":false,"max_hp_per_floor":[71,71,71,71,71,71,71,71,71,71,71,71,71,71,71,71],"card_choices":[{"not_picked":["Aggregate","Skim"],"picked":"Gash","floor":1.0},{"not_picked":["Defragment","Barrage"],"picked":"Sweeping Beam","floor":4.0},{"not_picked":["Cold Snap","Conserve Battery"],"picked":"Steam","floor":8.0},{"not_picked":["Rip and Tear","Leap+1"],"picked":"Turbo+1","floor":10.0},{"not_picked":["Steam Power+1","White Noise+1"],"picked":"Steam+1","floor":13},{"not_picked":["Barrage","Turbo+1"],"picked":"Hello World","floor":14}],"player_experience":1420876,"relics_obtained":[{"floor":9.0,"key":"Toxic Egg 2"},{"floor":13,"key":"Oddly Smooth Stone"}],"event_choices":[{"damage_healed":0.0,"max_hp_gain":0.0,"max_hp_loss":0.0,"gold_gain":75.0,"event_name":"World of Goop","player_choice":"Gather Gold","floor":2.0,"gold_loss":0.0,"damage_taken":11.0},{"damage_healed":0.0,"max_hp_gain":0.0,"max_hp_loss":0.0,"gold_gain":0.0,"event_name":"Liars Game","player_choice":"Ignored","floor":5.0,"gold_loss":0.0,"damage_taken":0.0},{"damage_healed":0,"gold_gain":0,"player_choice":"Leave","damage_taken":0,"max_hp_gain":0,"max_hp_loss":0,"event_name":"FaceTrader","floor":12,"gold_loss":0}],"is_beta":false,"boss_relics":[],"items_purged_floors":[],"is_endless":false,"potions_floor_spawned":[4,10,13,14],"killed_by":"The Guardian","ascension_level":19}