{"gold_per_floor":[112,112,132,4,4,4,4,24,24,43,43,57,81,106,106,106],"floor_reached":16,"playtime":485,"items_purged":["Strike_R"],"score":188,"play_id":"3531805f-9093-48b2-8d6a-65f1c3a97145","local_time":"20190710211827","is_ascension_mode":true,"campfire_choices":[{"floor":11,"key":"REST"},{"floor":15,"key":"REST"}],"neow_cost":"PERCENT_DAMAGE","seed_source_timestamp":1195813991464145,"circlet_count":0,"master_deck":["AscendersBane","Strike_R","Strike_R","Strike_R","Defend_R","Defend_R","Defend_R","Bash","Flex","Inflame","Flex","Burning Pact","Sword Boomerang","Injury","Whirlwind","Thunderclap","Warcry","Whirlwind"],"relics":["Burning Blood","Lantern","Golden Idol","Mercury Hourglass"],"potions_floor_usage":[],"damage_taken":[{"damage":12,"enemies":"Cultist","floor":1,"turns":4},{"damage":19,"enemies":"Jaw Worm","floor":3,"turns":4},{"damage":15,"enemies":"2 Louse","floor":8,"turns":4},{"damage":12,"enemies":"2 Fungi Beasts","floor":10,"turns":2},{"damage":11,"enemies":"Blue Slaver","floor":12,"turns":3},{"damage":10,"enemies":"Large Slime","floor":13,"turns":4},{"damage":8,"enemies":"3 Louse","floor":14,"turns":3},{"damage":60,"enemies":"Hexaghost","floor":16,"turns":7}],"seed_played":"-5558046862981032746","potions_obtained":[{"floor":1,"key":"LiquidBronze"},{"floor":10,"key":"Explosive Potion"},{"floor":12,"key":"Energy Potion"}],"is_trial":false,"path_per_floor":["M","?","M","$","?","?","?","M","T","M","R","M","M","M","R","B"],"character_chosen":"IRONCLAD","items_purchased":["Sword Boomerang"],"campfire_rested":2,"item_purchase_floors":[4],"current_hp_per_floor":[44,49,36,36,31,31,31,22,22,16,40,35,31,29,53,0],"gold":106,"neow_bonus":"TRANSFORM_TWO_CARDS","is_prod":false,"is_daily":false,"chose_seed":false,"campfire_upgraded":0,"win_rate":0,"timestamp":1562818707,"path_taken":["M","?","M","$","?","?","?","M","T","M","R","M","?","M","R","BOSS"],"build_version":"2019-07-05","purchased_purges":1,"victory":false,"max_hp_per_floor":[75,80,80,80,80,80,80,80,80,80,80,80,80,80,80,80],"card_choices":[{"not_picked":["Metallicize","Clash"],"picked":"Flex","floor":1},{"not_picked":["Dual Wield","Headbutt"],"picked":"Burning Pact","floor":3},{"not_picked":["Body Slam","Flame Barrier"],"picked":"Whirlwind","floor":8},{"not_picked":["Anger","Corruption","Iron Wave"],"picked":"SKIP","floor":10},{"not_picked":["Carnage","Ghostly Armor"],"picked":"Thunderclap","floor":12},{"not_picked":["Wild Strike","True Grit"],"picked":"Warcry","floor":13},{"not_picked":["Disarm","Havoc"],"picked":"Whirlwind","floor":14}],"player_experience":1435331,"relics_obtained":[{"floor":9,"key":"Mercury Hourglass"}],"event_choices":[{"damage_healed":0,"gold_gain":0,"player_choice":"Donut","damage_taken":0,"max_hp_gain":5,"max_hp_loss":0,"event_name":"Big Fish","floor":2,"gold_loss":0},{"damage_healed":0,"gold_gain":0,"player_choice":"Success","damage_taken":5,"relics_obtained":["Lantern"],"max_hp_gain":0,"max_hp_loss":0,"event_name":"Scrap Ooze","floor":5,"gold_loss":0},{"damage_healed":0,"gold_gain":0,"player_choice":"Take Wound","damage_taken":0,"relics_obtained":["Golden Idol"],"max_hp_gain":0,"max_hp_loss":0,"event_name":"Golden Idol","floor":6,"gold_loss":0,"cards_obtained":["Injury"]},{"damage_healed":0,"gold_gain":0,"player_choice":"Ignored","damage_taken":0,"max_hp_gain":0,"max_hp_loss":0,"event_name":"Liars Game","floor":7,"gold_loss":0}],"is_beta":false,"boss_relics":[],"items_purged_floors":[4],"is_endless":false,"potions_floor_spawned":[1,10,12],"killed_by":"Hexaghost","ascension_level":20}