{"gold_per_floor":[116,116,140,154,20,51,51,91,91,112,136,136,136,157,157,250,250,265,15,40,58,71,71,112,112,161,194,194,209,89,107,107,198,198,216,285,301,314,314,314,355,355,404,417,417,442,29,43,43,43],"floor_reached":51,"playtime":5771,"items_purged":["Injury","Strike_G","Decay"],"score":1321,"play_id":"59e16a7c-5e24-4361-bd3e-ef50cab87870","local_time":"20190814012439","is_ascension_mode":true,"campfire_choices":[{"data":"Dagger Spray","floor":7.0,"key":"SMITH"},{"floor":12.0,"key":"REST"},{"data":"Neutralize","floor":15.0,"key":"SMITH"},{"data":"Poisoned Stab","floor":23.0,"key":"SMITH"},{"floor":25.0,"key":"REST"},{"data":"Cloak And Dagger","floor":28.0,"key":"SMITH"},{"data":"Well Laid Plans","floor":32.0,"key":"SMITH"},{"floor":40,"key":"REST"},{"data":"Adrenaline","floor":42,"key":"SMITH"},{"data":"Well Laid Plans","floor":45,"key":"SMITH"},{"data":"Crippling Poison","floor":49,"key":"SMITH"}],"neow_cost":"NONE","seed_source_timestamp":1299931908905152,"circlet_count":0,"master_deck":["AscendersBane","Strike_G","Defend_G+1","Defend_G+1","Defend_G","Defend_G","Defend_G","Survivor","Neutralize+1","Poisoned Stab+1","Well Laid Plans+1","Dagger Spray+1","Calculated Gamble","PiercingWail","Envenom+1","PiercingWail","Corpse Explosion","PiercingWail","Poisoned Stab+1","Well Laid Plans+1","Cloak And Dagger+1","Cloak And Dagger+1","Leg Sweep+1","PiercingWail","Adrenaline+1","Infinite Blades+1","Choke+1","Masterful Stab+1","Backflip","Crippling Poison+1","PiercingWail","Leg Sweep+1","Acrobatics","Decay","Noxious Fumes+1","Acrobatics","Adrenaline+1","Backflip","Cloak And Dagger+1"],"special_seed":0,"relics":["Ring of the Snake","War Paint","Golden Idol","The Courier","Sundial","Pantograph","Cursed Key","TwistedFunnel","PreservedInsect","Bag of Preparation","Calipers","Astrolabe","FossilizedHelix","Turnip","Bronze Scales","Snake Skull","DollysMirror"],"potions_floor_usage":[38,44,50,50],"damage_taken":[{"damage":0.0,"enemies":"Jaw Worm","floor":1.0,"turns":5.0},{"damage":0.0,"enemies":"Small Slimes","floor":3.0,"turns":3.0},{"damage":3.0,"enemies":"Cultist","floor":4.0,"turns":5.0},{"damage":29.0,"enemies":"Lagavulin","floor":6.0,"turns":8.0},{"damage":21.0,"enemies":"Gremlin Nob","floor":8.0,"turns":5.0},{"damage":1.0,"enemies":"Red Slaver","floor":10.0,"turns":3.0},{"damage":1.0,"enemies":"Gremlin Gang","floor":11.0,"turns":2.0},{"damage":7.0,"enemies":"Exordium Wildlife","floor":14.0,"turns":4.0},{"damage":14.0,"enemies":"Hexaghost","floor":16.0,"turns":9.0},{"damage":8.0,"enemies":"Shell Parasite","floor":18.0,"turns":6.0},{"damage":3.0,"enemies":"Chosen","floor":20.0,"turns":5.0},{"damage":11.0,"enemies":"Sentry and Sphere","floor":21.0,"turns":5.0},{"damage":0.0,"enemies":"3 Cultists","floor":22.0,"turns":4.0},{"damage":12.0,"enemies":"Gremlin Leader","floor":24.0,"turns":8.0},{"damage":3.0,"enemies":"Slavers","floor":27.0,"turns":2.0},{"damage":8.0,"enemies":"Centurion and Healer","floor":29.0,"turns":6.0},{"damage":0.0,"enemies":"Snecko","floor":31.0,"turns":5.0},{"damage":35.0,"enemies":"Collector","floor":33.0,"turns":11.0},{"damage":0.0,"enemies":"Orb Walker","floor":35.0,"turns":4.0},{"damage":43.0,"enemies":"2 Orb Walkers","floor":36.0,"turns":5.0},{"damage":0.0,"enemies":"3 Darklings","floor":37.0,"turns":3.0},{"damage":0,"enemies":"Sphere and 2 Shapes","floor":38,"turns":5},{"damage":0,"enemies":"Nemesis","floor":41,"turns":5},{"damage":0,"enemies":"Transient","floor":44,"turns":5},{"damage":0,"enemies":"3 Darklings","floor":46,"turns":2},{"damage":0,"enemies":"4 Shapes","floor":48,"turns":4},{"damage":27,"enemies":"Time Eater","floor":50,"turns":11}],"seed_played":"5068435429726013309","potions_obtained":[{"floor":1.0,"key":"AttackPotion"},{"floor":6.0,"key":"SkillPotion"},{"floor":8.0,"key":"Swift Potion"},{"floor":10.0,"key":"PowerPotion"},{"floor":16.0,"key":"Weak Potion"},{"floor":20.0,"key":"Weak Potion"},{"floor":22.0,"key":"Swift Potion"},{"floor":27.0,"key":"AttackPotion"},{"floor":29.0,"key":"Dexterity Potion"},{"floor":37.0,"key":"Swift Potion"},{"floor":38,"key":"AttackPotion"},{"floor":44,"key":"GamblersBrew"}],"is_trial":false,"path_per_floor":["M","?","M","M","$","E","R","E","T","M","M","R","?","M","R","B",null,"M","$","M","M","M","R","E","R","T","E","R","M","$","M","R","B",null,"M","?","M","M","?","R","E","R","T","M","R","M","$","M","R","B",null],"character_chosen":"THE_SILENT","items_purchased":["Dagger Spray","TwistedFunnel","PiercingWail","Snake Skull","GhostInAJar","DollysMirror","Backflip"],"campfire_rested":3,"item_purchase_floors":[5,19,30,47,47,47,47],"current_hp_per_floor":[59,59,59,56,56,27,27,6,6,5,4,23,23,16,16,27,56,48,48,45,34,34,34,22,41,41,38,38,30,30,30,30,20,55,55,12,12,12,12,31,31,31,31,31,31,31,31,31,31,29],"gold":43,"neow_bonus":"RANDOM_COMMON_RELIC","is_prod":false,"is_daily":false,"chose_seed":false,"campfire_upgraded":8,"win_rate":0,"timestamp":1565760279,"path_taken":["M","?","M","M","$","E","R","E","T","M","M","R","?","?","R","BOSS","M","?","M","?","M","R","E","R","T","E","R","M","$","M","R","BOSS","M","?","M","M","?","R","E","R","T","?","R","M","$","M","R","BOSS"],"build_version":"2019-07-17","purchased_purges":3,"victory":true,"max_hp_per_floor":[66,66,66,66,66,66,66,66,66,66,66,66,66,66,66,66,66,66,66,66,66,66,66,66,66,66,66,66,66,66,66,66,66,66,66,66,66,66,66,66,66,66,66,66,66,66,66,66,66,66],"card_choices":[{"not_picked":["Reflex","Prepared","Bane"],"picked":"SKIP","floor":1.0},{"not_picked":["Blade Dance","Dodge and Roll"],"picked":"Poisoned Stab","floor":3.0},{"not_picked":["Escape Plan","Quick Slash"],"picked":"Well Laid Plans","floor":4.0},{"not_picked":["Concentrate","Riddle With Holes","Masterful Stab"],"picked":"SKIP","floor":6.0},{"not_picked":["Masterful Stab","Dodge and Roll"],"picked":"Calculated Gamble","floor":8.0},{"not_picked":["Catalyst","Escape Plan"],"picked":"PiercingWail","floor":10.0},{"not_picked":["Choke","Backstab"],"picked":"Envenom","floor":11.0},{"not_picked":["Leg Sweep","Outmaneuver"],"picked":"PiercingWail","floor":14.0},{"not_picked":["Venomology","Wraith Form v2"],"picked":"Corpse Explosion","floor":16.0},{"not_picked":["Slice","Flying Knee"],"picked":"PiercingWail","floor":18.0},{"not_picked":["Leg Sweep","Backstab"],"picked":"Poisoned Stab+1","floor":20.0},{"not_picked":["Poisoned Stab","Flying Knee"],"picked":"Well Laid Plans","floor":21.0},{"not_picked":["Quick Slash","Dodge and Roll","Endless Agony"],"picked":"SKIP","floor":22.0},{"not_picked":["Underhanded Strike","Outmaneuver"],"picked":"Cloak And Dagger","floor":24.0},{"not_picked":["After Image","Slice"],"picked":"Cloak And Dagger+1","floor":27.0},{"not_picked":["Heel Hook","Masterful Stab"],"picked":"Leg Sweep+1","floor":29.0},{"not_picked":["Quick Slash","Reflex","Bouncing Flask"],"picked":"SKIP","floor":31.0},{"not_picked":["Unload","Glass Knife"],"picked":"Adrenaline","floor":33.0},{"not_picked":["Underhanded Strike","Well Laid Plans"],"picked":"Backflip","floor":35.0},{"not_picked":["Outmaneuver","Quick Slash"],"picked":"Crippling Poison","floor":37.0},{"not_picked":["Poisoned Stab","Tactician"],"picked":"PiercingWail","floor":38},{"not_picked":["Concentrate","Flying Knee"],"picked":"Acrobatics","floor":41},{"not_picked":["Dodge and Roll","Caltrops"],"picked":"Noxious Fumes+1","floor":44},{"not_picked":["Slice","Well Laid Plans"],"picked":"Acrobatics","floor":46},{"not_picked":["Unload","Dagger Spray"],"picked":"Cloak And Dagger+1","floor":48}],"player_experience":512933,"relics_obtained":[{"floor":6.0,"key":"The Courier"},{"floor":8.0,"key":"Sundial"},{"floor":9.0,"key":"Pantograph"},{"floor":24.0,"key":"PreservedInsect"},{"floor":26.0,"key":"Bag of Preparation"},{"floor":27.0,"key":"Calipers"},{"floor":36.0,"key":"FossilizedHelix"},{"floor":41,"key":"Turnip"},{"floor":43,"key":"Bronze Scales"}],"event_choices":[{"damage_healed":0.0,"max_hp_gain":0.0,"max_hp_loss":0.0,"gold_gain":0.0,"event_name":"Golden Idol","player_choice":"Take Wound","floor":2.0,"gold_loss":0.0,"damage_taken":0.0,"relics_obtained":["Golden Idol"],"cards_obtained":["Injury"]},{"damage_healed":0.0,"max_hp_gain":0.0,"max_hp_loss":0.0,"gold_gain":0.0,"event_name":"Upgrade Shrine","player_choice":"Upgraded","floor":13.0,"gold_loss":0.0,"damage_taken":0.0,"cards_upgraded":["Envenom"]},{"damage_healed":0.0,"max_hp_gain":0.0,"max_hp_loss":0.0,"gold_gain":0.0,"event_name":"Mysterious Sphere","player_choice":"Fight","floor":36.0,"gold_loss":0.0,"damage_taken":0.0},{"damage_healed":0,"gold_gain":0,"player_choice":"Copied","damage_taken":0,"max_hp_gain":0,"max_hp_loss":0,"event_name":"Duplicator","floor":39,"gold_loss":0,"cards_obtained":["Leg Sweep"]}],"is_beta":false,"boss_relics":[{"not_picked":["Calling Bell","Empty Cage"],"picked":"Cursed Key"},{"not_picked":["Ring of the Serpent","HoveringKite"],"picked":"Astrolabe"}],"items_purged_floors":[5,19,30],"is_endless":false,"potions_floor_spawned":[1,6,8,10,16,20,22,27,29,37,38,44],"ascension_level":16}