{"gold_per_floor":[110,130,142,142,67,67,103,103,130,166,203,233,283,321,333,345],"floor_reached":16,"playtime":1141,"items_purged":["Injury"],"score":183,"play_id":"c8ed5828-c4ef-4b9a-9d08-909f846eca1a","local_time":"20180919001108","is_ascension_mode":true,"campfire_choices":[{"data":"Immolate","floor":6.0,"key":"SMITH"},{"data":"Sentinel","floor":8.0,"key":"SMITH"},{"data":"True Grit","floor":15,"key":"SMITH"}],"neow_cost":"TEN_PERCENT_HP_LOSS","seed_source_timestamp":0,"circlet_count":0,"master_deck":["Strike_R","Strike_R","Strike_R","Strike_R","Strike_R","Defend_R","Defend_R","Defend_R","Defend_R","Bash","AscendersBane","Immolate+1","Sentinel+1","Second Wind","Reckless Charge","True Grit+1","Dark Embrace"],"special_seed":0,"relics":["Burning Blood","Golden Idol","Centennial Puzzle","Regal Pillow","MawBank","Meat on the Bone"],"potions_floor_usage":[],"damage_taken":[{"damage":4.0,"enemies":"Small Slimes","floor":1.0,"turns":3.0},{"damage":0.0,"enemies":"2 Louse","floor":2.0,"turns":1.0},{"damage":6.0,"enemies":"Cultist","floor":3.0,"turns":3.0},{"damage":8.0,"enemies":"Gremlin Nob","floor":7.0,"turns":3.0},{"damage":7.0,"enemies":"3 Sentries","floor":10.0,"turns":5.0},{"damage":5.0,"enemies":"Lots of Slimes","floor":11.0,"turns":2.0},{"damage":0.0,"enemies":"Exordium Wildlife","floor":12.0,"turns":3.0},{"damage":17.0,"enemies":"Lagavulin","floor":13.0,"turns":7.0},{"damage":15.0,"enemies":"3 Louse","floor":14.0,"turns":4.0},{"damage":61,"enemies":"The Guardian","floor":16,"turns":13}],"seed_played":"1314024769678403389","potions_obtained":[{"floor":2.0,"key":"FearPotion"},{"floor":3.0,"key":"Energy Potion"},{"floor":11.0,"key":"Strength Potion"}],"is_trial":false,"path_per_floor":["M","M","M","?","$","R","E","R","T","E","M","M","E","M","R"],"character_chosen":"IRONCLAD","items_purchased":[],"campfire_rested":0,"item_purchase_floors":[],"current_hp_per_floor":[72,72,72,72,72,72,70,70,70,69,70,72,61,52,52,0],"gold":345,"neow_bonus":"THREE_RARE_CARDS","is_prod":false,"is_daily":false,"chose_seed":false,"campfire_upgraded":3,"win_rate":0,"timestamp":1537341068,"path_taken":["M","M","M","?","$","R","E","R","T","E","M","M","E","?","R","BOSS"],"build_version":"2018-09-06","purchased_purges":1,"victory":false,"max_hp_per_floor":[72,72,72,72,72,72,72,72,72,72,72,72,72,72,72,72],"card_choices":[{"not_picked":["Double Tap","Demon Form"],"picked":"Immolate","floor":0.0},{"not_picked":["Warcry","Clothesline"],"picked":"Sentinel","floor":1.0},{"not_picked":["Intimidate","Flex"],"picked":"Second Wind","floor":2.0},{"not_picked":["Heavy Blade","Havoc","Shrug It Off"],"picked":"SKIP","floor":3.0},{"not_picked":["Twin Strike","Ghostly Armor"],"picked":"Reckless Charge","floor":7.0},{"not_picked":["Berserk","Iron Wave","Carnage"],"picked":"SKIP","floor":10.0},{"not_picked":["Shrug It Off","Iron Wave"],"picked":"True Grit","floor":11.0},{"not_picked":["Cleave","Blood for Blood","Sword Boomerang"],"picked":"SKIP","floor":12.0},{"not_picked":["Armaments","Fire Breathing"],"picked":"Dark Embrace","floor":13.0},{"not_picked":["Pummel","Perfected Strike","Fire Breathing"],"picked":"SKIP","floor":14}],"player_experience":829382,"relics_obtained":[{"floor":7.0,"key":"Centennial Puzzle"},{"floor":9.0,"key":"Regal Pillow"},{"floor":10.0,"key":"MawBank"},{"floor":13.0,"key":"Meat on the Bone"}],"event_choices":[{"event_name":"Golden Idol","player_choice":"Take Wound","floor":4.0,"damage_taken":0.0}],"is_beta":false,"boss_relics":[],"items_purged_floors":[5],"is_endless":false,"potions_floor_spawned":[2,3,11],"killed_by":"The Guardian","ascension_level":10}