{"gold_per_floor":[116,37,57,75,86,118,136,136,136,136,153,182,210,222,222,222],"floor_reached":16,"playtime":1138,"items_purged":[],"score":222,"play_id":"46ff8286-4c16-443e-bddb-401e832aeae8","local_time":"20190707104556","is_ascension_mode":true,"campfire_choices":[{"data":"Perfected Strike","floor":8.0,"key":"SMITH"},{"data":"Perfected Strike","floor":10.0,"key":"SMITH"},{"data":"Pommel Strike","floor":15.0,"key":"SMITH"}],"neow_cost":"NONE","seed_source_timestamp":446702793333454,"circlet_count":0,"master_deck":["AscendersBane","Strike_R","Strike_R","Strike_R","Strike_R","Defend_R","Defend_R","Defend_R","Defend_R","Bash","Perfected Strike+1","Immolate","Perfected Strike+1","Pommel Strike+1"],"special_seed":0,"relics":["Burning Blood","Bronze Scales","Regal Pillow","Boot","Odd Mushroom"],"potions_floor_usage":[16,16],"damage_taken":[{"damage":12.0,"enemies":"Jaw Worm","floor":1.0,"turns":3.0},{"damage":1.0,"enemies":"Cultist","floor":3.0,"turns":4.0},{"damage":3.0,"enemies":"2 Louse","floor":4.0,"turns":3.0},{"damage":13.0,"enemies":"Red Slaver","floor":5.0,"turns":3.0},{"damage":32.0,"enemies":"Gremlin Nob","floor":6.0,"turns":4.0},{"damage":1.0,"enemies":"Exordium Wildlife","floor":7.0,"turns":2.0},{"damage":0.0,"enemies":"Lots of Slimes","floor":11.0,"turns":1.0},{"damage":10.0,"enemies":"3 Sentries","floor":12.0,"turns":6.0},{"damage":13.0,"enemies":"The Mushroom Lair","floor":13.0,"turns":3.0},{"damage":12.0,"enemies":"Looter","floor":14.0,"turns":2.0},{"damage":36,"enemies":"The Guardian","floor":16,"turns":6}],"seed_played":"5566752503919528350","potions_obtained":[{"floor":4.0,"key":"PowerPotion"},{"floor":6.0,"key":"Energy Potion"},{"floor":12.0,"key":"SneckoOil"}],"is_trial":false,"path_per_floor":["M","$","M","M","M","E","M","R","T","R","M","E","?","M","R","B"],"character_chosen":"IRONCLAD","items_purchased":["Immolate"],"campfire_rested":0,"item_purchase_floors":[2],"current_hp_per_floor":[62,62,67,70,63,37,42,42,42,42,48,44,37,31,31,0],"gold":222,"neow_bonus":"REMOVE_CARD","is_prod":false,"is_daily":false,"chose_seed":false,"campfire_upgraded":3,"win_rate":0,"timestamp":1562510756,"path_taken":["M","$","M","M","M","E","M","R","T","R","M","E","?","M","R","BOSS"],"build_version":"2019-07-05","purchased_purges":0,"victory":false,"max_hp_per_floor":[75,75,75,75,75,75,75,75,75,75,75,75,75,75,75,75],"card_choices":[{"not_picked":["Dual Wield","Armaments"],"picked":"Perfected Strike","floor":1.0},{"not_picked":["Reckless Charge","Rage","Anger"],"picked":"SKIP","floor":3.0},{"not_picked":["Sword Boomerang","Feel No Pain"],"picked":"Perfected Strike","floor":4.0},{"not_picked":["Sword Boomerang","Iron Wave","Blood for Blood"],"picked":"SKIP","floor":5.0},{"not_picked":["Infernal Blade","Demon Form"],"picked":"Pommel Strike","floor":6.0},{"not_picked":["Cleave","Corruption","Metallicize"],"picked":"SKIP","floor":7.0},{"not_picked":["Anger","Shrug It Off","Sword Boomerang"],"picked":"SKIP","floor":11.0},{"not_picked":["Infernal Blade","Flame Barrier","Dark Embrace"],"picked":"SKIP","floor":12.0},{"not_picked":["Havoc","Warcry","Hemokinesis"],"picked":"SKIP","floor":14.0}],"player_experience":212521,"relics_obtained":[{"floor":6.0,"key":"Bronze Scales"},{"floor":9.0,"key":"Regal Pillow"},{"floor":12.0,"key":"Boot"},{"floor":13.0,"key":"Odd Mushroom"}],"event_choices":[{"damage_healed":0.0,"max_hp_gain":0.0,"max_hp_loss":0.0,"gold_gain":0.0,"event_name":"Mushrooms","player_choice":"Fought Mushrooms","floor":13.0,"gold_loss":0.0,"damage_taken":0.0}],"is_beta":false,"boss_relics":[],"items_purged_floors":[],"is_endless":false,"potions_floor_spawned":[4,6,7,12],"killed_by":"The Guardian","ascension_level":19}