{"gold_per_floor":[119,119,119,139,160,193,216,251,251,251,251,251,270,61,61,184,184,199,233,158,182,182],"floor_reached":22,"playtime":1864,"items_purged":["Strike_B"],"score":230,"play_id":"eeca0632-74f4-4179-b615-e6a1477c71d1","local_time":"20190714174751","is_ascension_mode":true,"campfire_choices":[{"data":"Dualcast","floor":12,"key":"SMITH"},{"data":"Capacitor","floor":15,"key":"SMITH"}],"neow_cost":"NONE","seed_source_timestamp":1076432858859686,"circlet_count":0,"master_deck":["Defend_B","Defend_B","Defend_B","Defend_B","Zap","Dualcast+1","Steam","Sweeping Beam","Doom and Gloom","Ball Lightning","Cold Snap","Compile Driver","Consume","Capacitor+1","Conserve Battery","Amplify","Coolheaded","BootSequence+1"],"relics":["Cracked Core","NeowsBlessing","Golden Idol","Art of War","Thread and Needle","Mango","Inserter","Red Mask"],"potions_floor_usage":[8],"damage_taken":[{"damage":0,"enemies":"2 Louse","floor":1,"turns":1},{"damage":0,"enemies":"Jaw Worm","floor":4,"turns":1},{"damage":0,"enemies":"Small Slimes","floor":5,"turns":1},{"damage":36,"enemies":"Lagavulin","floor":6,"turns":4},{"damage":0,"enemies":"2 Fungi Beasts","floor":7,"turns":2},{"damage":0,"enemies":"Gremlin Nob","floor":8,"turns":3},{"damage":0,"enemies":"Blue Slaver","floor":13,"turns":3},{"damage":18,"enemies":"Slime Boss","floor":16,"turns":8},{"damage":1,"enemies":"Shell Parasite","floor":18,"turns":6},{"damage":65,"enemies":"Masked Bandits","floor":19,"turns":6},{"damage":12,"enemies":"2 Thieves","floor":21,"turns":4},{"damage":0,"enemies":"3 Cultists","floor":22,"turns":1}],"seed_played":"6706691117468427005","potions_obtained":[{"floor":6,"key":"Block Potion"},{"floor":16,"key":"GamblersBrew"},{"floor":19,"key":"SpeedPotion"}],"is_trial":false,"path_per_floor":["M","?","?","M","M","E","M","E","T","?","?","R","M","$","R","B",null,"M","?","?","M","M"],"character_chosen":"DEFECT","items_purchased":["Capacitor","Conserve Battery"],"campfire_rested":0,"item_purchase_floors":[14,14],"current_hp_per_floor":[75,69,69,69,69,33,33,33,47,47,40,40,40,40,40,22,83,82,17,17,5,5],"gold":182,"neow_bonus":"THREE_ENEMY_KILL","is_prod":false,"is_daily":false,"chose_seed":false,"campfire_upgraded":2,"win_rate":1,"timestamp":1563140871,"path_taken":["M","?","?","M","?","E","M","E","T","?","?","R","M","?","R","BOSS","M","?","?","M","?"],"build_version":"2019-07-05","purchased_purges":1,"victory":false,"max_hp_per_floor":[75,69,69,69,69,69,69,69,83,83,83,83,83,83,83,83,83,83,83,83,83,83],"card_choices":[{"not_picked":["Streamline","Lockon"],"picked":"Steam","floor":1},{"not_picked":["Stack","Fusion"],"picked":"Sweeping Beam","floor":4},{"not_picked":["Conserve Battery","Redo"],"picked":"Doom and Gloom","floor":5},{"not_picked":["Sweeping Beam","Hologram"],"picked":"Ball Lightning","floor":6},{"not_picked":["Hello World","Thunder Strike"],"picked":"Cold Snap","floor":7},{"not_picked":["Conserve Battery","Beam Cell"],"picked":"Compile Driver","floor":8},{"not_picked":["Cold Snap","Streamline"],"picked":"Consume","floor":13},{"not_picked":["Thunder Strike","Multi-Cast"],"picked":"Amplify","floor":16},{"not_picked":["Hello World","Rip and Tear"],"picked":"Coolheaded","floor":18},{"not_picked":["Force Field+1","Coolheaded"],"picked":"BootSequence+1","floor":21}],"player_experience":242168,"relics_obtained":[{"floor":6,"key":"Art of War"},{"floor":8,"key":"Thread and Needle"},{"floor":9,"key":"Mango"},{"floor":19,"key":"Red Mask"}],"event_choices":[{"damage_healed":0,"gold_gain":0,"player_choice":"Lose Max HP","damage_taken":0,"relics_obtained":["Golden Idol"],"max_hp_gain":0,"max_hp_loss":6,"event_name":"Golden Idol","floor":2,"gold_loss":0},{"cards_removed":["Strike_B"],"damage_healed":0,"gold_gain":0,"player_choice":"Forget","damage_taken":0,"max_hp_gain":0,"max_hp_loss":0,"event_name":"Living Wall","floor":3,"gold_loss":0},{"damage_healed":0,"gold_gain":0,"player_choice":"Ignored","damage_taken":0,"max_hp_gain":0,"max_hp_loss":0,"event_name":"Liars Game","floor":10,"gold_loss":0},{"cards_removed":["Strike_B"],"damage_healed":0,"gold_gain":0,"player_choice":"Card Removal","damage_taken":7,"max_hp_gain":0,"max_hp_loss":0,"event_name":"Golden Wing","floor":11,"gold_loss":0},{"damage_healed":0,"gold_gain":0,"player_choice":"Fought Bandits","damage_taken":0,"max_hp_gain":0,"max_hp_loss":0,"event_name":"Masked Bandits","floor":19,"gold_loss":0},{"cards_removed":["Strike_B"],"damage_healed":0,"gold_gain":0,"player_choice":"Gave Gold","damage_taken":0,"max_hp_gain":0,"max_hp_loss":0,"event_name":"Beggar","floor":20,"gold_loss":75}],"is_beta":false,"boss_relics":[{"not_picked":["Coffee Dripper","Philosopher\u0027s Stone"],"picked":"Inserter"}],"items_purged_floors":[14],"is_endless":false,"potions_floor_spawned":[6,16,19],"killed_by":"3 Cultists","ascension_level":1}