{"gold_per_floor":[109,126,126,28,43,43,57,73,73,73],"floor_reached":10,"playtime":343,"items_purged":[],"score":60,"play_id":"846b79b5-48bc-429d-bbb5-e4663bca2d9b","local_time":"20190806200831","is_ascension_mode":false,"campfire_choices":[{"data":"Zap","floor":6,"key":"SMITH"}],"neow_cost":"NONE","seed_source_timestamp":596181928308800,"circlet_count":0,"master_deck":["Strike_B","Strike_B","Strike_B","Strike_B","Defend_B","Defend_B","Defend_B","Defend_B","Zap+1","Dualcast","Barrage","Capacitor","PanicButton","Coolheaded","White Noise"],"relics":["Cracked Core","NeowsBlessing","Golden Idol","Dodecahedron"],"potions_floor_usage":[],"damage_taken":[{"damage":0,"enemies":"2 Louse","floor":1,"turns":1},{"damage":0,"enemies":"Cultist","floor":2,"turns":1},{"damage":0,"enemies":"Small Slimes","floor":5,"turns":1},{"damage":13,"enemies":"2 Fungi Beasts","floor":7,"turns":3},{"damage":15,"enemies":"Large Slime","floor":8,"turns":5},{"damage":48,"enemies":"Gremlin Nob","floor":10,"turns":4}],"seed_played":"-6535646326595683174","potions_obtained":[{"floor":1,"key":"SteroidPotion"},{"floor":5,"key":"Ancient Potion"},{"floor":7,"key":"Block Potion"}],"is_trial":false,"path_per_floor":["M","M","?","$","M","R","M","M","T","E"],"character_chosen":"DEFECT","items_purchased":["PanicButton"],"campfire_rested":0,"item_purchase_floors":[4],"current_hp_per_floor":[75,75,69,69,69,69,56,41,41,0],"gold":73,"neow_bonus":"THREE_ENEMY_KILL","is_prod":false,"is_daily":false,"chose_seed":false,"campfire_upgraded":1,"win_rate":0.0,"timestamp":1565086111,"path_taken":["M","M","?","$","M","R","M","M","T","E"],"build_version":"2019-07-17","purchased_purges":0,"victory":false,"max_hp_per_floor":[75,75,69,69,69,69,69,69,69,69],"card_choices":[{"not_picked":["Force Field","Beam Cell"],"picked":"Barrage","floor":1},{"not_picked":["Leap","Sweeping Beam"],"picked":"Capacitor","floor":2},{"not_picked":["Compile Driver","Steam"],"picked":"Coolheaded","floor":5},{"not_picked":["Beam Cell","Barrage"],"picked":"White Noise","floor":7},{"not_picked":["Go for the Eyes","Cold Snap","Creative AI"],"picked":"SKIP","floor":8}],"player_experience":15191,"relics_obtained":[{"floor":9,"key":"Dodecahedron"}],"event_choices":[{"damage_healed":0,"gold_gain":0,"player_choice":"Lose Max HP","damage_taken":0,"relics_obtained":["Golden Idol"],"max_hp_gain":0,"max_hp_loss":6,"event_name":"Golden Idol","floor":3,"gold_loss":0}],"is_beta":false,"boss_relics":[],"items_purged_floors":[],"is_endless":false,"potions_floor_spawned":[1,5,7],"killed_by":"Gremlin Nob","ascension_level":0}