{"gold_per_floor":[116,130,7,7,7,40,40,57,107,119,119,147,161,184,184,255,255,275,56,76,76,1,1,14,14,14,30,42,42,42,42,42,115,115,125,125,150,162,174,174,174],"floor_reached":41,"playtime":1953,"items_purged":["Regret"],"score":752,"play_id":"07e138dc-c039-40e5-b503-ec28c27f5b7a","local_time":"20190614180209","is_ascension_mode":true,"campfire_choices":[{"floor":7,"key":"REST"},{"data":"Noxious Fumes","floor":11,"key":"SMITH"},{"floor":15,"key":"REST"},{"floor":23,"key":"REST"},{"floor":25,"key":"REST"},{"floor":29,"key":"REST"},{"data":"Noxious Fumes","floor":32,"key":"SMITH"},{"floor":40,"key":"REST"}],"neow_cost":"NONE","seed_source_timestamp":173579249416754,"circlet_count":0,"master_deck":["AscendersBane","Defend_G","Defend_G+1","Defend_G","Defend_G","Strike_G","Strike_G","Strike_G","Strike_G","Strike_G","Survivor","Neutralize","Sucker Punch","Crippling Poison+1","Noxious Fumes+1","Deflect","Escape Plan","Blur","Corpse Explosion","Clumsy","Parasite","Noxious Fumes+1","Backflip","Footwork","Deadly Poison","Escape Plan","Leg Sweep","Dodge and Roll","Necronomicurse","Malaise","Escape Plan","Backflip","Riddle With Holes","Backflip+1","Sucker Punch+1","Backflip+1","Crippling Poison","PiercingWail"],"relics":["Sozu","Strawberry","Snake Skull","Blood Vial","Boot","Calling Bell","Dream Catcher","The Courier","StoneCalendar","Shuriken","Necronomicon","Orrery","Lantern"],"potions_floor_usage":[],"damage_taken":[{"damage":0,"enemies":"Jaw Worm","floor":1,"turns":5},{"damage":1,"enemies":"2 Louse","floor":2,"turns":3},{"damage":18,"enemies":"3 Sentries","floor":6,"turns":9},{"damage":0,"enemies":"Cultist","floor":8,"turns":3},{"damage":0,"enemies":"Exordium Thugs","floor":10,"turns":4},{"damage":4,"enemies":"Lagavulin","floor":12,"turns":7},{"damage":0,"enemies":"Large Slime","floor":13,"turns":5},{"damage":24,"enemies":"Slime Boss","floor":16,"turns":9},{"damage":32,"enemies":"Chosen","floor":18,"turns":6},{"damage":19,"enemies":"3 Byrds","floor":20,"turns":5},{"damage":19,"enemies":"3 Cultists","floor":24,"turns":4},{"damage":17,"enemies":"Sentry and Sphere","floor":27,"turns":5},{"damage":5,"enemies":"Cultist and Chosen","floor":28,"turns":4},{"damage":34,"enemies":"Automaton","floor":33,"turns":10},{"damage":42,"enemies":"3 Darklings","floor":35,"turns":3},{"damage":0,"enemies":"3 Shapes","floor":38,"turns":6},{"damage":27,"enemies":"Transient","floor":39,"turns":5},{"damage":27,"enemies":"Jaw Worm Horde","floor":41,"turns":3}],"seed_played":"1727828179699436356","potions_obtained":[],"is_trial":false,"path_per_floor":["M","M","$","?","?","E","R","M","T","M","R","E","M","T","R","B",null,"M","$","M","?","?","R","M","R","T","M","M","R","?","?","R","B",null,"M","?","T","M","M","R","M"],"character_chosen":"THE_SILENT","items_purchased":["Noxious Fumes","Deflect","Noxious Fumes","Backflip","Footwork"],"campfire_rested":6,"item_purchase_floors":[3,3,19,19,19],"current_hp_per_floor":[59,58,58,38,38,27,48,48,48,48,48,44,46,46,67,45,66,36,36,19,19,19,40,23,44,44,29,26,47,26,73,73,39,65,25,25,25,27,2,23,0],"gold":174,"neow_bonus":"BOSS_RELIC","is_prod":false,"is_daily":false,"chose_seed":false,"campfire_upgraded":2,"win_rate":0,"timestamp":1560560529,"path_taken":["M","M","$","?","?","E","R","M","T","?","R","E","M","?","R","BOSS","M","$","M","?","?","R","M","R","T","M","M","R","?","?","R","BOSS","M","?","?","M","M","R","?"],"build_version":"2019-01-23","purchased_purges":1,"victory":false,"max_hp_per_floor":[66,66,66,66,66,73,73,73,73,73,73,73,73,73,73,73,73,73,73,73,73,73,73,73,73,73,73,73,73,73,73,73,73,73,73,73,73,73,73,73,73],"card_choices":[{"not_picked":["Flechettes","Deflect"],"picked":"Sucker Punch","floor":1},{"not_picked":["Flying Knee","Dagger Throw"],"picked":"Crippling Poison","floor":2},{"not_picked":["Blade Dance","Riddle With Holes","Underhanded Strike"],"picked":"SKIP","floor":6},{"not_picked":["Accuracy","Distraction"],"picked":"Escape Plan","floor":8},{"not_picked":["Outmaneuver","Prepared","Eviscerate"],"picked":"SKIP","floor":10},{"not_picked":["Caltrops","Escape Plan"],"picked":"Blur","floor":12},{"not_picked":["Backflip","Sucker Punch"],"picked":"Corpse Explosion","floor":13},{"not_picked":["Tactician","Setup","Prepared"],"picked":"SKIP","floor":18},{"not_picked":["Underhanded Strike","Cloak And Dagger","Blade Dance"],"picked":"SKIP","floor":20},{"not_picked":["Quick Slash","Distraction"],"picked":"Deadly Poison","floor":23},{"not_picked":["All Out Attack+1","Underhanded Strike+1","Infinite Blades+1"],"picked":"SKIP","floor":24},{"not_picked":["PiercingWail","Concentrate"],"picked":"Escape Plan","floor":25},{"not_picked":["Reflex","Corpse Explosion"],"picked":"Leg Sweep","floor":27},{"not_picked":["Reflex","Eviscerate","Dagger Spray+1"],"picked":"SKIP","floor":28},{"not_picked":["Backflip","Deadly Poison"],"picked":"Dodge and Roll","floor":29},{"not_picked":["Tools of the Trade","Venomology"],"picked":"Malaise","floor":33},{"not_picked":["Poisoned Stab","Cloak And Dagger"],"picked":"Escape Plan","floor":34},{"not_picked":["Wraith Form v2","Setup+1"],"picked":"Backflip","floor":34},{"not_picked":["Calculated Gamble","Sucker Punch"],"picked":"Riddle With Holes","floor":34},{"not_picked":["PiercingWail+1","Bane"],"picked":"Backflip+1","floor":34},{"not_picked":["Skewer","Setup+1"],"picked":"Sucker Punch+1","floor":34},{"not_picked":["Heel Hook","Quick Slash+1"],"picked":"Backflip+1","floor":35},{"not_picked":["PiercingWail+1","Escape Plan+1"],"picked":"Crippling Poison","floor":38},{"not_picked":["Riddle With Holes","Prepared","Infinite Blades"],"picked":"SKIP","floor":39},{"not_picked":["Deflect","Blade Dance+1"],"picked":"PiercingWail","floor":40}],"player_experience":1397862,"relics_obtained":[{"floor":6,"key":"Strawberry"},{"floor":9,"key":"Snake Skull"},{"floor":12,"key":"Blood Vial"},{"floor":14,"key":"Boot"},{"floor":17,"key":"Dream Catcher"},{"floor":17,"key":"The Courier"},{"floor":17,"key":"StoneCalendar"},{"floor":26,"key":"Shuriken"},{"floor":30,"key":"Necronomicon"},{"floor":37,"key":"Lantern"}],"event_choices":[{"damage_healed":0,"gold_gain":0,"player_choice":"Entered Light","damage_taken":20,"max_hp_gain":0,"max_hp_loss":0,"event_name":"Shining Light","floor":4,"gold_loss":0,"cards_upgraded":["Defend_G","Crippling Poison"]},{"cards_removed":["Defend_G"],"damage_healed":0,"gold_gain":0,"player_choice":"Offered Basic","damage_taken":0,"max_hp_gain":0,"max_hp_loss":0,"event_name":"Bonfire Elementals","floor":5,"gold_loss":0},{"damage_healed":0,"gold_gain":0,"player_choice":"Smashed Altar","damage_taken":0,"max_hp_gain":0,"max_hp_loss":0,"event_name":"Forgotten Altar","floor":21,"gold_loss":0,"cards_obtained":["Decay"]},{"cards_removed":["Decay"],"damage_healed":0,"gold_gain":0,"player_choice":"Gave Gold","damage_taken":0,"max_hp_gain":0,"max_hp_loss":0,"event_name":"Beggar","floor":22,"gold_loss":75},{"damage_healed":0,"gold_gain":0,"player_choice":"Obtained Book","damage_taken":21,"max_hp_gain":0,"max_hp_loss":0,"event_name":"Cursed Tome","floor":30,"gold_loss":0},{"damage_healed":47,"gold_gain":0,"player_choice":"Full Heal","damage_taken":0,"max_hp_gain":0,"max_hp_loss":0,"event_name":"Wheel of Change","floor":31,"gold_loss":0},{"damage_healed":0,"gold_gain":0,"player_choice":"Ignored","damage_taken":0,"max_hp_gain":0,"max_hp_loss":0,"event_name":"Tomb of Lord Red Mask","floor":36,"gold_loss":0}],"is_beta":false,"boss_relics":[{"not_picked":["WristBlade","Ectoplasm"],"picked":"Calling Bell"},{"not_picked":["Runic Pyramid","Astrolabe"],"picked":"Orrery"}],"items_purged_floors":[19],"is_endless":false,"potions_floor_spawned":[1,2,6,10,20,24,27,35,38],"killed_by":"Jaw Worm Horde","ascension_level":15}