{"gold_per_floor":[109,125,137,62,75,75,88,88,140,7,7],"floor_reached":11,"playtime":533,"items_purged":["Defend_B","Strike_B"],"score":114,"play_id":"2dd642c3-431a-47b7-8f3f-abada2c0b3f6","local_time":"20190325235204","is_ascension_mode":true,"campfire_choices":[{"data":"Streamline","floor":6,"key":"SMITH"}],"neow_cost":"NONE","seed_source_timestamp":93185317799653,"circlet_count":0,"master_deck":["AscendersBane","Strike_B","Strike_B","Defend_B","Defend_B","Defend_B","Zap","Dualcast","Redo","Redo+1","Conserve Battery","BootSequence","Compile Driver","Streamline+1","Consume+1","Rebound","Auto Shields","White Noise","Rip and Tear"],"relics":["Orrery","War Paint"],"potions_floor_usage":[11,11],"damage_taken":[{"damage":0,"enemies":"Cultist","floor":1,"turns":4},{"damage":0,"enemies":"Small Slimes","floor":2,"turns":3},{"damage":0,"enemies":"2 Louse","floor":3,"turns":2},{"damage":14,"enemies":"Lots of Slimes","floor":5,"turns":4},{"damage":5,"enemies":"Large Slime","floor":7,"turns":5},{"damage":46,"enemies":"Gremlin Nob","floor":11,"turns":5}],"seed_played":"-9040900947193462770","potions_obtained":[{"floor":2,"key":"SkillPotion"},{"floor":7,"key":"Block Potion"}],"is_trial":false,"path_per_floor":["M","M","M","$","M","R","M","?","T","$","E"],"character_chosen":"DEFECT","items_purchased":["Rip and Tear"],"campfire_rested":0,"item_purchase_floors":[10],"current_hp_per_floor":[64,64,64,64,50,50,45,45,45,45,0],"gold":7,"neow_bonus":"BOSS_RELIC","is_prod":false,"is_daily":false,"chose_seed":false,"campfire_upgraded":1,"win_rate":0,"timestamp":1553583124,"path_taken":["M","M","?","$","M","R","M","?","T","$","E"],"build_version":"2019-01-23","purchased_purges":2,"victory":false,"max_hp_per_floor":[71,71,71,71,71,71,71,71,71,71,71],"card_choices":[{"not_picked":["Stack","BootSequence"],"picked":"Redo","floor":0},{"not_picked":["Self Repair","Go for the Eyes"],"picked":"Redo","floor":0},{"not_picked":["Double Energy","Rebound"],"picked":"Conserve Battery","floor":0},{"not_picked":["Gash","Beam Cell"],"picked":"BootSequence","floor":0},{"not_picked":["Barrage","Cold Snap"],"picked":"Compile Driver","floor":0},{"not_picked":["Recycle","Undo"],"picked":"Streamline","floor":1},{"not_picked":["Steam","Reprogram"],"picked":"Consume","floor":2},{"not_picked":["Consume","Hello World"],"picked":"Rebound","floor":3},{"not_picked":["Static Discharge","Recycle"],"picked":"Auto Shields","floor":5},{"not_picked":["Beam Cell","Hologram"],"picked":"White Noise","floor":7}],"player_experience":1248597,"relics_obtained":[{"floor":9,"key":"War Paint"}],"event_choices":[{"cards_removed":["Strike_B"],"damage_healed":0,"gold_gain":0,"player_choice":"Purged","damage_taken":0,"max_hp_gain":0,"max_hp_loss":0,"event_name":"Purifier","floor":8,"gold_loss":0}],"is_beta":false,"boss_relics":[],"items_purged_floors":[4,10],"is_endless":false,"potions_floor_spawned":[2,7],"killed_by":"Gremlin Nob","ascension_level":15}