{"gold_per_floor":[114,44,62,72,52,52,64,80,80,97,108,108,120,120,120,218,218,237,162,177,25,25,25,45,59,59,59,72,72,72,72,72,170,170,186,286,306,102,102,102,428,428,428,69,81,115,115,133,133,133],"floor_reached":51,"playtime":3116,"items_purged":["Strike_R","Strike_R","Strike_R","Strike_R"],"score":699,"play_id":"04ea5c19-ad1d-4a22-a22d-2b3b71a5501d","local_time":"20190810215802","is_ascension_mode":false,"campfire_choices":[{"data":"Whirlwind","floor":6,"key":"SMITH"},{"floor":12,"key":"REST"},{"data":"Inflame","floor":15,"key":"SMITH"},{"data":"Dark Embrace","floor":23,"key":"SMITH"},{"data":"Cleave","floor":27,"key":"SMITH"},{"data":"Sword Boomerang","floor":29,"key":"SMITH"},{"floor":32,"key":"REST"},{"data":"Trip","floor":40,"key":"SMITH"},{"data":"Madness","floor":42,"key":"SMITH"},{"floor":47,"key":"REST"},{"data":"Corruption","floor":49,"key":"SMITH"}],"neow_cost":"PERCENT_DAMAGE","seed_source_timestamp":1097336802300,"circlet_count":0,"master_deck":["Defend_R","Defend_R","Defend_R","Bash","Sword Boomerang+1","Whirlwind+1","True Grit","Combust","True Grit","Cleave+1","Spot Weakness","Inflame+1","True Grit","Dark Embrace+1","Cleave+1","True Grit","Whirlwind+1","J.A.X.","Armaments+1","Spot Weakness","Madness+1","Trip+1","Corruption+1"],"relics":["Burning Blood","Thread and Needle","Velvet Choker","Bottled Tornado","Nilry\u0027s Codex","Mark of Pain","Old Coin","Pocketwatch","Lee\u0027s Waffle","Magic Flower"],"potions_floor_usage":[16,28,33,33,33,41,46,50],"damage_taken":[{"damage":6,"enemies":"Jaw Worm","floor":1,"turns":4},{"damage":10,"enemies":"Cultist","floor":3,"turns":4},{"damage":4,"enemies":"2 Louse","floor":4,"turns":3},{"damage":6,"enemies":"2 Fungi Beasts","floor":7,"turns":2},{"damage":24,"enemies":"Exordium Wildlife","floor":8,"turns":4},{"damage":8,"enemies":"3 Louse","floor":10,"turns":3},{"damage":2,"enemies":"Looter","floor":11,"turns":3},{"damage":10,"enemies":"Exordium Thugs","floor":13,"turns":5},{"damage":30,"enemies":"Hexaghost","floor":16,"turns":9},{"damage":10,"enemies":"Shell Parasite","floor":18,"turns":4},{"damage":8,"enemies":"3 Byrds","floor":20,"turns":3},{"damage":11,"enemies":"Snecko","floor":24,"turns":4},{"damage":3,"enemies":"Centurion and Healer","floor":25,"turns":4},{"damage":2,"enemies":"Cultist and Chosen","floor":28,"turns":4},{"damage":18,"enemies":"Collector","floor":33,"turns":6},{"damage":0,"enemies":"Orb Walker","floor":35,"turns":2},{"damage":0,"enemies":"3 Shapes","floor":37,"turns":1},{"damage":64,"enemies":"Giant Head","floor":41,"turns":8},{"damage":23,"enemies":"Spire Growth","floor":45,"turns":3},{"damage":60,"enemies":"Nemesis","floor":46,"turns":5},{"damage":10,"enemies":"3 Darklings","floor":48,"turns":3},{"damage":94,"enemies":"Donu and Deca","floor":50,"turns":6}],"seed_played":"3806827403360460362","potions_obtained":[{"floor":3,"key":"SteroidPotion"},{"floor":4,"key":"FairyPotion"},{"floor":5,"key":"EntropicBrew"},{"floor":18,"key":"Swift Potion"},{"floor":35,"key":"SpeedPotion"},{"floor":41,"key":"Explosive Potion"},{"floor":48,"key":"BloodPotion"}],"is_trial":false,"path_per_floor":["M","$","M","M","?","R","M","M","T","M","M","R","M","?","R","B",null,"M","$","M","$","?","R","M","M","T","R","M","R","?","?","R","B",null,"M","?","M","$","?","R","E","R","T","$","M","E","R","M","R","B",null],"character_chosen":"IRONCLAD","items_purchased":["Whirlwind","True Grit","Spot Weakness","Lee\u0027s Waffle"],"campfire_rested":3,"item_purchase_floors":[2,21,38,44],"current_hp_per_floor":[56,56,52,54,54,54,54,36,36,34,38,62,58,58,58,34,80,76,76,74,74,59,59,54,57,57,57,61,61,61,45,70,58,85,85,85,85,85,75,75,17,17,17,92,75,21,48,47,47,23],"gold":133,"neow_bonus":"REMOVE_TWO","is_prod":false,"is_daily":false,"chose_seed":false,"campfire_upgraded":8,"win_rate":0.0,"timestamp":1565445482,"path_taken":["M","$","M","M","?","R","M","M","T","M","M","R","?","?","R","BOSS","M","$","M","$","?","R","M","M","T","R","M","R","?","?","R","BOSS","M","?","M","?","?","R","E","R","T","$","M","E","R","M","R","BOSS"],"build_version":"2019-07-17","purchased_purges":4,"victory":true,"max_hp_per_floor":[80,80,80,80,80,80,80,80,80,80,80,80,80,80,80,80,80,80,80,80,80,85,85,85,85,85,85,85,85,85,85,85,85,85,85,85,85,85,85,85,85,85,85,92,92,92,92,92,92,92],"card_choices":[{"not_picked":["Flex","Warcry"],"picked":"Sword Boomerang","floor":1},{"not_picked":["Wild Strike","Clash"],"picked":"True Grit","floor":3},{"not_picked":["Second Wind","Pummel"],"picked":"Combust","floor":4},{"not_picked":["Flex","Armaments"],"picked":"True Grit","floor":7},{"not_picked":["Clothesline","Pummel"],"picked":"Cleave","floor":8},{"not_picked":["Sever Soul","Twin Strike"],"picked":"Spot Weakness","floor":10},{"not_picked":["Heavy Blade","Seeing Red"],"picked":"Inflame","floor":11},{"not_picked":["Armaments","Clash"],"picked":"True Grit","floor":13},{"not_picked":["Impervious","Feed"],"picked":"Dark Embrace","floor":16},{"not_picked":["Clash","Combust+1"],"picked":"Cleave+1","floor":18},{"not_picked":["Clash","Shrug It Off","Offering"],"picked":"SKIP","floor":20},{"not_picked":["Pommel Strike","Shockwave"],"picked":"Whirlwind+1","floor":24},{"not_picked":["Hemokinesis","Anger","Dropkick"],"picked":"SKIP","floor":25},{"not_picked":["Warcry+1","Anger","Entrench"],"picked":"SKIP","floor":28},{"not_picked":["Iron Wave","True Grit"],"picked":"Armaments+1","floor":35},{"not_picked":["Armaments+1","Burning Pact","Cleave"],"picked":"SKIP","floor":37},{"not_picked":["Deep Breath","Metamorphosis"],"picked":"Madness","floor":39},{"not_picked":["Metamorphosis","Jack Of All Trades"],"picked":"Trip","floor":39},{"not_picked":["Warcry","Power Through","Shrug It Off+1"],"picked":"SKIP","floor":41},{"not_picked":["Sword Boomerang","Searing Blow+1","Perfected Strike+1"],"picked":"SKIP","floor":45},{"not_picked":["Whirlwind","Headbutt+1","Armaments"],"picked":"SKIP","floor":46},{"not_picked":["Headbutt","Wild Strike"],"picked":"Corruption","floor":48}],"player_experience":34581,"relics_obtained":[{"floor":9,"key":"Thread and Needle"},{"floor":26,"key":"Bottled Tornado"},{"floor":31,"key":"Nilry\u0027s Codex"},{"floor":41,"key":"Old Coin"},{"floor":43,"key":"Pocketwatch"},{"floor":46,"key":"Magic Flower"}],"event_choices":[{"damage_healed":0,"gold_gain":0,"player_choice":"Bought 1 Potion","damage_taken":0,"max_hp_gain":0,"max_hp_loss":0,"event_name":"The Woman in Blue","floor":5,"gold_loss":0},{"damage_healed":0,"gold_gain":0,"player_choice":"Ignored","damage_taken":0,"max_hp_gain":0,"max_hp_loss":0,"event_name":"Liars Game","floor":14,"gold_loss":0},{"damage_healed":0,"gold_gain":0,"player_choice":"Shed Blood","damage_taken":20,"max_hp_gain":5,"max_hp_loss":0,"event_name":"Forgotten Altar","floor":22,"gold_loss":0},{"damage_healed":0,"gold_gain":0,"player_choice":"Obtain J.A.X.","damage_taken":0,"max_hp_gain":0,"max_hp_loss":0,"event_name":"Drug Dealer","floor":30,"gold_loss":0,"cards_obtained":["J.A.X."]},{"damage_healed":0,"gold_gain":0,"player_choice":"Obtained Book","damage_taken":16,"max_hp_gain":0,"max_hp_loss":0,"event_name":"Cursed Tome","floor":31,"gold_loss":0},{"damage_healed":0,"gold_gain":100,"player_choice":"Pray","damage_taken":0,"max_hp_gain":0,"max_hp_loss":0,"event_name":"Golden Shrine","floor":36,"gold_loss":0},{"damage_healed":0,"gold_gain":0,"player_choice":"Memory 3","damage_taken":10,"max_hp_gain":0,"max_hp_loss":0,"event_name":"SensoryStone","floor":39,"gold_loss":0}],"is_beta":false,"boss_relics":[{"not_picked":["Tiny House","Cursed Key"],"picked":"Velvet Choker"},{"not_picked":["Runic Pyramid","Philosopher\u0027s Stone"],"picked":"Mark of Pain"}],"items_purged_floors":[19,21,38,44],"is_endless":false,"potions_floor_spawned":[3,4,11,13,18,25,35,41,48],"ascension_level":0}