{"gold_per_floor":[115,115,190,190,207,207,232,232,285,315,315,332,350,5,5,107,107,118,138,0,18,37,37,72,72,72,72,72,101,112,131,131,229,229,242,242,256,256,256,256,276,3,3,3,3,3,3,20,20,20],"floor_reached":51,"playtime":5140,"items_purged":["Strike_R","Defend_R","Defend_R"],"score":789,"play_id":"9193079e-1aa4-4b72-9ac6-bfe8a7be3580","local_time":"20190605005820","is_ascension_mode":true,"campfire_choices":[{"data":"Barricade","floor":6.0,"key":"SMITH"},{"floor":8.0,"key":"REST"},{"data":"Inflame","floor":11.0,"key":"SMITH"},{"data":"Apotheosis","floor":15.0,"key":"SMITH"},{"data":"Bash+1","floor":23.0,"key":"PURGE"},{"data":"Strike_R","floor":25.0,"key":"PURGE"},{"floor":27.0,"key":"REST"},{"data":"Defend_R","floor":32.0,"key":"PURGE"},{"data":"Defend_R","floor":40.0,"key":"PURGE"},{"data":"Parasite","floor":44,"key":"PURGE"},{"data":"1","floor":46,"key":"LIFT"},{"data":"Doubt","floor":49,"key":"PURGE"}],"neow_cost":"NONE","seed_source_timestamp":869717708314595,"circlet_count":0,"master_deck":["Strike_R+1","True Grit+1","Flex+1","Inflame+1","Flame Barrier","Apotheosis+1","Battle Trance","Demon Form","Evolve+1","Whirlwind","Thunderclap+1","Demon Form","Dark Shackles","Madness","Shrug It Off+1"],"special_seed":0,"relics":["Burning Blood","Singing Bowl","Bag of Marbles","War Paint","Whetstone","Peace Pipe","Empty Cage","Vajra","Pantograph","Incense Burner","Cursed Key","Bag of Preparation","Girya"],"potions_floor_usage":[41,50,50],"damage_taken":[{"damage":9.0,"enemies":"Small Slimes","floor":1.0,"turns":5.0},{"damage":12.0,"enemies":"Jaw Worm","floor":5.0,"turns":2.0},{"damage":25.0,"enemies":"Lagavulin","floor":7.0,"turns":7.0},{"damage":30.0,"enemies":"Gremlin Nob","floor":10.0,"turns":4.0},{"damage":6.0,"enemies":"Cultist","floor":12.0,"turns":3.0},{"damage":2.0,"enemies":"Looter","floor":13.0,"turns":4.0},{"damage":28.0,"enemies":"Slime Boss","floor":16.0,"turns":10.0},{"damage":14.0,"enemies":"Chosen","floor":18.0,"turns":5.0},{"damage":4.0,"enemies":"3 Byrds","floor":19.0,"turns":4.0},{"damage":21.0,"enemies":"Cultist and Chosen","floor":21.0,"turns":8.0},{"damage":38.0,"enemies":"Sentry and Sphere","floor":22.0,"turns":7.0},{"damage":37.0,"enemies":"Slavers","floor":24.0,"turns":6.0},{"damage":11.0,"enemies":"Gremlin Leader","floor":29.0,"turns":6.0},{"damage":17.0,"enemies":"Centurion and Healer","floor":30.0,"turns":4.0},{"damage":28.0,"enemies":"Snecko","floor":31.0,"turns":6.0},{"damage":40.0,"enemies":"Collector","floor":33.0,"turns":7.0},{"damage":9.0,"enemies":"3 Shapes","floor":35.0,"turns":2.0},{"damage":21.0,"enemies":"Orb Walker","floor":37.0,"turns":4.0},{"damage":65,"enemies":"Writhing Mass","floor":41,"turns":4},{"damage":25,"enemies":"4 Shapes","floor":48,"turns":3},{"damage":38,"enemies":"Time Eater","floor":50,"turns":6}],"seed_played":"1172452219449616033","potions_obtained":[{"floor":5.0,"key":"AttackPotion"},{"floor":10.0,"key":"EssenceOfSteel"},{"floor":13.0,"key":"FearPotion"},{"floor":22.0,"key":"Poison Potion"},{"floor":24.0,"key":"BloodPotion"},{"floor":30.0,"key":"Swift Potion"},{"floor":33.0,"key":"Poison Potion"},{"floor":35.0,"key":"SkillPotion"},{"floor":37.0,"key":"FearPotion"},{"floor":48,"key":"SpeedPotion"}],"is_trial":false,"path_per_floor":["M","?","?","T","M","R","E","R","T","E","R","M","M","$","R","B",null,"M","M","$","M","M","R","E","R","T","R","?","E","M","M","R","B",null,"M","?","M","?","?","R","M","$","T","R","?","R","$","M","R","B",null],"character_chosen":"IRONCLAD","items_purchased":["Apotheosis","Battle Trance","Whirlwind","Bag of Preparation"],"campfire_rested":2,"item_purchase_floors":[14,14,20,42],"current_hp_per_floor":[77,74,63,63,57,57,38,62,62,38,38,38,42,42,42,20,80,78,84,84,69,43,43,14,14,14,43,108,105,96,76,76,71,118,117,117,116,116,108,108,51,51,51,51,123,123,123,104,104,91],"gold":20,"neow_bonus":"ONE_RANDOM_RARE_CARD","is_prod":false,"is_daily":false,"chose_seed":false,"campfire_upgraded":3,"win_rate":0,"timestamp":1559710700,"path_taken":["M","?","?","?","M","R","E","R","T","E","R","?","M","$","R","BOSS","M","M","$","M","M","R","E","R","T","R","?","E","M","?","R","BOSS","M","?","M","?","?","R","M","$","T","R","?","R","?","?","R","BOSS"],"build_version":"2019-01-23","purchased_purges":3,"victory":true,"max_hp_per_floor":[80,80,80,80,80,80,80,80,80,80,80,80,80,80,80,80,80,86,90,90,90,96,96,98,98,98,98,108,110,112,114,114,118,118,120,120,122,122,124,124,126,126,126,123,123,123,123,123,123,123],"card_choices":[{"not_picked":["Heavy Blade","Wild Strike","Hemokinesis"],"picked":"SKIP","floor":1.0},{"not_picked":["Wild Strike","Flex"],"picked":"True Grit","floor":5.0},{"not_picked":["Havoc","Headbutt"],"picked":"Flex","floor":7.0},{"not_picked":["Anger","Flex"],"picked":"Inflame","floor":10.0},{"not_picked":["Armaments","Pommel Strike"],"picked":"Flame Barrier","floor":12.0},{"not_picked":["Power Through","Rage"],"picked":"Feed","floor":13.0},{"not_picked":["Brutality","Double Tap"],"picked":"Demon Form","floor":16.0},{"not_picked":["Wild Strike+1","Clash","Power Through"],"picked":"Singing Bowl","floor":18.0},{"not_picked":["Armaments","Rampage"],"picked":"Evolve+1","floor":19.0},{"not_picked":["Warcry","Heavy Blade"],"picked":"Thunderclap+1","floor":21.0},{"not_picked":["Power Through","Double Tap","Warcry"],"picked":"Singing Bowl","floor":22.0},{"not_picked":["Perfected Strike","Rupture","True Grit"],"picked":"Singing Bowl","floor":24.0},{"not_picked":["Pommel Strike","Entrench+1","Feel No Pain"],"picked":"Singing Bowl","floor":29.0},{"not_picked":["Perfected Strike","Uppercut","Berserk"],"picked":"Singing Bowl","floor":30.0},{"not_picked":["Metallicize","Battle Trance+1","Warcry"],"picked":"Singing Bowl","floor":31.0},{"not_picked":["Berserk","Double Tap"],"picked":"Demon Form","floor":33.0},{"not_picked":["Iron Wave+1","Anger","Body Slam+1"],"picked":"Singing Bowl","floor":35.0},{"not_picked":["Havoc","True Grit","Uppercut"],"picked":"Singing Bowl","floor":37.0},{"not_picked":["Blind","Forethought"],"picked":"Dark Shackles","floor":39.0},{"not_picked":["Trip","Chrysalis"],"picked":"Madness","floor":39.0},{"not_picked":["Mind Blast","Discovery","Finesse"],"picked":"Singing Bowl","floor":39.0},{"not_picked":["Dual Wield","Warcry+1","Havoc+1"],"picked":"Singing Bowl","floor":41},{"not_picked":["Rupture+1","Blood for Blood"],"picked":"Shrug It Off+1","floor":48}],"player_experience":87260,"relics_obtained":[{"floor":4.0,"key":"Bag of Marbles"},{"floor":7.0,"key":"War Paint"},{"floor":9.0,"key":"Whetstone"},{"floor":10.0,"key":"Peace Pipe"},{"floor":24.0,"key":"Vajra"},{"floor":26.0,"key":"Pantograph"},{"floor":29.0,"key":"Incense Burner"},{"floor":43,"key":"Girya"}],"event_choices":[{"damage_healed":0.0,"max_hp_gain":0.0,"max_hp_loss":0.0,"gold_gain":0.0,"event_name":"Scrap Ooze","player_choice":"Success","floor":2.0,"gold_loss":0.0,"damage_taken":3.0,"relics_obtained":["Singing Bowl"]},{"damage_healed":0.0,"max_hp_gain":0.0,"max_hp_loss":0.0,"gold_gain":75.0,"event_name":"World of Goop","player_choice":"Gather Gold","floor":3.0,"gold_loss":0.0,"damage_taken":11.0},{"cards_removed":["Barricade"],"damage_healed":55.0,"max_hp_gain":10.0,"max_hp_loss":0.0,"gold_gain":0.0,"event_name":"Bonfire Elementals","player_choice":"Offered Rare","floor":28.0,"gold_loss":0.0,"damage_taken":0.0},{"damage_healed":0.0,"max_hp_gain":0.0,"max_hp_loss":0.0,"gold_gain":0.0,"event_name":"Tomb of Lord Red Mask","player_choice":"Ignored","floor":36.0,"gold_loss":0.0,"damage_taken":0.0},{"cards_removed":["Feed"],"damage_healed":0.0,"max_hp_gain":0.0,"max_hp_loss":0.0,"gold_gain":0.0,"event_name":"Falling","player_choice":"Removed Attack","floor":38.0,"gold_loss":0.0,"damage_taken":0.0},{"damage_healed":0.0,"max_hp_gain":0.0,"max_hp_loss":0.0,"gold_gain":0.0,"event_name":"SensoryStone","player_choice":"Memory 3","floor":39.0,"gold_loss":0.0,"damage_taken":10.0},{"damage_healed":72,"gold_gain":0,"player_choice":"Heal","damage_taken":0,"max_hp_gain":0,"max_hp_loss":0,"event_name":"MindBloom","floor":45,"gold_loss":0,"cards_obtained":["Doubt"]}],"is_beta":false,"boss_relics":[{"not_picked":["Runic Pyramid","Lizard Tail"],"picked":"Empty Cage"},{"not_picked":["Snecko Eye","Astrolabe"],"picked":"Cursed Key"}],"items_purged_floors":[14,20,42],"is_endless":false,"potions_floor_spawned":[5,10,13,22,24,30,33,35,37,48],"ascension_level":3}