{"gold_per_floor":[119,131,142,161,161,193,193,193,193,81,109,109],"floor_reached":12,"playtime":1039,"items_purged":["Strike_R"],"score":88,"play_id":"d99c8cb0-117a-4f96-a3e6-7ca0f5a205b1","local_time":"20190207190338","is_ascension_mode":false,"campfire_choices":[{"data":"Dual Wield","floor":8,"key":"SMITH"}],"neow_cost":"PERCENT_DAMAGE","seed_source_timestamp":266559146307661,"circlet_count":0,"master_deck":["Strike_R","Strike_R","Strike_R","Strike_R","Defend_R","Defend_R","Defend_R","Defend_R","Bash","Dramatic Entrance","Dark Shackles","Wild Strike","True Grit","Evolve","Regret","Dual Wield+1","Feel No Pain","Offering"],"relics":["Burning Blood","StoneCalendar","Mercury Hourglass","Pantograph","Potion Belt"],"potions_floor_usage":[6,11],"damage_taken":[{"damage":7,"enemies":"Small Slimes","floor":1,"turns":4},{"damage":0,"enemies":"2 Louse","floor":2,"turns":2},{"damage":1,"enemies":"Cultist","floor":3,"turns":3},{"damage":10,"enemies":"Looter","floor":4,"turns":3},{"damage":36,"enemies":"3 Sentries","floor":6,"turns":7},{"damage":13,"enemies":"Gremlin Nob","floor":11,"turns":5},{"damage":44,"enemies":"Lagavulin Event","floor":12,"turns":5}],"seed_played":"-4791622514890837053","potions_obtained":[{"floor":2,"key":"Regen Potion"},{"floor":6,"key":"Block Potion"}],"is_trial":false,"path_per_floor":["M","M","M","M","?","E","?","R","T","$","E","?"],"character_chosen":"IRONCLAD","items_purchased":["Feel No Pain"],"campfire_rested":0,"item_purchase_floors":[10],"current_hp_per_floor":[55,61,66,62,62,47,47,47,47,47,40,0],"gold":109,"neow_bonus":"RANDOM_COLORLESS_2","is_prod":false,"is_daily":false,"chose_seed":false,"campfire_upgraded":1,"win_rate":0,"timestamp":1549562618,"path_taken":["M","M","M","M","?","E","?","R","T","$","E","?"],"build_version":"2019-02-06","purchased_purges":1,"victory":false,"max_hp_per_floor":[80,80,80,80,80,80,80,80,80,80,80,80],"card_choices":[{"not_picked":["Cleave","Flex"],"picked":"Wild Strike","floor":1},{"not_picked":["Anger","Hemokinesis","Clash"],"picked":"SKIP","floor":2},{"not_picked":["Entrench","Iron Wave"],"picked":"True Grit","floor":3},{"not_picked":["Anger","Rupture"],"picked":"Evolve","floor":4},{"not_picked":["Twin Strike","Body Slam"],"picked":"Dual Wield","floor":6},{"not_picked":["Evolve","Blood for Blood"],"picked":"Offering","floor":11}],"player_experience":63866,"relics_obtained":[{"floor":6,"key":"Mercury Hourglass"},{"floor":9,"key":"Pantograph"},{"floor":11,"key":"Potion Belt"}],"event_choices":[{"damage_healed":0,"gold_gain":0,"player_choice":"Box","damage_taken":0,"relics_obtained":["StoneCalendar"],"max_hp_gain":0,"max_hp_loss":0,"event_name":"Big Fish","floor":5,"gold_loss":0,"cards_obtained":["Regret"]},{"damage_healed":0,"gold_gain":0,"player_choice":"Ignored","damage_taken":0,"max_hp_gain":0,"max_hp_loss":0,"event_name":"Golden Idol","floor":7,"gold_loss":0},{"damage_healed":0,"gold_gain":0,"player_choice":"Searched \u00271\u0027 times","damage_taken":0,"max_hp_gain":0,"max_hp_loss":0,"event_name":"Dead Adventurer","floor":12,"gold_loss":0}],"is_beta":true,"boss_relics":[],"items_purged_floors":[10],"is_endless":false,"potions_floor_spawned":[2,6],"killed_by":"Lagavulin Event","ascension_level":0}