{"gold_per_floor":[114,114,114,129,144,144,174,174,174,201,213,240,267,279,291,428,440,471,483,514,526,557,569,600,227,227,252,290,69,69,88,88,213,213,232,232,0,19,38,38,38,57,132,151,45,64,64,83,83,83],"floor_reached":50,"playtime":5226,"items_purged":[],"score":641,"play_id":"290fd85f-585b-40c4-beaf-9f944219a1f1","local_time":"20190809082754","daily_mods":["Cursed Run","Colorless Cards","Terminal"],"is_ascension_mode":false,"campfire_choices":[{"data":"Strike_B","floor":6.0,"key":"SMITH"},{"floor":8.0,"key":"REST"},{"floor":11.0,"key":"REST"},{"data":"Rebound","floor":15.0,"key":"SMITH"},{"data":"Dramatic Entrance","floor":23.0,"key":"SMITH"},{"data":"Streamline","floor":32.0,"key":"SMITH"},{"floor":40,"key":"REST"},{"floor":47,"key":"REST"},{"floor":49,"key":"REST"}],"neow_cost":"","seed_source_timestamp":0,"circlet_count":0,"master_deck":["Zap","Dualcast","Redo","Writhe","White Noise","Dramatic Entrance+1","Streamline+1","Clumsy","Sweeping Beam","Rebound+1","Reprogram","Injury","Doubt","Core Surge","Undo+1","Coolheaded","Core Surge","Compile Driver","Turbo","Conserve Battery","Sunder","Static Discharge","Stack","Core Surge","Decay","Parasite","Rebound","Redo","Streamline","Doom and Gloom","Defragment","HandOfGreed","Chaos","Leap+1","Injury","The Bomb","Reinforced Body","Ball Lightning","Lockon","Hyperbeam","Impatience","Fusion+1","Go for the Eyes+1","Rebound","Pain","Sunder","Pain","Buffer","Sweeping Beam","Self Repair","BootSequence+1","Capacitor+1"],"special_seed":18114,"relics":["Cursed Key","Darkstone Periapt","Du-Vu Doll","Gremlin Horn","Matryoshka","MawBank","Mercury Hourglass","Golden Idol","Snecko Eye","Cables","Bottled Flame","Bag of Marbles","WingedGreaves","Pandora\u0027s Box","Red Mask","WarpedTongs","Sundial"],"potions_floor_usage":[50,50],"damage_taken":[{"damage":0.0,"enemies":"Small Slimes","floor":1.0,"turns":3.0},{"damage":6.0,"enemies":"Jaw Worm","floor":4.0,"turns":2.0},{"damage":0.0,"enemies":"Cultist","floor":5.0,"turns":3.0},{"damage":39.0,"enemies":"Gremlin Nob","floor":7.0,"turns":5.0},{"damage":0.0,"enemies":"Exordium Thugs","floor":10.0,"turns":2.0},{"damage":0.0,"enemies":"3 Louse","floor":12.0,"turns":1.0},{"damage":4.0,"enemies":"2 Fungi Beasts","floor":13.0,"turns":2.0},{"damage":44.0,"enemies":"Hexaghost","floor":16.0,"turns":6.0},{"damage":0.0,"enemies":"3 Byrds","floor":18.0,"turns":2.0},{"damage":7.0,"enemies":"2 Thieves","floor":20.0,"turns":3.0},{"damage":0.0,"enemies":"Snake Plant","floor":22.0,"turns":4.0},{"damage":15.0,"enemies":"Centurion and Healer","floor":24.0,"turns":6.0},{"damage":0.0,"enemies":"Slavers","floor":28.0,"turns":2.0},{"damage":0.0,"enemies":"3 Cultists","floor":31.0,"turns":2.0},{"damage":38.0,"enemies":"Champ","floor":33.0,"turns":9.0},{"damage":0,"enemies":"Orb Walker","floor":35,"turns":1},{"damage":17,"enemies":"3 Shapes","floor":38,"turns":2},{"damage":25,"enemies":"Transient","floor":39,"turns":5},{"damage":19,"enemies":"Writhing Mass","floor":42,"turns":2},{"damage":0,"enemies":"Jaw Worm Horde","floor":44,"turns":1},{"damage":4,"enemies":"3 Darklings","floor":46,"turns":1},{"damage":12,"enemies":"4 Shapes","floor":48,"turns":1},{"damage":93,"enemies":"Awakened One","floor":50,"turns":9}],"seed_played":"6970296724867873700","potions_obtained":[{"floor":1.0,"key":"LiquidBronze"},{"floor":10.0,"key":"FearPotion"},{"floor":12.0,"key":"Energy Potion"},{"floor":20.0,"key":"LiquidBronze"},{"floor":28.0,"key":"Regen Potion"},{"floor":33.0,"key":"LiquidBronze"},{"floor":39,"key":"FearPotion"},{"floor":42,"key":"Weak Potion"},{"floor":48,"key":"SpeedPotion"}],"is_trial":false,"path_per_floor":["M","?","T","M","M","R","E","R","T","M","R","M","M","?","R","B",null,"M","?","M","?","M","R","M","$","T","T","E","$","?","M","R","B",null,"M","?","?","M","M","R","?","M","T","M","$","M","R","M","R","B"],"character_chosen":"DEFECT","items_purchased":["Conserve Battery","Sunder","Static Discharge","Stack","Core Surge","Redo","Streamline","Doom and Gloom","Defragment","Sweeping Beam","Self Repair"],"campfire_rested":5,"item_purchase_floors":[25,25,25,25,25,29,29,29,29,45,45],"current_hp_per_floor":[73,77,82,76,76,76,37,60,66,66,80,79,75,81,81,43,86,85,84,77,77,77,77,62,62,68,74,74,74,74,74,74,56,87,86,85,84,67,42,66,72,53,59,59,59,55,81,76,84,0],"gold":83,"neow_bonus":"","is_prod":false,"is_daily":true,"chose_seed":false,"campfire_upgraded":4,"win_rate":0.0,"timestamp":1565310474,"path_taken":["M","?","?","M","M","R","E","R","T","M","R","M","M","?","R","BOSS","M","?","M","?","?","R","M","$","T","?","E","$","?","M","R","BOSS","M","?","?","M","M","R","?","M","T","M","$","?","R","M","R","BOSS"],"build_version":"2019-07-17","purchased_purges":0,"victory":false,"max_hp_per_floor":[73,77,82,81,80,79,78,77,82,81,80,79,78,83,82,87,86,85,84,83,82,81,80,79,78,83,88,87,86,85,84,83,88,87,86,85,84,83,82,81,86,85,90,89,88,87,86,85,84,84],"card_choices":[{"not_picked":["Auto Shields","Hologram"],"picked":"Redo","floor":1.0},{"not_picked":["Cold Snap","Redo"],"picked":"White Noise","floor":4.0},{"not_picked":["Rebound","Coolheaded"],"picked":"Dramatic Entrance","floor":5.0},{"not_picked":["Hologram","Purity"],"picked":"Streamline","floor":7.0},{"not_picked":["Compile Driver","Aggregate"],"picked":"Sweeping Beam","floor":10.0},{"not_picked":["Trip","Sweeping Beam"],"picked":"Rebound","floor":12.0},{"not_picked":["Double Energy","Enlightenment"],"picked":"Reprogram","floor":13.0},{"not_picked":["Magnetism","Biased Cognition"],"picked":"Core Surge","floor":16.0},{"not_picked":["Leap","Beam Cell+1"],"picked":"Undo+1","floor":18.0},{"not_picked":["Reinforced Body","Heatsinks"],"picked":"Coolheaded","floor":20.0},{"not_picked":["Coolheaded","Enlightenment"],"picked":"Compile Driver","floor":22.0},{"not_picked":["Compile Driver","Blind+1"],"picked":"Turbo","floor":24.0},{"not_picked":["Reprogram","Finesse"],"picked":"Rebound","floor":28.0},{"not_picked":["Sweeping Beam+1","Steam"],"picked":"Leap+1","floor":31.0},{"not_picked":["Seek","Machine Learning"],"picked":"The Bomb","floor":33.0},{"not_picked":["Redo","Hologram"],"picked":"Fusion+1","floor":35},{"not_picked":["Scrape+1","Doom and Gloom"],"picked":"Go for the Eyes+1","floor":38},{"not_picked":["Conserve Battery","Steam"],"picked":"Rebound","floor":39},{"not_picked":["Gash","Turbo+1"],"picked":"Sunder","floor":42},{"not_picked":["Beam Cell+1","Hologram"],"picked":"Buffer","floor":44},{"not_picked":["Redo+1","Sweeping Beam"],"picked":"BootSequence+1","floor":46},{"not_picked":["Streamline+1","All For One"],"picked":"Capacitor+1","floor":48}],"player_experience":1863,"relics_obtained":[{"floor":3.0,"key":"Gremlin Horn"},{"floor":7.0,"key":"Matryoshka"},{"floor":9.0,"key":"MawBank"},{"floor":9.0,"key":"Mercury Hourglass"},{"floor":26.0,"key":"Cables"},{"floor":26.0,"key":"Bottled Flame"},{"floor":27.0,"key":"Bag of Marbles"},{"floor":28.0,"key":"WingedGreaves"},{"floor":43,"key":"Sundial"}],"event_choices":[{"damage_healed":0.0,"max_hp_gain":5.0,"max_hp_loss":0.0,"gold_gain":0.0,"event_name":"Big Fish","player_choice":"Donut","floor":2.0,"gold_loss":0.0,"damage_taken":0.0},{"damage_healed":0.0,"max_hp_gain":0.0,"max_hp_loss":0.0,"gold_gain":0.0,"event_name":"Golden Idol","player_choice":"Take Wound","floor":14.0,"gold_loss":0.0,"damage_taken":0.0,"relics_obtained":["Golden Idol"],"cards_obtained":["Injury"]},{"damage_healed":0.0,"max_hp_gain":0.0,"max_hp_loss":0.0,"gold_gain":0.0,"event_name":"Back to Basics","player_choice":"Simplicity","floor":19.0,"gold_loss":0.0,"damage_taken":0.0,"cards_upgraded":["Strike_B","Strike_B","Strike_B","Defend_B","Defend_B","Defend_B","Defend_B"]},{"damage_healed":0.0,"max_hp_gain":0.0,"max_hp_loss":0.0,"gold_gain":0.0,"event_name":"Duplicator","player_choice":"Copied","floor":21.0,"gold_loss":0.0,"damage_taken":0.0,"cards_obtained":["Core Surge"]},{"damage_healed":0.0,"max_hp_gain":0.0,"max_hp_loss":0.0,"gold_gain":0.0,"cards_transformed":["Strike_B","Strike_B"],"event_name":"Drug Dealer","player_choice":"Became Test Subject","floor":30.0,"gold_loss":0.0,"damage_taken":0.0,"cards_obtained":["HandOfGreed","Chaos"]},{"cards_removed":["Defragment"],"damage_healed":0,"gold_gain":0,"player_choice":"Removed Power","damage_taken":0,"max_hp_gain":0,"max_hp_loss":0,"event_name":"Falling","floor":36,"gold_loss":0},{"damage_healed":0,"gold_gain":0,"player_choice":"Paid","damage_taken":0,"relics_obtained":["Red Mask"],"max_hp_gain":0,"max_hp_loss":0,"event_name":"Tomb of Lord Red Mask","floor":37,"gold_loss":232},{"damage_healed":0,"gold_gain":0,"player_choice":"Rummage","damage_taken":0,"relics_obtained":["WarpedTongs"],"max_hp_gain":0,"max_hp_loss":0,"event_name":"Accursed Blacksmith","floor":41,"gold_loss":0,"cards_obtained":["Pain"]}],"is_beta":false,"boss_relics":[{"not_picked":["Coffee Dripper","White Beast Statue"],"picked":"Snecko Eye"},{"not_picked":["Philosopher\u0027s Stone","Tiny House"],"picked":"Pandora\u0027s Box"}],"items_purged_floors":[],"is_endless":false,"potions_floor_spawned":[1,10,12,13,20,28,33,39,42,48],"killed_by":"Awakened One","ascension_level":0}