{"gold_per_floor":[114,130,18,30,49,49,62,62,62,76,76,76,86,51,51,147,147,162,175,191,0,0,0,0],"floor_reached":24,"playtime":1494,"items_purged":[],"score":190,"play_id":"534d98b5-fd56-4261-812b-48682ed2ab5a","local_time":"20190809161039","is_ascension_mode":false,"campfire_choices":[{"floor":6,"key":"REST"},{"floor":12,"key":"REST"},{"floor":15,"key":"REST"},{"floor":23,"key":"REST"}],"neow_cost":"NONE","seed_source_timestamp":516102044016400,"circlet_count":0,"master_deck":["Strike_R","Strike_R","Strike_R","Defend_R","Defend_R","Defend_R","Defend_R","Bash","Inflame","Body Slam","Pummel","Fire Breathing","Shrug It Off","Seeing Red","Flex","Clothesline","Thunderclap","Shockwave+1","Barricade","Shame","Clothesline+1","Impervious+1","Warcry+1","Spot Weakness+1","Armaments+1","Barricade"],"relics":["Sozu","Letter Opener","Toxic Egg 2","Astrolabe"],"potions_floor_usage":[],"damage_taken":[{"damage":0,"enemies":"Cultist","floor":1,"turns":3},{"damage":20,"enemies":"Jaw Worm","floor":2,"turns":4},{"damage":0,"enemies":"Small Slimes","floor":4,"turns":2},{"damage":5,"enemies":"Looter","floor":5,"turns":3},{"damage":26,"enemies":"Large Slime","floor":7,"turns":7},{"damage":8,"enemies":"Lots of Slimes","floor":10,"turns":4},{"damage":9,"enemies":"Blue Slaver","floor":13,"turns":3},{"damage":61,"enemies":"Hexaghost","floor":16,"turns":11},{"damage":19,"enemies":"Shell Parasite","floor":18,"turns":7},{"damage":15,"enemies":"Chosen","floor":19,"turns":6},{"damage":39,"enemies":"Snake Plant","floor":20,"turns":6},{"damage":35,"enemies":"Gremlin Leader","floor":24,"turns":2}],"seed_played":"-5622707237858961703","potions_obtained":[],"is_trial":false,"path_per_floor":["M","M","$","M","M","R","M","?","T","M","?","R","M","$","R","B",null,"M","M","M","?","?","R","E"],"character_chosen":"IRONCLAD","items_purchased":["Pummel","Fire Breathing","Shockwave+1"],"campfire_rested":4,"item_purchase_floors":[3,3,14],"current_hp_per_floor":[80,60,60,60,55,79,53,53,53,45,45,69,60,60,80,19,80,61,46,7,7,7,31,0],"gold":0,"neow_bonus":"BOSS_RELIC","is_prod":false,"is_daily":false,"chose_seed":false,"campfire_upgraded":0,"win_rate":0.0,"timestamp":1565338239,"path_taken":["M","M","?","M","M","R","M","?","T","M","?","R","M","$","R","BOSS","M","M","M","?","?","R","E"],"build_version":"2019-07-17","purchased_purges":0,"victory":false,"max_hp_per_floor":[80,80,80,80,80,80,80,80,80,80,80,80,80,80,80,80,80,80,80,80,80,80,80,80],"card_choices":[{"not_picked":["Clothesline","Corruption"],"picked":"Inflame","floor":1},{"not_picked":["Feel No Pain","Perfected Strike"],"picked":"Body Slam","floor":2},{"not_picked":["Thunderclap","True Grit"],"picked":"Shrug It Off","floor":4},{"not_picked":["Power Through","Perfected Strike"],"picked":"Seeing Red","floor":5},{"not_picked":["Perfected Strike","Seeing Red"],"picked":"Flex","floor":7},{"not_picked":["Second Wind","Brutality"],"picked":"Clothesline","floor":10},{"not_picked":["Twin Strike","Searing Blow"],"picked":"Thunderclap","floor":13},{"not_picked":["Impervious+1","Limit Break+1"],"picked":"Barricade","floor":16},{"not_picked":["Fire Breathing","Blood for Blood"],"picked":"Warcry+1","floor":18},{"not_picked":["Perfected Strike","Body Slam+1"],"picked":"Spot Weakness+1","floor":19},{"not_picked":["True Grit+1","Offering+1"],"picked":"Armaments+1","floor":20}],"player_experience":14375,"relics_obtained":[{"floor":9,"key":"Letter Opener"}],"event_choices":[{"damage_healed":0,"gold_gain":0,"player_choice":"Fled","damage_taken":0,"max_hp_gain":0,"max_hp_loss":0,"event_name":"Scrap Ooze","floor":8,"gold_loss":0},{"damage_healed":0,"gold_gain":0,"player_choice":"Box","damage_taken":0,"relics_obtained":["Toxic Egg 2"],"max_hp_gain":0,"max_hp_loss":0,"event_name":"Big Fish","floor":11,"gold_loss":0,"cards_obtained":["Regret"]},{"damage_healed":0,"gold_gain":0,"player_choice":"Paid Fearfully","damage_taken":0,"max_hp_gain":0,"max_hp_loss":0,"event_name":"Masked Bandits","floor":21,"gold_loss":191},{"damage_healed":0,"gold_gain":0,"player_choice":"Copied","damage_taken":0,"max_hp_gain":0,"max_hp_loss":0,"event_name":"Duplicator","floor":22,"gold_loss":0,"cards_obtained":["Barricade"]}],"is_beta":false,"boss_relics":[{"not_picked":["Busted Crown","Velvet Choker"],"picked":"Astrolabe"}],"items_purged_floors":[],"is_endless":false,"potions_floor_spawned":[1,5,7,10,18,19],"killed_by":"Gremlin Leader","ascension_level":0}