{"gold_per_floor":[114,64,139,37,50,50,69,125,204,204,104,130,130,150,150,150],"floor_reached":16,"playtime":801,"items_purged":["Defend_R","Strike_R"],"score":146,"play_id":"b3efcb96-e191-4cee-8ed6-8a4e884b32ff","local_time":"20180820231656","is_ascension_mode":true,"campfire_choices":[{"data":"Flex","floor":6,"key":"SMITH"},{"floor":10,"key":"REST"},{"floor":15,"key":"REST"}],"neow_cost":"NONE","seed_source_timestamp":289137428016501,"circlet_count":0,"master_deck":["Strike_R","Strike_R","Strike_R","Defend_R","Defend_R","Defend_R","Bash","Reaper","Flex+1","Flex","Reaper","Injury","Heavy Blade"],"relics":["Burning Blood","Tiny Chest","Gremlin Horn","Pear","Golden Idol"],"potions_floor_usage":[12,16],"damage_taken":[{"damage":6,"enemies":"2 Louse","floor":1,"turns":3},{"damage":10,"enemies":"Small Slimes","floor":5,"turns":3},{"damage":2,"enemies":"Jaw Worm","floor":7,"turns":3},{"damage":66,"enemies":"Gremlin Nob","floor":8,"turns":5},{"damage":40,"enemies":"Lagavulin","floor":12,"turns":7},{"damage":27,"enemies":"Blue Slaver","floor":14,"turns":5},{"damage":77,"enemies":"Slime Boss","floor":16,"turns":9}],"seed_played":"-4988778723509407450","potions_obtained":[{"floor":8,"key":"Fire Potion"},{"floor":12,"key":"Swift Potion"},{"floor":14,"key":"Energy Potion"}],"is_trial":false,"path_per_floor":["M","?","?","$","M","R","M","E","T","R","$","E","?","M","R"],"character_chosen":"IRONCLAD","items_purchased":["Flex"],"campfire_rested":2,"item_purchase_floors":[4],"current_hp_per_floor":[80,80,69,69,76,76,80,20,20,44,44,38,38,28,55,0],"gold":150,"neow_bonus":"ONE_RANDOM_RARE_CARD","is_prod":false,"is_daily":false,"chose_seed":false,"campfire_upgraded":1,"win_rate":0,"timestamp":1534832216,"path_taken":["M","?","?","$","M","R","M","E","T","R","$","E","?","?","R","BOSS"],"build_version":"2018-08-16","purchased_purges":2,"victory":false,"max_hp_per_floor":[80,80,80,80,80,80,80,80,80,80,80,90,90,90,90,90],"card_choices":[{"not_picked":["Pommel Strike","Rampage"],"picked":"Flex","floor":1},{"not_picked":["Thunderclap","Iron Wave","True Grit"],"picked":"SKIP","floor":5},{"not_picked":["Evolve","Iron Wave","Rage"],"picked":"SKIP","floor":7},{"not_picked":["Clash","Searing Blow"],"picked":"Reaper","floor":8},{"not_picked":["Havoc","Iron Wave","Rage"],"picked":"SKIP","floor":12},{"not_picked":["Cleave","Flex"],"picked":"Heavy Blade","floor":14}],"player_experience":701602,"relics_obtained":[{"floor":8,"key":"Tiny Chest"},{"floor":9,"key":"Gremlin Horn"},{"floor":12,"key":"Pear"}],"event_choices":[{"event_name":"The Cleric","player_choice":"Card Removal","floor":2,"damage_taken":0},{"event_name":"World of Goop","player_choice":"Gather Gold","floor":3,"damage_taken":0},{"event_name":"Golden Idol","player_choice":"Take Wound","floor":13,"damage_taken":0}],"is_beta":false,"boss_relics":[],"items_purged_floors":[4,11],"is_endless":false,"potions_floor_spawned":[8,12,14],"killed_by":"Slime Boss","ascension_level":7}