{"gold_per_floor":[119,145,0,0,10,40,40,57,82,82,142,142,122,138,138,240,240,259,241,241,316,175,185,185,204,204,204,257,257,270,280,280,384,384,403,419,1418,1435,768,793,805,328,328,339,339,350,5,17,17,17,17,17,17,48,48],"floor_reached":55,"playtime":3208,"items_purged":["Defend_G","Pain","Normality","Normality","Strike_G"],"score":764,"play_id":"785a5f21-a16e-47ae-ae43-e0ea1c0aa00f","local_time":"20181120145317","is_ascension_mode":false,"campfire_choices":[{"floor":12.0,"key":"RECALL"},{"floor":15.0,"key":"REST"},{"data":"Envenom","floor":24,"key":"SMITH"},{"data":"Crippling Poison","floor":27,"key":"SMITH"},{"data":"Bouncing Flask","floor":29,"key":"SMITH"},{"floor":32,"key":"REST"},{"data":"Burst","floor":45,"key":"SMITH"},{"floor":49,"key":"REST"},{"data":"Well Laid Plans","floor":52,"key":"SMITH"}],"neow_cost":"NONE","seed_source_timestamp":0,"circlet_count":0,"master_deck":["Defend_G","Defend_G","Defend_G","Defend_G","Strike_G+1","Strike_G+1","Survivor","Neutralize","Envenom+1","Deadly Poison","Caltrops","Crippling Poison+1","PiercingWail","Bouncing Flask+1","Burst+1","Catalyst+1","Well Laid Plans+1","Poisoned Stab+1","Catalyst+1","Leg Sweep","Blur","Acrobatics+1","Bouncing Flask","Corpse Explosion","PiercingWail","Backflip+1","Expertise+1"],"special_seed":0,"relics":["Ring of the Snake","Mango","WarpedTongs","Strawberry","Tiny Chest","Sozu","Ornamental Fan","Blood Vial","Philosopher\u0027s Stone","Pantograph","Frozen Eye","MawBank","Strange Spoon","Lantern","Sundial","Whetstone","Smiling Mask"],"potions_floor_usage":[],"damage_taken":[{"damage":6.0,"enemies":"Cultist","floor":1.0,"turns":5.0},{"damage":0.0,"enemies":"Jaw Worm","floor":5.0,"turns":4.0},{"damage":34.0,"enemies":"3 Sentries","floor":6.0,"turns":8.0},{"damage":2.0,"enemies":"2 Louse","floor":8.0,"turns":3.0},{"damage":29.0,"enemies":"Gremlin Nob","floor":11.0,"turns":4.0},{"damage":5.0,"enemies":"Exordium Thugs","floor":13.0,"turns":4.0},{"damage":4.0,"enemies":"2 Fungi Beasts","floor":14.0,"turns":4.0},{"damage":44.0,"enemies":"Slime Boss","floor":16.0,"turns":9.0},{"damage":1.0,"enemies":"3 Byrds","floor":18.0,"turns":3.0},{"damage":3.0,"enemies":"2 Thieves","floor":19.0,"turns":4.0},{"damage":7.0,"enemies":"Colosseum Slavers","floor":20.0,"turns":6.0},{"damage":8,"enemies":"Snake Plant","floor":23,"turns":3},{"damage":13,"enemies":"3 Cultists","floor":25,"turns":5},{"damage":5,"enemies":"Snecko","floor":30,"turns":4},{"damage":12,"enemies":"Centurion and Healer","floor":31,"turns":5},{"damage":49,"enemies":"Collector","floor":33,"turns":6},{"damage":5,"enemies":"Orb Walker","floor":35,"turns":2},{"damage":12,"enemies":"3 Darklings","floor":36,"turns":4},{"damage":27,"enemies":"Transient","floor":38,"turns":5},{"damage":2,"enemies":"Giant Head","floor":40,"turns":5},{"damage":0,"enemies":"Writhing Mass","floor":44,"turns":3},{"damage":0,"enemies":"4 Shapes","floor":46,"turns":4},{"damage":4,"enemies":"Jaw Worm Horde","floor":48,"turns":3},{"damage":42,"enemies":"Donu and Deca","floor":50,"turns":4},{"damage":30,"enemies":"Shield and Spear","floor":54,"turns":4},{"damage":88,"enemies":"The Heart","floor":55,"turns":4}],"seed_played":"3007052481435085318","potions_obtained":[{"floor":5.0,"key":"LiquidBronze"},{"floor":13.0,"key":"Regen Potion"},{"floor":16.0,"key":"FearPotion"}],"is_trial":false,"path_per_floor":["M","T","$","?","M","E","?","M","T","$","E","R","M","M","R","B",null,"M","M","?","?","$","M","R","M","T","R","T","R","M","M","R","B",null,"M","M","?","M","$","E","?","$","T","M","R","M","$","M","R","B",null,"R","$","E","B"],"character_chosen":"THE_SILENT","items_purchased":["Caltrops","Well Laid Plans","Pantograph","Frozen Eye","Bouncing Flask","Strange Spoon","Lantern","Whetstone","PiercingWail"],"campfire_rested":3,"item_purchase_floors":[3,22,39,39,39,42,42,47,47],"current_hp_per_floor":[64,64,64,64,64,44,44,42,49,49,20,20,15,11,38,9,91,90,87,80,71,71,63,63,50,50,50,50,50,47,37,64,17,91,86,76,76,51,51,51,51,51,51,53,53,55,55,53,80,49,91,91,91,61,0],"gold":48,"neow_bonus":"ONE_RANDOM_RARE_CARD","is_prod":false,"is_daily":false,"chose_seed":false,"campfire_upgraded":5,"win_rate":0,"timestamp":1542754397,"path_taken":["M","?","$","?","?","E","?","M","T","?","E","R","M","M","R","BOSS","M","M","?","?","$","?","R","M","T","R","?","R","M","M","R","BOSS","M","M","?","M","$","E","?","$","T","M","R","M","$","M","R","BOSS","R","$","E","BOSS"],"build_version":"2018-11-15","purchased_purges":5,"victory":false,"max_hp_per_floor":[70,70,70,70,70,84,84,84,91,91,91,91,91,91,91,91,91,91,91,91,91,91,91,91,91,91,91,91,91,91,91,91,91,91,91,91,91,91,91,91,91,91,91,91,91,91,91,91,91,91,91,91,91,91,91],"card_choices":[{"not_picked":["Dagger Spray","PiercingWail"],"picked":"Deadly Poison","floor":1.0},{"not_picked":["Acrobatics","Cloak And Dagger"],"picked":"Crippling Poison","floor":5.0},{"not_picked":["Grand Finale","Distraction"],"picked":"PiercingWail","floor":6.0},{"not_picked":["Expertise","Underhanded Strike","Eviscerate"],"picked":"SKIP","floor":8.0},{"not_picked":["Eviscerate","Accuracy","Deflect"],"picked":"SKIP","floor":11.0},{"not_picked":["Expertise","Poisoned Stab"],"picked":"Bouncing Flask","floor":13.0},{"not_picked":["Infinite Blades","Heel Hook","Prepared"],"picked":"SKIP","floor":14.0},{"not_picked":["A Thousand Cuts","Doppelganger"],"picked":"Burst","floor":16.0},{"not_picked":["Underhanded Strike+1","Predator","Finisher"],"picked":"SKIP","floor":18.0},{"not_picked":["Flying Knee+1","Quick Slash"],"picked":"Catalyst+1","floor":19.0},{"not_picked":["Dagger Throw","Slice"],"picked":"Poisoned Stab+1","floor":23},{"not_picked":["Underhanded Strike","Slice"],"picked":"Catalyst+1","floor":25},{"not_picked":["Flying Knee","Dagger Spray"],"picked":"Leg Sweep","floor":30},{"not_picked":["Riddle With Holes","Skewer+1","Leg Sweep"],"picked":"SKIP","floor":31},{"not_picked":["Bane","Quick Slash","Blade Dance"],"picked":"SKIP","floor":35},{"not_picked":["Outmaneuver","Calculated Gamble+1"],"picked":"Blur","floor":36},{"not_picked":["Calculated Gamble+1","Flying Knee+1"],"picked":"Acrobatics+1","floor":38},{"not_picked":["Dagger Spray+1","Masterful Stab"],"picked":"Corpse Explosion","floor":40},{"not_picked":["Sucker Punch","Poisoned Stab","Slice"],"picked":"SKIP","floor":44},{"not_picked":["Dodge and Roll","Blade Dance","Quick Slash+1"],"picked":"SKIP","floor":46},{"not_picked":["Deflect","Choke"],"picked":"Backflip+1","floor":48},{"not_picked":["Outmaneuver+1","Cloak And Dagger+1"],"picked":"Expertise+1","floor":54}],"player_experience":1010849,"relics_obtained":[{"floor":6.0,"key":"Mango"},{"floor":9.0,"key":"Strawberry"},{"floor":11.0,"key":"Tiny Chest"},{"floor":26,"key":"Ornamental Fan"},{"floor":28,"key":"Blood Vial"},{"floor":40,"key":"MawBank"},{"floor":43,"key":"Sundial"},{"floor":54,"key":"Smiling Mask"}],"event_choices":[{"cards_removed":["Strike_G"],"damage_healed":0.0,"max_hp_gain":0.0,"max_hp_loss":0.0,"gold_gain":0.0,"event_name":"Purifier","player_choice":"Purged","floor":4.0,"gold_loss":0.0,"damage_taken":0.0},{"damage_healed":0.0,"max_hp_gain":0.0,"max_hp_loss":0.0,"gold_gain":0.0,"event_name":"Accursed Blacksmith","player_choice":"Rummage","floor":7.0,"gold_loss":0.0,"damage_taken":0.0,"relics_obtained":["WarpedTongs"],"cards_obtained":["Pain"]},{"damage_healed":0.0,"max_hp_gain":0.0,"max_hp_loss":0.0,"gold_gain":0.0,"event_name":"Colosseum","player_choice":"Fight","floor":20.0,"gold_loss":0.0,"damage_taken":0.0},{"damage_healed":0.0,"max_hp_gain":0.0,"max_hp_loss":0.0,"gold_gain":0.0,"event_name":"Colosseum","player_choice":"Fled From Nobs","floor":20.0,"gold_loss":0.0,"damage_taken":0.0},{"damage_healed":0,"gold_gain":75,"player_choice":"Touch","damage_taken":9,"max_hp_gain":0,"max_hp_loss":0,"event_name":"FaceTrader","floor":21,"gold_loss":0},{"damage_healed":0,"gold_gain":999,"player_choice":"Gold","damage_taken":0,"max_hp_gain":0,"max_hp_loss":0,"event_name":"MindBloom","floor":37,"gold_loss":0,"cards_obtained":["Normality","Normality"]},{"cards_removed":["Strike_G"],"damage_healed":0,"gold_gain":0,"player_choice":"Offered Basic","damage_taken":0,"max_hp_gain":0,"max_hp_loss":0,"event_name":"Bonfire Elementals","floor":41,"gold_loss":0}],"is_beta":false,"boss_relics":[{"not_picked":["Fusion Hammer","WristBlade"],"picked":"Sozu"},{"not_picked":["Pandora\u0027s Box","Snecko Eye"],"picked":"Philosopher\u0027s Stone"}],"items_purged_floors":[3,22,39,42,47],"is_endless":false,"potions_floor_spawned":[5,13,16,18,20,23,31,33,35,36,40,46,54],"killed_by":"The Heart","ascension_level":0}