{"gold_per_floor":[113,188,205,205,205,235,235,249,249,269,284,316,326,336,336,441,441,454,634,654,13,13,13,39,52,75,92,92,40,40,65,65,160,160,170,170,170,186,38,38,55,55,79,113,113,142,142,160,160,160,160,160,12,12],"floor_reached":54,"playtime":8082,"items_purged":["Strike_B"],"score":872,"play_id":"46197920-7bdb-488c-9c5b-8106e858fc19","local_time":"20190715233928","is_ascension_mode":true,"campfire_choices":[{"data":"Zap","floor":7.0,"key":"SMITH"},{"floor":15.0,"key":"RECALL"},{"data":"Loop","floor":23.0,"key":"SMITH"},{"data":"Buffer","floor":28.0,"key":"SMITH"},{"floor":32.0,"key":"DIG"},{"floor":40,"key":"DIG"},{"floor":42,"key":"DIG"},{"floor":45,"key":"DIG"},{"floor":47,"key":"DIG"},{"floor":49,"key":"DIG"},{"floor":52,"key":"DIG"}],"neow_cost":"NONE","seed_source_timestamp":1177531200213289,"circlet_count":0,"master_deck":["Defend_B+1","Defend_B+1","Defend_B+1","Zap+1","Dualcast+1","Chill","Ball Lightning","Glacier","BootSequence","Leap","Melter","FTL","Glacier","Rebound","Buffer+1","Ball Lightning","Static Discharge","Steam Power","Loop+1","Machine Learning","Ball Lightning","Steam Power","Electrodynamics","Defragment+1","Go for the Eyes+1","Redo+1","Chill","Chaos+1","Coolheaded+1","Redo+1"],"special_seed":0,"relics":["Cracked Core","War Paint","Pear","Gremlin Horn","Inserter","FossilizedHelix","Ornamental Fan","Boot","Lantern","Shovel","Omamori","Empty Cage","Happy Flower","Prayer Wheel","Bottled Flame","Vajra","Anchor","Blood Vial","Torii","Letter Opener","Kunai","Blue Candle","Strawberry"],"potions_floor_usage":[35,44,50],"damage_taken":[{"damage":2.0,"enemies":"Jaw Worm","floor":1.0,"turns":2.0},{"damage":0.0,"enemies":"Cultist","floor":3.0,"turns":3.0},{"damage":8.0,"enemies":"Gremlin Nob","floor":6.0,"turns":3.0},{"damage":0.0,"enemies":"2 Louse","floor":8.0,"turns":1.0},{"damage":0.0,"enemies":"Large Slime","floor":10.0,"turns":4.0},{"damage":0.0,"enemies":"Lots of Slimes","floor":11.0,"turns":3.0},{"damage":5.0,"enemies":"3 Sentries","floor":12.0,"turns":9.0},{"damage":0.0,"enemies":"2 Fungi Beasts","floor":13.0,"turns":3.0},{"damage":0.0,"enemies":"Gremlin Gang","floor":14.0,"turns":4.0},{"damage":34.0,"enemies":"Hexaghost","floor":16.0,"turns":16.0},{"damage":0.0,"enemies":"Shell Parasite","floor":18.0,"turns":4.0},{"damage":0.0,"enemies":"Spheric Guardian","floor":20.0,"turns":4.0},{"damage":0.0,"enemies":"Gremlin Leader","floor":24.0,"turns":7.0},{"damage":0.0,"enemies":"Snake Plant","floor":25.0,"turns":5.0},{"damage":0.0,"enemies":"Sentry and Sphere","floor":27.0,"turns":3.0},{"damage":10.0,"enemies":"Slavers","floor":31.0,"turns":7.0},{"damage":49.0,"enemies":"Automaton","floor":33.0,"turns":14.0},{"damage":9,"enemies":"3 Darklings","floor":35,"turns":7},{"damage":0,"enemies":"Orb Walker","floor":38,"turns":4},{"damage":11,"enemies":"Writhing Mass","floor":41,"turns":7},{"damage":25,"enemies":"Reptomancer","floor":44,"turns":6},{"damage":0,"enemies":"Nemesis","floor":46,"turns":7},{"damage":0,"enemies":"Spire Growth","floor":48,"turns":5},{"damage":27,"enemies":"Donu and Deca","floor":50,"turns":11},{"damage":0,"enemies":"Shield and Spear","floor":54,"turns":3}],"seed_played":"-1494110250216824464","potions_obtained":[{"floor":3.0,"key":"Poison Potion"},{"floor":5.0,"key":"FearPotion"},{"floor":5.0,"key":"Swift Potion"},{"floor":6.0,"key":"EssenceOfSteel"},{"floor":8.0,"key":"Dexterity Potion"},{"floor":10.0,"key":"SkillPotion"},{"floor":16.0,"key":"GamblersBrew"},{"floor":20.0,"key":"Dexterity Potion"},{"floor":25.0,"key":"Weak Potion"},{"floor":33.0,"key":"SpeedPotion"},{"floor":38,"key":"Poison Potion"},{"floor":48,"key":"SkillPotion"}],"is_trial":false,"path_per_floor":["M","?","M","?","?","E","R","M","T","M","M","E","M","M","R","B",null,"M","?","M","$","T","R","E","M","T","M","R","$","?","E","R","B",null,"M","?","?","M","$","R","M","R","T","E","R","E","R","M","R","B",null,"R","$","E"],"character_chosen":"DEFECT","items_purchased":["All For One","Steam Power","Loop","FossilizedHelix","Dexterity Potion","Happy Flower","Strawberry"],"campfire_rested":0,"item_purchase_floors":[21,21,21,21,29,39,53],"current_hp_per_floor":[73,66,66,59,59,61,61,61,61,61,61,56,56,56,56,22,85,85,61,61,61,61,61,61,61,61,61,61,61,61,51,51,2,85,76,76,95,95,95,95,84,84,84,59,59,61,61,63,63,38,95,95,102,102],"gold":12,"neow_bonus":"RANDOM_COMMON_RELIC","is_prod":false,"is_daily":false,"chose_seed":false,"campfire_upgraded":3,"win_rate":0,"timestamp":1563248368,"path_taken":["M","?","?","?","?","E","R","M","T","M","M","E","M","?","R","BOSS","M","?","?","$","?","R","E","M","T","M","R","$","?","E","R","BOSS","M","?","?","?","$","R","M","R","T","E","R","E","R","M","R","BOSS","R","$","E"],"build_version":"2019-07-05","purchased_purges":1,"victory":false,"max_hp_per_floor":[75,75,75,75,75,85,85,85,85,85,85,85,85,85,85,85,85,85,85,85,85,85,85,85,85,85,85,85,85,85,85,85,85,85,85,85,95,95,95,95,95,95,95,95,95,95,95,95,95,95,95,95,102,102],"card_choices":[{"not_picked":["Conserve Battery","Steam"],"picked":"Chill","floor":1.0},{"not_picked":["Loop","Rip and Tear"],"picked":"Ball Lightning","floor":3.0},{"not_picked":["Undo","Compile Driver"],"picked":"Glacier","floor":6.0},{"not_picked":["Redo","Hologram"],"picked":"BootSequence","floor":8.0},{"not_picked":["Gash","Barrage"],"picked":"Leap","floor":10.0},{"not_picked":["Aggregate","Barrage"],"picked":"Melter","floor":11.0},{"not_picked":["Skim","Compile Driver"],"picked":"FTL","floor":12.0},{"not_picked":["Compile Driver","Creative AI"],"picked":"Glacier","floor":13.0},{"not_picked":["Auto Shields","Rip and Tear"],"picked":"Rebound","floor":14.0},{"not_picked":["Amplify","Multi-Cast"],"picked":"Buffer","floor":16.0},{"not_picked":["Hologram","Stack+1"],"picked":"Ball Lightning","floor":18.0},{"not_picked":["Rebound","Undo"],"picked":"Static Discharge","floor":20.0},{"not_picked":["Aggregate","FTL"],"picked":"Machine Learning","floor":24.0},{"not_picked":["Sunder","BootSequence+1"],"picked":"Ball Lightning","floor":25.0},{"not_picked":["Rebound+1","Heatsinks"],"picked":"Steam Power","floor":27.0},{"not_picked":["Undo","Leap","Tempest"],"picked":"SKIP","floor":31.0},{"not_picked":["Machine Learning","Biased Cognition"],"picked":"Electrodynamics","floor":33.0},{"not_picked":["Conserve Battery+1","Barrage"],"picked":"Defragment+1","floor":35},{"not_picked":["Compile Driver","Lockon"],"picked":"Go for the Eyes+1","floor":38},{"not_picked":["Beam Cell","FTL"],"picked":"Redo+1","floor":41},{"not_picked":["Turbo","Rebound+1"],"picked":"Chill","floor":41},{"not_picked":["Fission","Echo Form"],"picked":"Chaos+1","floor":44},{"not_picked":["Fusion","FTL+1"],"picked":"Coolheaded+1","floor":46},{"not_picked":["Hologram","Go for the Eyes"],"picked":"Redo+1","floor":48},{"not_picked":["Lockon+1","Undo","Rebound"],"picked":"SKIP","floor":48}],"player_experience":252408,"relics_obtained":[{"floor":6.0,"key":"Pear"},{"floor":12.0,"key":"Gremlin Horn"},{"floor":22.0,"key":"Ornamental Fan"},{"floor":24.0,"key":"Boot"},{"floor":26.0,"key":"Lantern"},{"floor":31.0,"key":"Shovel"},{"floor":32.0,"key":"Omamori"},{"floor":40,"key":"Prayer Wheel"},{"floor":42,"key":"Bottled Flame"},{"floor":43,"key":"Vajra"},{"floor":44,"key":"Anchor"},{"floor":45,"key":"Blood Vial"},{"floor":46,"key":"Torii"},{"floor":47,"key":"Letter Opener"},{"floor":49,"key":"Kunai"},{"floor":52,"key":"Blue Candle"}],"event_choices":[{"damage_healed":0.0,"max_hp_gain":0.0,"max_hp_loss":0.0,"gold_gain":75.0,"event_name":"FaceTrader","player_choice":"Touch","floor":2.0,"gold_loss":0.0,"damage_taken":7.0},{"cards_removed":["Strike_B"],"damage_healed":0.0,"max_hp_gain":0.0,"max_hp_loss":0.0,"gold_gain":0.0,"event_name":"Golden Wing","player_choice":"Card Removal","floor":4.0,"gold_loss":0.0,"damage_taken":7.0},{"damage_healed":0.0,"max_hp_gain":0.0,"max_hp_loss":0.0,"gold_gain":0.0,"event_name":"Lab","player_choice":"Got Potions","floor":5.0,"gold_loss":0.0,"damage_taken":0.0},{"damage_healed":0.0,"max_hp_gain":0.0,"max_hp_loss":0.0,"gold_gain":180.0,"event_name":"Knowing Skull","player_choice":"GOLD GOLD ","floor":19.0,"potions_obtained":[],"gold_loss":0.0,"damage_taken":24.0,"cards_obtained":[]},{"damage_healed":0.0,"max_hp_gain":0.0,"max_hp_loss":0.0,"gold_gain":0.0,"event_name":"Back to Basics","player_choice":"Simplicity","floor":30.0,"gold_loss":0.0,"damage_taken":0.0,"cards_upgraded":["Strike_B","Strike_B","Defend_B","Defend_B","Defend_B"]},{"cards_removed":["Defend_B"],"damage_healed":0,"gold_gain":0,"player_choice":"Removed Skill","damage_taken":0,"max_hp_gain":0,"max_hp_loss":0,"event_name":"Falling","floor":36,"gold_loss":0},{"cards_removed":["All For One"],"damage_healed":9,"gold_gain":0,"player_choice":"Offered Rare","damage_taken":0,"max_hp_gain":10,"max_hp_loss":0,"event_name":"Bonfire Elementals","floor":37,"gold_loss":0}],"is_beta":false,"boss_relics":[{"not_picked":["FrozenCore","Snecko Eye"],"picked":"Inserter"},{"not_picked":["Tiny House","Runic Dome"],"picked":"Empty Cage"}],"items_purged_floors":[21],"is_endless":false,"potions_floor_spawned":[3,6,8,10,16,20,25,33,38,48],"killed_by":"Shield and Spear","ascension_level":2}