{"gold_per_floor":[118,132,132,148,61,61,93,93,141,156,156,170,188,27,27,104,104,120,20,39,39],"floor_reached":21,"playtime":577,"items_purged":["Strike_B","Strike_B"],"score":335,"play_id":"171509bf-245b-49eb-abdd-f01422951649","local_time":"20190424004354","is_ascension_mode":true,"campfire_choices":[{"data":"Loop","floor":6.0,"key":"SMITH"},{"floor":8.0,"key":"REST"},{"floor":11.0,"key":"REST"},{"data":"Static Discharge","floor":15.0,"key":"SMITH"}],"neow_cost":"NONE","seed_source_timestamp":0,"circlet_count":0,"master_deck":["AscendersBane","Strike_B","Strike_B","Defend_B","Defend_B","Defend_B","Zap","Dualcast","Biased Cognition","Loop+1","Conserve Battery","Ball Lightning","Self Repair","Machine Learning","Static Discharge+1","Storm","Defragment","Reboot","Stack","Defragment"],"special_seed":0,"relics":["Cracked Core","Juzu Bracelet","Oddly Smooth Stone","Runic Dome"],"potions_floor_usage":[16],"damage_taken":[{"damage":6.0,"enemies":"Cultist","floor":1.0,"turns":3.0},{"damage":4.0,"enemies":"Small Slimes","floor":2.0,"turns":3.0},{"damage":7.0,"enemies":"Jaw Worm","floor":4.0,"turns":3.0},{"damage":32.0,"enemies":"Gremlin Nob","floor":7.0,"turns":4.0},{"damage":20.0,"enemies":"Gremlin Gang","floor":10.0,"turns":3.0},{"damage":10.0,"enemies":"Looter","floor":12.0,"turns":3.0},{"damage":13.0,"enemies":"Exordium Thugs","floor":13.0,"turns":4.0},{"damage":18,"enemies":"Hexaghost","floor":16,"turns":5},{"damage":30,"enemies":"2 Thieves","floor":18,"turns":3},{"damage":18,"enemies":"Chosen","floor":20,"turns":3},{"damage":29,"enemies":"Centurion and Healer","floor":21,"turns":3}],"seed_played":"-6935145289569127131","potions_obtained":[{"floor":4.0,"key":"Regen Potion"},{"floor":7.0,"key":"Explosive Potion"},{"floor":10.0,"key":"PowerPotion"},{"floor":12.0,"key":"FocusPotion"}],"is_trial":false,"path_per_floor":["M","M","?","M","$","R","E","R","T","M","R","M","M","$","R","B",null,"M","$","M","M"],"character_chosen":"DEFECT","items_purchased":["Ball Lightning","Self Repair","Defragment"],"campfire_rested":2,"item_purchase_floors":[5,5,14],"current_hp_per_floor":[58,54,54,47,47,47,34,55,55,35,56,53,47,47,47,36,62,39,39,28,0],"gold":39,"neow_bonus":"ONE_RANDOM_RARE_CARD","is_prod":false,"is_daily":false,"chose_seed":false,"campfire_upgraded":2,"win_rate":0,"timestamp":1556091834,"path_taken":["M","M","?","M","$","R","E","R","T","M","R","M","M","$","R","BOSS","M","$","M","M"],"build_version":"2019-01-23","purchased_purges":2,"victory":false,"max_hp_per_floor":[71,71,71,71,71,71,71,71,71,71,71,71,71,71,71,71,71,71,71,71,71],"card_choices":[{"not_picked":["Cold Snap","Gash"],"picked":"Loop","floor":1.0},{"not_picked":["Turbo","Redo","Meteor Strike"],"picked":"SKIP","floor":2.0},{"not_picked":["Go for the Eyes","Steam"],"picked":"Conserve Battery","floor":4.0},{"not_picked":["Skim","Steam"],"picked":"Machine Learning","floor":7.0},{"not_picked":["Hologram","Self Repair"],"picked":"Static Discharge","floor":10.0},{"not_picked":["Rebound","Undo"],"picked":"Storm","floor":12.0},{"not_picked":["Go for the Eyes","Reprogram","Recycle"],"picked":"SKIP","floor":13.0},{"not_picked":["Meteor Strike","Multi-Cast"],"picked":"Reboot","floor":16},{"not_picked":["Barrage+1","Cold Snap+1"],"picked":"Stack","floor":18},{"not_picked":["Go for the Eyes","Ball Lightning"],"picked":"Defragment","floor":20}],"player_experience":1297501,"relics_obtained":[{"floor":7.0,"key":"Juzu Bracelet"},{"floor":9.0,"key":"Oddly Smooth Stone"}],"event_choices":[{"cards_removed":["Defend_B"],"damage_healed":0.0,"max_hp_gain":0.0,"max_hp_loss":0.0,"gold_gain":0.0,"event_name":"Purifier","player_choice":"Purged","floor":3.0,"gold_loss":0.0,"damage_taken":0.0}],"is_beta":false,"boss_relics":[{"not_picked":["Eternal Feather","Ectoplasm"],"picked":"Runic Dome"}],"items_purged_floors":[14,19],"is_endless":false,"potions_floor_spawned":[4,7,10,12],"killed_by":"Centurion and Healer","ascension_level":17}