{"gold_per_floor":[111,127,127,137,151,151,166,241,241,261,33,33,52,67,67,67],"floor_reached":16,"playtime":226,"items_purged":[],"score":96,"play_id":"a8478728-83d4-4fee-b54e-d7d7617917a4","local_time":"20190701214751","is_ascension_mode":false,"campfire_choices":[{"data":"Doom and Gloom","floor":6,"key":"SMITH"},{"data":"Sweeping Beam","floor":12,"key":"SMITH"},{"floor":15,"key":"REST"}],"neow_cost":"NONE","seed_source_timestamp":795813627384124,"circlet_count":0,"master_deck":["Strike_B","Strike_B","Strike_B","Strike_B","Defend_B","Defend_B","Defend_B","Zap","Dualcast","Doom and Gloom+1","Tempest","Lockon","Rebound","Ball Lightning","Rebound","FTL","Sweeping Beam+1","Streamline"],"relics":["Cracked Core","NeowsBlessing","Lantern","Vajra"],"potions_floor_usage":[],"damage_taken":[{"damage":0,"enemies":"Jaw Worm","floor":1,"turns":1},{"damage":0,"enemies":"Cultist","floor":2,"turns":1},{"damage":0,"enemies":"Small Slimes","floor":4,"turns":1},{"damage":8,"enemies":"2 Fungi Beasts","floor":5,"turns":3},{"damage":7,"enemies":"Large Slime","floor":7,"turns":4},{"damage":0,"enemies":"Exordium Thugs","floor":10,"turns":2},{"damage":0,"enemies":"3 Louse","floor":13,"turns":1},{"damage":13,"enemies":"Red Slaver","floor":14,"turns":2},{"damage":0,"enemies":"Hexaghost","floor":16,"turns":1}],"seed_played":"663089468257324290","potions_obtained":[{"floor":1,"key":"SpeedPotion"},{"floor":5,"key":"Dexterity Potion"},{"floor":7,"key":"SteroidPotion"}],"is_trial":false,"path_per_floor":["M","M","?","M","M","R","M","?","T","M","$","R","M","M","R","B"],"character_chosen":"DEFECT","items_purchased":["FTL","Sweeping Beam","Vajra"],"campfire_rested":1,"item_purchase_floors":[11,11,11],"current_hp_per_floor":[75,75,75,75,67,67,60,49,49,49,49,49,49,36,58,58],"gold":67,"neow_bonus":"THREE_ENEMY_KILL","is_prod":false,"is_daily":false,"chose_seed":false,"campfire_upgraded":2,"win_rate":0,"timestamp":1562042871,"path_taken":["M","M","?","M","M","R","?","?","T","M","$","R","M","M","R","BOSS"],"build_version":"2019-07-01","purchased_purges":0,"victory":false,"max_hp_per_floor":[75,75,75,75,75,75,75,75,75,75,75,75,75,75,75,75],"card_choices":[{"not_picked":["Blizzard","Double Energy","Cold Snap"],"picked":"SKIP","floor":1},{"not_picked":["Steam","Barrage"],"picked":"Doom and Gloom","floor":2},{"not_picked":["BootSequence","Chaos"],"picked":"Lockon","floor":4},{"not_picked":["Coolheaded","Reinforced Body"],"picked":"Rebound","floor":5},{"not_picked":["Force Field","Heatsinks"],"picked":"Ball Lightning","floor":7},{"not_picked":["Go for the Eyes","Genetic Algorithm"],"picked":"Rebound","floor":10},{"not_picked":["Machine Learning","Auto Shields"],"picked":"Streamline","floor":13},{"not_picked":["Reinforced Body","Cold Snap","Coolheaded"],"picked":"SKIP","floor":14}],"player_experience":1421593,"relics_obtained":[{"floor":9,"key":"Lantern"}],"event_choices":[{"damage_healed":0,"gold_gain":0,"cards_transformed":["Defend_B"],"player_choice":"Transformed","damage_taken":0,"max_hp_gain":0,"max_hp_loss":0,"event_name":"Transmorgrifier","floor":3,"gold_loss":0,"cards_obtained":["Tempest"]},{"damage_healed":0,"gold_gain":75,"player_choice":"Gather Gold","damage_taken":11,"max_hp_gain":0,"max_hp_loss":0,"event_name":"World of Goop","floor":8,"gold_loss":0}],"is_beta":false,"boss_relics":[],"items_purged_floors":[],"is_endless":false,"potions_floor_spawned":[1,5,7,14],"killed_by":"Hexaghost","ascension_level":0}