{"gold_per_floor":[119,40,53,71,87,87,115,115,115,115,125,145,160,179,179,179],"floor_reached":16,"playtime":513,"items_purged":[],"score":187,"play_id":"4ae7777e-1462-4f63-97b0-d197f364a381","local_time":"20190610070344","is_ascension_mode":true,"campfire_choices":[{"data":"Zap","floor":6.0,"key":"SMITH"},{"floor":10,"key":"REST"},{"floor":15,"key":"REST"}],"neow_cost":"NONE","seed_source_timestamp":0,"circlet_count":0,"master_deck":["AscendersBane","Strike_B","Strike_B","Strike_B","Strike_B","Defend_B","Defend_B","Defend_B","Defend_B","Zap+1","Dualcast","FTL","Scrape","Beam Cell","Hyperbeam","Streamline","Go for the Eyes","Streamline"],"special_seed":0,"relics":["Lizard Tail","Odd Mushroom","Shuriken"],"potions_floor_usage":[14],"damage_taken":[{"damage":2.0,"enemies":"Jaw Worm","floor":1.0,"turns":3.0},{"damage":0.0,"enemies":"Cultist","floor":3.0,"turns":3.0},{"damage":4.0,"enemies":"Small Slimes","floor":4.0,"turns":4.0},{"damage":8.0,"enemies":"Red Slaver","floor":5.0,"turns":4.0},{"damage":34.0,"enemies":"The Mushroom Lair","floor":7.0,"turns":5.0},{"damage":11,"enemies":"Blue Slaver","floor":11,"turns":3},{"damage":0,"enemies":"Large Slime","floor":12,"turns":3},{"damage":20,"enemies":"Gremlin Gang","floor":13,"turns":3},{"damage":6,"enemies":"Looter","floor":14,"turns":2},{"damage":0,"enemies":"Hexaghost","floor":16,"turns":1}],"seed_played":"4111899248092881019","potions_obtained":[{"floor":3.0,"key":"Regen Potion"},{"floor":12,"key":"SpeedPotion"}],"is_trial":false,"path_per_floor":["M","$","M","M","M","R","?","?","T","R","M","M","M","M","R","B"],"character_chosen":"DEFECT","items_purchased":["Scrape"],"campfire_rested":2,"item_purchase_floors":[2],"current_hp_per_floor":[62,62,62,58,50,50,16,16,16,37,26,26,6,5,26,26],"gold":179,"neow_bonus":"BOSS_RELIC","is_prod":false,"is_daily":false,"chose_seed":false,"campfire_upgraded":1,"win_rate":0,"timestamp":1560175424,"path_taken":["M","$","M","M","M","R","?","?","T","R","M","M","M","M","R","BOSS"],"build_version":"2019-01-23","purchased_purges":0,"victory":false,"max_hp_per_floor":[71,71,71,71,71,71,71,71,71,71,71,71,71,71,71,71],"card_choices":[{"not_picked":["Stack","Go for the Eyes"],"picked":"FTL","floor":1.0},{"not_picked":["Ball Lightning","Leap","Glacier"],"picked":"SKIP","floor":3.0},{"not_picked":["Chaos","Storm","Auto Shields"],"picked":"SKIP","floor":4.0},{"not_picked":["Redo","Defragment","Compile Driver"],"picked":"SKIP","floor":5.0},{"not_picked":["Creative AI","Turbo"],"picked":"Beam Cell","floor":7.0},{"not_picked":["Coolheaded","Undo"],"picked":"Streamline","floor":11},{"not_picked":["Heatsinks","Turbo"],"picked":"Go for the Eyes","floor":12},{"not_picked":["Redo","Consume","Cold Snap"],"picked":"SKIP","floor":13},{"not_picked":["Melter","White Noise"],"picked":"Streamline","floor":14}],"player_experience":1387611,"relics_obtained":[{"floor":7.0,"key":"Odd Mushroom"},{"floor":9,"key":"Shuriken"}],"event_choices":[{"damage_healed":0.0,"max_hp_gain":0.0,"max_hp_loss":0.0,"gold_gain":0.0,"event_name":"Mushrooms","player_choice":"Fought Mushrooms","floor":7.0,"gold_loss":0.0,"damage_taken":0.0},{"damage_healed":0,"gold_gain":0,"player_choice":"1 cards matched","damage_taken":0,"max_hp_gain":0,"max_hp_loss":0,"event_name":"Match and Keep!","floor":8,"gold_loss":0,"cards_obtained":["Hyperbeam"]}],"is_beta":false,"boss_relics":[],"items_purged_floors":[],"is_endless":false,"potions_floor_spawned":[3,12,13],"killed_by":"Hexaghost","ascension_level":19}