{"gold_per_floor":[111,122,47,64,83,118,118,137,137,137,153,23,40,53,53,148,148,164,164,263,283,6,40,40,40,67,67,79,79,112,112,112,214,214,233,27,41,54,1,1,28,28],"floor_reached":42,"playtime":2735,"items_purged":["Defend_G","Strike_G"],"score":729,"play_id":"08adebf5-b991-45cc-ae86-369bd7d5c22b","local_time":"20190302181459","is_ascension_mode":true,"campfire_choices":[{"floor":7.0,"key":"REST"},{"floor":10.0,"key":"REST"},{"floor":15.0,"key":"REST"},{"floor":25,"key":"REST"},{"data":"Footwork","floor":27,"key":"SMITH"},{"floor":32,"key":"REST"},{"floor":40,"key":"REST"}],"neow_cost":"NONE","seed_source_timestamp":0,"circlet_count":0,"master_deck":["Defend_G","Defend_G","Defend_G","Defend_G","Strike_G","Strike_G+1","Strike_G","Strike_G","Survivor","Neutralize","Storm of Steel","Dagger Spray","Accuracy","Storm of Steel","Choke","Footwork+1","Footwork","Deflect","Backflip","Glass Knife+1","Well Laid Plans","J.A.X.","Footwork+1","PiercingWail","Injury","Backflip","Doubt","Backflip+1","Backflip+1","Adrenaline+1","Accuracy","Backflip+1","Backflip+1","Cloak And Dagger+1"],"special_seed":0,"relics":["Ring of the Snake","Pen Nib","Ornamental Fan","Cursed Key","Whetstone","Darkstone Periapt","Art of War","Strawberry","Toxic Egg 2","Black Star","Sling","Omamori","FossilizedHelix"],"potions_floor_usage":[21,30,30,33,41,42],"damage_taken":[{"damage":0.0,"enemies":"Jaw Worm","floor":1.0,"turns":5.0},{"damage":4.0,"enemies":"Small Slimes","floor":2.0,"turns":4.0},{"damage":0.0,"enemies":"Cultist","floor":4.0,"turns":3.0},{"damage":10.0,"enemies":"Red Slaver","floor":5.0,"turns":5.0},{"damage":37.0,"enemies":"Lagavulin","floor":6.0,"turns":10.0},{"damage":7.0,"enemies":"Large Slime","floor":8.0,"turns":4.0},{"damage":5.0,"enemies":"2 Fungi Beasts","floor":11.0,"turns":3.0},{"damage":0.0,"enemies":"3 Louse","floor":13.0,"turns":4.0},{"damage":27.0,"enemies":"Gremlin Gang","floor":14.0,"turns":5.0},{"damage":13.0,"enemies":"Hexaghost","floor":16.0,"turns":16.0},{"damage":0,"enemies":"3 Byrds","floor":18,"turns":5},{"damage":11,"enemies":"2 Thieves","floor":21,"turns":5},{"damage":33,"enemies":"Book of Stabbing","floor":23,"turns":7},{"damage":23,"enemies":"Snake Plant","floor":28,"turns":4},{"damage":9,"enemies":"Gremlin Leader","floor":30,"turns":9},{"damage":23,"enemies":"Automaton","floor":33,"turns":12},{"damage":3,"enemies":"3 Shapes","floor":35,"turns":5},{"damage":22,"enemies":"3 Darklings","floor":37,"turns":8},{"damage":9,"enemies":"Maw","floor":38,"turns":10},{"damage":54,"enemies":"Nemesis","floor":41,"turns":6},{"damage":11,"enemies":"Transient","floor":42,"turns":3}],"seed_played":"-8507084504194640252","potions_obtained":[{"floor":4.0,"key":"GhostInAJar"},{"floor":5.0,"key":"EssenceOfSteel"},{"floor":8.0,"key":"Block Potion"},{"floor":16.0,"key":"SteroidPotion"},{"floor":28,"key":"SkillPotion"},{"floor":33,"key":"SteroidPotion"},{"floor":37,"key":"AttackPotion"},{"floor":41,"key":"SteroidPotion"}],"is_trial":false,"path_per_floor":["M","M","$","M","M","E","R","M","T","R","M","$","M","M","R","B",null,"M","?","?","M","$","E","$","R","T","R","M","T","E","?","R","B",null,"M","$","M","M","$","R","E","M"],"character_chosen":"THE_SILENT","items_purchased":["Footwork","Deflect","Whetstone","PiercingWail","Sling","Backflip+1"],"campfire_rested":6,"item_purchase_floors":[12,12,22,22,36,39],"current_hp_per_floor":[63,59,59,59,49,12,33,26,26,47,42,42,42,15,36,23,58,58,58,58,47,47,14,14,35,41,41,18,31,22,22,48,25,73,70,70,48,39,39,65,11,0],"gold":28,"neow_bonus":"ONE_RANDOM_RARE_CARD","is_prod":false,"is_daily":false,"chose_seed":false,"campfire_upgraded":1,"win_rate":0,"timestamp":1551579299,"path_taken":["M","M","$","M","M","E","R","M","T","R","M","$","M","M","R","BOSS","M","?","?","M","$","E","?","R","T","R","?","?","E","?","R","BOSS","M","$","M","M","$","R","E","M"],"build_version":"2019-01-23","purchased_purges":2,"victory":false,"max_hp_per_floor":[70,70,70,70,70,70,70,70,70,70,70,70,70,70,70,70,70,70,70,70,70,70,70,70,70,76,76,76,89,89,89,89,89,89,89,89,89,89,89,89,89,89],"card_choices":[{"not_picked":["Acrobatics","Deadly Poison"],"picked":"Dagger Spray","floor":1.0},{"not_picked":["Quick Slash","Slice"],"picked":"Accuracy","floor":2.0},{"not_picked":["Prepared","Underhanded Strike"],"picked":"Storm of Steel","floor":4.0},{"not_picked":["Dagger Spray","All Out Attack"],"picked":"Choke","floor":5.0},{"not_picked":["Burst","Distraction"],"picked":"Footwork","floor":6.0},{"not_picked":["Bane","Outmaneuver","Bouncing Flask"],"picked":"SKIP","floor":8.0},{"not_picked":["Slice","Underhanded Strike","Prepared"],"picked":"SKIP","floor":11.0},{"not_picked":["Underhanded Strike","Prepared","Crippling Poison"],"picked":"SKIP","floor":13.0},{"not_picked":["Tactician","Underhanded Strike"],"picked":"Backflip","floor":14.0},{"not_picked":["Doppelganger","Tools of the Trade"],"picked":"Glass Knife","floor":16.0},{"not_picked":["Prepared","Flying Knee+1"],"picked":"Well Laid Plans","floor":18},{"not_picked":["Escape Plan+1","PiercingWail"],"picked":"Footwork+1","floor":21},{"not_picked":["Underhanded Strike","Flechettes","Dagger Spray+1"],"picked":"SKIP","floor":23},{"not_picked":["Flying Knee","Accuracy"],"picked":"Backflip","floor":28},{"not_picked":["Catalyst","Infinite Blades"],"picked":"Backflip","floor":30},{"not_picked":["Phantasmal Killer+1","Corpse Explosion+1"],"picked":"Adrenaline+1","floor":33},{"not_picked":["Crippling Poison+1","Poisoned Stab"],"picked":"Accuracy","floor":35},{"not_picked":["Dash+1","Quick Slash+1","Calculated Gamble+1"],"picked":"SKIP","floor":37},{"not_picked":["Masterful Stab","Quick Slash"],"picked":"Backflip+1","floor":38},{"not_picked":["Dodge and Roll+1","All Out Attack"],"picked":"Cloak And Dagger+1","floor":41}],"player_experience":1202130,"relics_obtained":[{"floor":6.0,"key":"Pen Nib"},{"floor":9.0,"key":"Ornamental Fan"},{"floor":23,"key":"Darkstone Periapt"},{"floor":26,"key":"Art of War"},{"floor":29,"key":"Strawberry"},{"floor":30,"key":"Toxic Egg 2"},{"floor":41,"key":"Omamori"},{"floor":41,"key":"FossilizedHelix"}],"event_choices":[{"damage_healed":0,"gold_gain":0,"player_choice":"Obtain J.A.X.","damage_taken":0,"max_hp_gain":0,"max_hp_loss":0,"event_name":"Drug Dealer","floor":19,"gold_loss":0,"cards_obtained":["J.A.X."]},{"damage_healed":0,"gold_gain":99,"player_choice":"Stole From Cult","damage_taken":0,"max_hp_gain":0,"max_hp_loss":0,"event_name":"Nest","floor":20,"gold_loss":0},{"damage_healed":0,"gold_gain":0,"player_choice":"Read","damage_taken":0,"max_hp_gain":0,"max_hp_loss":0,"event_name":"The Library","floor":31,"gold_loss":0,"cards_obtained":["Backflip"]}],"is_beta":false,"boss_relics":[{"not_picked":["Busted Crown","White Beast Statue"],"picked":"Cursed Key"},{"not_picked":["Runic Pyramid","Lizard Tail"],"picked":"Black Star"}],"items_purged_floors":[3,22],"is_endless":false,"potions_floor_spawned":[4,5,8,13,14,16,18,28,33,37,41],"killed_by":"Transient","ascension_level":9}