{"gold_per_floor":[110,122,272,288,48,73,90,90,115,115,115,115,183,204,204,297,297,317,232,282,357,357,357,66,102,102,136,136,204,204,204,204,204],"floor_reached":33,"playtime":2677,"items_purged":["Doubt","Writhe"],"score":506,"play_id":"51f69f02-f3f2-46b2-82ae-388a1cc88f3c","local_time":"20190813221932","is_ascension_mode":true,"campfire_choices":[{"data":"Wraith Form v2","floor":8.0,"key":"SMITH"},{"data":"Noxious Fumes","floor":10.0,"key":"SMITH"},{"data":"Neutralize","floor":12.0,"key":"SMITH"},{"data":"Doppelganger","floor":15.0,"key":"SMITH"},{"data":"Malaise","floor":23.0,"key":"SMITH"},{"data":"Well Laid Plans","floor":28,"key":"SMITH"},{"data":"Panacea","floor":32,"key":"SMITH"}],"neow_cost":"NONE","seed_source_timestamp":1292148635681723,"circlet_count":0,"master_deck":["AscendersBane","Defend_G","Defend_G","Defend_G","Defend_G","Defend_G","Survivor","Neutralize+1","Wraith Form v2+1","Noxious Fumes+1","Dash","Quick Slash","Doppelganger+1","Injury","Backflip","Malaise+1","Quick Slash+1","Panacea+1","Well Laid Plans+1","Cloak And Dagger","PiercingWail","Bite","Bite","Bite","Bite","Bite"],"special_seed":0,"relics":["Ring of the Snake","Snake Skull","Oddly Smooth Stone","Juzu Bracelet","Golden Idol","Tiny Chest","Sozu","Question Card","Bottled Lightning","PreservedInsect","Ninja Scroll","Singing Bowl","Red Mask","Pear"],"potions_floor_usage":[33,33],"damage_taken":[{"damage":9.0,"enemies":"2 Louse","floor":1.0,"turns":4.0},{"damage":12.0,"enemies":"Small Slimes","floor":2.0,"turns":6.0},{"damage":0.0,"enemies":"Jaw Worm","floor":4.0,"turns":6.0},{"damage":11.0,"enemies":"Gremlin Nob","floor":6.0,"turns":6.0},{"damage":0.0,"enemies":"Blue Slaver","floor":7.0,"turns":5.0},{"damage":4.0,"enemies":"3 Sentries","floor":13.0,"turns":8.0},{"damage":2.0,"enemies":"3 Louse","floor":14.0,"turns":4.0},{"damage":22.0,"enemies":"Hexaghost","floor":16.0,"turns":10.0},{"damage":10.0,"enemies":"Spheric Guardian","floor":18.0,"turns":7.0},{"damage":7.0,"enemies":"Book of Stabbing","floor":25.0,"turns":8.0},{"damage":16,"enemies":"Masked Bandits","floor":27,"turns":5},{"damage":66,"enemies":"Champ","floor":33,"turns":18}],"seed_played":"-8095986144992674210","potions_obtained":[{"floor":4.0,"key":"Dexterity Potion"},{"floor":7.0,"key":"Fire Potion"},{"floor":13.0,"key":"FairyPotion"},{"floor":16.0,"key":"SkillPotion"}],"is_trial":false,"path_per_floor":["M","M","?","M","$","E","M","R","T","R","?","R","E","M","R","B",null,"M","?","?","T","?","R","$","E","T","?","R","T","?","T","R","B"],"character_chosen":"THE_SILENT","items_purchased":["Snake Skull","Panacea","Well Laid Plans"],"campfire_rested":0,"item_purchase_floors":[5,24,24],"current_hp_per_floor":[50,38,38,38,38,27,27,27,27,27,27,27,23,21,21,6,51,41,41,41,41,41,41,41,34,34,18,18,28,28,28,28,0],"gold":204,"neow_bonus":"TRANSFORM_CARD","is_prod":false,"is_daily":false,"chose_seed":false,"campfire_upgraded":7,"win_rate":0,"timestamp":1565749172,"path_taken":["M","M","?","M","$","E","M","R","T","R","?","R","E","M","R","BOSS","M","?","?","?","?","R","$","E","T","?","R","?","?","?","R","BOSS"],"build_version":"2019-07-17","purchased_purges":2,"victory":false,"max_hp_per_floor":[66,66,66,66,66,66,66,66,66,66,66,66,66,66,66,66,66,66,66,66,66,66,66,66,66,66,66,66,76,53,53,53,53],"card_choices":[{"not_picked":["Acrobatics","Bane"],"picked":"Noxious Fumes","floor":1.0},{"not_picked":["Dodge and Roll","Slice","Blade Dance"],"picked":"SKIP","floor":2.0},{"not_picked":["Quick Slash","Dagger Throw"],"picked":"Dash","floor":4.0},{"not_picked":["Caltrops","Outmaneuver"],"picked":"Quick Slash","floor":6.0},{"not_picked":["Bane","Prepared"],"picked":"Doppelganger","floor":7.0},{"not_picked":["Dagger Throw","Quick Slash"],"picked":"Backflip","floor":13.0},{"not_picked":["Distraction","Slice","Underhanded Strike"],"picked":"SKIP","floor":14.0},{"not_picked":["Die Die Die","Phantasmal Killer"],"picked":"Malaise","floor":16.0},{"not_picked":["Riddle With Holes","Deflect"],"picked":"Quick Slash+1","floor":18.0},{"not_picked":["Glass Knife","Outmaneuver","Terror"],"picked":"Cloak And Dagger","floor":25.0},{"not_picked":["Sucker Punch","Masterful Stab","Backflip"],"picked":"PiercingWail","floor":27}],"player_experience":506670,"relics_obtained":[{"floor":6.0,"key":"Oddly Smooth Stone"},{"floor":9.0,"key":"Juzu Bracelet"},{"floor":13.0,"key":"Tiny Chest"},{"floor":21.0,"key":"Bottled Lightning"},{"floor":25.0,"key":"Ninja Scroll"},{"floor":26.0,"key":"Singing Bowl"},{"floor":27,"key":"Red Mask"},{"floor":29,"key":"Pear"}],"event_choices":[{"damage_healed":0.0,"max_hp_gain":0.0,"max_hp_loss":0.0,"gold_gain":150.0,"event_name":"Liars Game","player_choice":"AGREE","floor":3.0,"gold_loss":0.0,"damage_taken":0.0,"cards_obtained":["Doubt"]},{"damage_healed":0.0,"max_hp_gain":0.0,"max_hp_loss":0.0,"gold_gain":0.0,"event_name":"Golden Idol","player_choice":"Take Wound","floor":11.0,"gold_loss":0.0,"damage_taken":0.0,"relics_obtained":["Golden Idol"],"cards_obtained":["Injury"]},{"damage_healed":0.0,"max_hp_gain":0.0,"max_hp_loss":0.0,"gold_gain":0.0,"event_name":"Addict","player_choice":"Obtained Relic","floor":19.0,"gold_loss":85.0,"damage_taken":0.0,"relics_obtained":["Question Card"]},{"damage_healed":0.0,"max_hp_gain":0.0,"max_hp_loss":0.0,"gold_gain":50.0,"event_name":"Nest","player_choice":"Stole From Cult","floor":20.0,"gold_loss":0.0,"damage_taken":0.0},{"damage_healed":0.0,"max_hp_gain":0.0,"max_hp_loss":0.0,"gold_gain":0.0,"event_name":"The Mausoleum","player_choice":"Opened","floor":22.0,"gold_loss":0.0,"damage_taken":0.0,"relics_obtained":["PreservedInsect"],"cards_obtained":["Writhe"]},{"damage_healed":0,"gold_gain":0,"player_choice":"Fought Bandits","damage_taken":0,"max_hp_gain":0,"max_hp_loss":0,"event_name":"Masked Bandits","floor":27,"gold_loss":0},{"damage_healed":0,"gold_gain":0,"player_choice":"Became a vampire","damage_taken":0,"max_hp_gain":0,"max_hp_loss":23,"event_name":"Vampires","floor":30,"gold_loss":0,"cards_obtained":["Bite","Bite","Bite","Bite","Bite"]}],"is_beta":false,"boss_relics":[{"not_picked":["HoveringKite","Astrolabe"],"picked":"Sozu"}],"items_purged_floors":[5,24],"is_endless":false,"potions_floor_spawned":[4,7,13,16,18],"killed_by":"Champ","ascension_level":16}