{"gold_per_floor":[115,70,170,182,200,200,233,233,286,309,325,343,354,366,366,462,462,478,492,35,53,66,66,92,92,116,130,147,147,166,197,197,197],"floor_reached":33,"playtime":2090,"items_purged":[],"score":293,"play_id":"d240417e-5587-458d-8805-e04dd2a18005","local_time":"20190815131237","is_ascension_mode":false,"campfire_choices":[{"data":"Zap","floor":6,"key":"SMITH"},{"data":"Dualcast","floor":8,"key":"SMITH"},{"data":"Beam Cell","floor":15,"key":"SMITH"},{"floor":23,"key":"REST"},{"data":"Coolheaded","floor":25,"key":"SMITH"},{"floor":29,"key":"REST"},{"floor":32,"key":"REST"}],"neow_cost":"NONE","seed_source_timestamp":56823817097800,"circlet_count":0,"master_deck":["Strike_B","Strike_B","Strike_B","Strike_B","Defend_B","Defend_B","Defend_B","Defend_B","Zap+1","Dualcast+1","Chill","Ball Lightning","Coolheaded+1","Streamline","Cold Snap","Static Discharge","Conserve Battery","Beam Cell+1","Sunder","Buffer","Gash+1","Gash","Hologram+1","Rebound+1","Undo+1","Reinforced Body","Machine Learning"],"relics":["FrozenCore","NeowsBlessing","Bronze Scales","Tiny Chest","Lantern","Ice Cream","Omamori","Oddly Smooth Stone","Pen Nib","Bag of Marbles"],"potions_floor_usage":[7,16,22,30,31,31],"damage_taken":[{"damage":0,"enemies":"Small Slimes","floor":1,"turns":1},{"damage":0,"enemies":"Cultist","floor":4,"turns":1},{"damage":0,"enemies":"Jaw Worm","floor":5,"turns":1},{"damage":18,"enemies":"Gremlin Nob","floor":7,"turns":4},{"damage":8,"enemies":"Red Slaver","floor":11,"turns":2},{"damage":7,"enemies":"Lots of Slimes","floor":12,"turns":3},{"damage":2,"enemies":"Gremlin Gang","floor":13,"turns":3},{"damage":6,"enemies":"2 Fungi Beasts","floor":14,"turns":3},{"damage":14,"enemies":"The Guardian","floor":16,"turns":10},{"damage":11,"enemies":"2 Thieves","floor":18,"turns":4},{"damage":13,"enemies":"3 Byrds","floor":19,"turns":4},{"damage":6,"enemies":"Snecko","floor":21,"turns":5},{"damage":6,"enemies":"Shelled Parasite and Fungi","floor":22,"turns":6},{"damage":17,"enemies":"Book of Stabbing","floor":24,"turns":5},{"damage":19,"enemies":"Snake Plant","floor":27,"turns":3},{"damage":0,"enemies":"Chosen and Byrds","floor":28,"turns":7},{"damage":4,"enemies":"Centurion and Healer","floor":30,"turns":7},{"damage":22,"enemies":"Slavers","floor":31,"turns":6},{"damage":63,"enemies":"Collector","floor":33,"turns":7}],"seed_played":"7599992831872646679","potions_obtained":[{"floor":1,"key":"Regen Potion"},{"floor":5,"key":"SteroidPotion"},{"floor":11,"key":"SneckoOil"},{"floor":14,"key":"Explosive Potion"},{"floor":19,"key":"Poison Potion"},{"floor":21,"key":"Block Potion"},{"floor":30,"key":"EssenceOfSteel"},{"floor":31,"key":"GamblersBrew"}],"is_trial":false,"path_per_floor":["M","$","?","M","M","R","E","R","T","T","M","M","M","M","R","B",null,"M","M","$","M","M","R","E","R","T","M","M","R","M","E","R","B"],"character_chosen":"DEFECT","items_purchased":["Ball Lightning","Ice Cream","Omamori"],"campfire_rested":3,"item_purchase_floors":[2,20,20],"current_hp_per_floor":[75,75,75,75,75,75,57,57,57,57,49,42,40,34,34,34,75,64,51,51,45,39,61,44,44,44,25,25,47,43,21,43,0],"gold":197,"neow_bonus":"THREE_ENEMY_KILL","is_prod":false,"is_daily":false,"chose_seed":false,"campfire_upgraded":4,"win_rate":0.0,"timestamp":1565845957,"path_taken":["M","$","?","M","?","R","E","R","T","?","M","?","M","M","R","BOSS","M","M","?","?","?","R","E","R","T","M","M","R","M","E","R","BOSS"],"build_version":"2019-07-17","purchased_purges":0,"victory":false,"max_hp_per_floor":[75,75,75,75,75,75,75,75,75,75,75,75,75,75,75,75,75,75,75,75,75,75,75,75,75,75,75,75,75,75,75,75,75],"card_choices":[{"not_picked":["Heatsinks","BootSequence"],"picked":"Chill","floor":1},{"not_picked":["Recycle","Stack"],"picked":"Coolheaded","floor":4},{"not_picked":["Compile Driver","Sweeping Beam"],"picked":"Streamline","floor":5},{"not_picked":["Chaos","Beam Cell"],"picked":"Cold Snap","floor":7},{"not_picked":["Barrage","Ball Lightning"],"picked":"Static Discharge","floor":11},{"not_picked":["Redo","Leap"],"picked":"Conserve Battery","floor":12},{"not_picked":["Go for the Eyes","Steam"],"picked":"Beam Cell","floor":13},{"not_picked":["Undo","Hologram"],"picked":"Sunder","floor":14},{"not_picked":["Amplify","Fission"],"picked":"Buffer","floor":16},{"not_picked":["Redo","Ball Lightning"],"picked":"Gash+1","floor":18},{"not_picked":["Conserve Battery","Recycle"],"picked":"Gash","floor":19},{"not_picked":["Sunder+1","Stack+1"],"picked":"Hologram+1","floor":21},{"not_picked":["Streamline+1","Hello World"],"picked":"Rebound+1","floor":22},{"not_picked":["Beam Cell","Coolheaded"],"picked":"Undo+1","floor":24},{"not_picked":["Multi-Cast","Cold Snap+1"],"picked":"Reinforced Body","floor":27},{"not_picked":["Coolheaded","Heatsinks","Reprogram"],"picked":"SKIP","floor":28},{"not_picked":["Turbo","Sweeping Beam","Gash"],"picked":"SKIP","floor":30},{"not_picked":["Cold Snap","Darkness"],"picked":"Machine Learning","floor":31}],"player_experience":154320,"relics_obtained":[{"floor":7,"key":"Bronze Scales"},{"floor":9,"key":"Tiny Chest"},{"floor":10,"key":"Lantern"},{"floor":24,"key":"Oddly Smooth Stone"},{"floor":26,"key":"Pen Nib"},{"floor":31,"key":"Bag of Marbles"}],"event_choices":[{"damage_healed":0,"gold_gain":100,"player_choice":"Pray","damage_taken":0,"max_hp_gain":0,"max_hp_loss":0,"event_name":"Golden Shrine","floor":3,"gold_loss":0}],"is_beta":false,"boss_relics":[{"not_picked":["White Beast Statue","Fusion Hammer"],"picked":"FrozenCore"}],"items_purged_floors":[],"is_endless":false,"potions_floor_spawned":[1,5,11,14,19,21,30,31],"killed_by":"Collector","ascension_level":0}