{"gold_per_floor":[110,126,51,151,161,175,175,29,29,29,2,30,54,71,71,176,176,191,38,38,38,38,38,14,32,32,52,70,70,89,99,99,196,196,209,209,220,220,230,16,16,36,36,46,146,164,164,164,164,164],"floor_reached":51,"playtime":7755,"items_purged":["Strike_G","Strike_G","Strike_G"],"score":599,"play_id":"de1c1a84-f7d8-4bd4-b4a2-759ee74da048","local_time":"20190812144023","is_ascension_mode":false,"campfire_choices":[{"data":"Neutralize","floor":7.0,"key":"SMITH"},{"data":"Noxious Fumes","floor":10.0,"key":"SMITH"},{"data":"Night Terror","floor":15.0,"key":"SMITH"},{"data":"Tactician","floor":23.0,"key":"SMITH"},{"data":"Cloak And Dagger","floor":29.0,"key":"SMITH"},{"floor":32.0,"key":"REST"},{"data":"Well Laid Plans","floor":41.0,"key":"SMITH"},{"data":"After Image","floor":49,"key":"SMITH"}],"neow_cost":"NONE","seed_source_timestamp":0,"circlet_count":0,"master_deck":["Defend_G","Defend_G","Defend_G","Defend_G","Defend_G","Survivor","Neutralize+1","Night Terror+1","Noxious Fumes+1","Acrobatics","Blade Dance","Bouncing Flask","After Image+1","Acrobatics","Infinite Blades","Cloak And Dagger+1","Tactician+1","Adrenaline","Accuracy+1","Dodge and Roll","Dagger Throw","Dodge and Roll","Backflip","A Thousand Cuts","Well Laid Plans+1","Dark Shackles","Terror","Deflect","Flash of Steel","Backflip","Parasite","Blur","Escape Plan+1","Reflex+1"],"special_seed":0,"relics":["Ring of the Snake","Mercury Hourglass","Ninja Scroll","Odd Mushroom","WristBlade","Kunai","Darkstone Periapt","Eternal Feather","Bottled Tornado","StoneCalendar","Pantograph"],"potions_floor_usage":[50],"damage_taken":[{"damage":0.0,"enemies":"Jaw Worm","floor":1.0,"turns":7.0},{"damage":3.0,"enemies":"Cultist","floor":2.0,"turns":5.0},{"damage":2.0,"enemies":"2 Louse","floor":5.0,"turns":4.0},{"damage":11.0,"enemies":"Exordium Wildlife","floor":6.0,"turns":4.0},{"damage":5.0,"enemies":"Lagavulin","floor":12.0,"turns":7.0},{"damage":12.0,"enemies":"The Mushroom Lair","floor":13.0,"turns":4.0},{"damage":0.0,"enemies":"Blue Slaver","floor":14.0,"turns":4.0},{"damage":3.0,"enemies":"Hexaghost","floor":16.0,"turns":10.0},{"damage":5.0,"enemies":"2 Thieves","floor":18.0,"turns":4.0},{"damage":0.0,"enemies":"Spheric Guardian","floor":25.0,"turns":2.0},{"damage":4.0,"enemies":"Snake Plant","floor":27.0,"turns":5.0},{"damage":6.0,"enemies":"Sentry and Sphere","floor":28.0,"turns":6.0},{"damage":0.0,"enemies":"Centurion and Healer","floor":30.0,"turns":5.0},{"damage":4.0,"enemies":"Snecko","floor":31.0,"turns":6.0},{"damage":1.0,"enemies":"Automaton","floor":33.0,"turns":8.0},{"damage":1.0,"enemies":"3 Shapes","floor":35.0,"turns":6.0},{"damage":11.0,"enemies":"Orb Walker","floor":37.0,"turns":4.0},{"damage":12.0,"enemies":"Maw","floor":39.0,"turns":8.0},{"damage":5,"enemies":"Transient","floor":42,"turns":5},{"damage":6,"enemies":"Writhing Mass","floor":44,"turns":7},{"damage":3,"enemies":"Mind Bloom Boss Battle","floor":45,"turns":9},{"damage":24,"enemies":"Jaw Worm Horde","floor":46,"turns":4},{"damage":90,"enemies":"Time Eater","floor":50,"turns":16}],"seed_played":"-5927823013683173645","potions_obtained":[{"floor":2.0,"key":"FairyPotion"},{"floor":5.0,"key":"Dexterity Potion"},{"floor":6.0,"key":"Poison Potion"},{"floor":13.0,"key":"AttackPotion"},{"floor":25.0,"key":"Energy Potion"},{"floor":28.0,"key":"Explosive Potion"},{"floor":37.0,"key":"Block Potion"},{"floor":42,"key":"SteroidPotion"},{"floor":45,"key":"SpeedPotion"}],"is_trial":false,"path_per_floor":["M","M","$","?","M","M","R","$","T","R","$","E","?","M","R","B",null,"M","$","?","?","?","R","$","M","T","M","M","R","M","M","R","B",null,"M","?","M","?","M","$","R","M","T","M","?","M","?","T","R","B",null],"character_chosen":"THE_SILENT","items_purchased":["After Image","Acrobatics","Dodge and Roll","Dagger Throw","Flash of Steel"],"campfire_rested":1,"item_purchase_floors":[8,11,19,24,40],"current_hp_per_floor":[70,67,67,67,65,54,54,54,54,54,54,49,37,37,37,34,70,65,65,65,65,52,52,52,52,52,48,42,42,42,38,60,59,75,74,74,63,63,51,51,66,61,61,61,58,34,34,34,52,8],"gold":164,"neow_bonus":"TRANSFORM_CARD","is_prod":false,"is_daily":false,"chose_seed":false,"campfire_upgraded":7,"win_rate":0,"timestamp":1565592023,"path_taken":["M","M","$","?","M","M","R","?","T","R","$","E","?","M","R","BOSS","M","$","?","?","?","R","?","M","T","?","M","R","M","M","R","BOSS","M","?","M","?","M","$","R","?","T","M","?","M","?","?","R","BOSS"],"build_version":"2019-07-17","purchased_purges":3,"victory":true,"max_hp_per_floor":[70,70,70,70,70,70,70,70,70,70,70,70,70,70,70,70,70,70,70,70,70,75,75,75,75,75,75,75,75,75,75,75,75,75,75,75,75,75,75,75,75,75,75,81,81,81,81,81,81,81],"card_choices":[{"not_picked":["Slice","Prepared"],"picked":"Noxious Fumes","floor":1.0},{"not_picked":["Deflect","Dagger Spray"],"picked":"Acrobatics","floor":2.0},{"not_picked":["Accuracy","Underhanded Strike"],"picked":"Blade Dance","floor":5.0},{"not_picked":["Choke","Slice"],"picked":"Bouncing Flask","floor":6.0},{"not_picked":["Sucker Punch","Catalyst"],"picked":"Infinite Blades","floor":12.0},{"not_picked":["Underhanded Strike","Flying Knee"],"picked":"Cloak And Dagger","floor":13.0},{"not_picked":["Cloak And Dagger","Deadly Poison"],"picked":"Tactician","floor":14.0},{"not_picked":["Bullet Time","Wraith Form v2"],"picked":"Adrenaline","floor":16.0},{"not_picked":["Quick Slash","Slice"],"picked":"Accuracy+1","floor":18.0},{"not_picked":["All Out Attack","Slice"],"picked":"Dodge and Roll","floor":25.0},{"not_picked":["Prepared","Expertise","Bane"],"picked":"SKIP","floor":27.0},{"not_picked":["Prepared","Dagger Throw","Dagger Spray"],"picked":"SKIP","floor":28.0},{"not_picked":["Blade Dance","Reflex"],"picked":"Backflip","floor":30.0},{"not_picked":["Dagger Spray","Masterful Stab","Dodge and Roll"],"picked":"SKIP","floor":31.0},{"not_picked":["Doppelganger","Bullet Time"],"picked":"A Thousand Cuts","floor":33.0},{"not_picked":["Bane","Deflect+1"],"picked":"Well Laid Plans","floor":35.0},{"not_picked":["Violence","Swift Strike"],"picked":"Dark Shackles","floor":36.0},{"not_picked":["Accuracy","Bane"],"picked":"Terror","floor":37.0},{"not_picked":["Dagger Throw+1","Bane+1","Outmaneuver"],"picked":"SKIP","floor":39.0},{"not_picked":["Poisoned Stab+1","Heel Hook"],"picked":"Backflip","floor":42},{"not_picked":["Outmaneuver","Dodge and Roll+1"],"picked":"Blur","floor":44},{"not_picked":["PiercingWail+1","Tactician+1"],"picked":"Escape Plan+1","floor":45},{"not_picked":["Die Die Die","Dagger Throw"],"picked":"Reflex+1","floor":46}],"player_experience":72659,"relics_obtained":[{"floor":9.0,"key":"Mercury Hourglass"},{"floor":12.0,"key":"Ninja Scroll"},{"floor":13.0,"key":"Odd Mushroom"},{"floor":26.0,"key":"Darkstone Periapt"},{"floor":43,"key":"Bottled Tornado"},{"floor":45,"key":"StoneCalendar"},{"floor":48,"key":"Pantograph"}],"event_choices":[{"damage_healed":0.0,"max_hp_gain":0.0,"max_hp_loss":0.0,"gold_gain":100.0,"event_name":"Golden Shrine","player_choice":"Pray","floor":4.0,"gold_loss":0.0,"damage_taken":0.0},{"damage_healed":0.0,"max_hp_gain":0.0,"max_hp_loss":0.0,"gold_gain":0.0,"event_name":"Mushrooms","player_choice":"Fought Mushrooms","floor":13.0,"gold_loss":0.0,"damage_taken":0.0},{"damage_healed":0.0,"max_hp_gain":0.0,"max_hp_loss":0.0,"gold_gain":0.0,"event_name":"The Mausoleum","player_choice":"Opened","floor":20.0,"gold_loss":0.0,"damage_taken":0.0,"relics_obtained":["Kunai"]},{"damage_healed":0.0,"max_hp_gain":5.0,"max_hp_loss":0.0,"gold_gain":0.0,"event_name":"Forgotten Altar","player_choice":"Shed Blood","floor":22.0,"gold_loss":0.0,"damage_taken":18.0},{"damage_healed":0.0,"max_hp_gain":0.0,"max_hp_loss":0.0,"gold_gain":0.0,"event_name":"SensoryStone","player_choice":"Memory 1","floor":36.0,"gold_loss":0.0,"damage_taken":0.0},{"damage_healed":0.0,"max_hp_gain":0.0,"max_hp_loss":0.0,"gold_gain":0.0,"cards_transformed":["Strike_G"],"event_name":"Transmorgrifier","player_choice":"Transformed","floor":38.0,"gold_loss":0.0,"damage_taken":0.0,"cards_obtained":["Deflect"]},{"damage_healed":0,"gold_gain":0,"player_choice":"Fight","damage_taken":0,"max_hp_gain":0,"max_hp_loss":0,"event_name":"MindBloom","floor":45,"gold_loss":0},{"damage_healed":0,"gold_gain":0,"player_choice":"Ignored","damage_taken":0,"max_hp_gain":0,"max_hp_loss":0,"event_name":"Mysterious Sphere","floor":47,"gold_loss":0}],"is_beta":false,"boss_relics":[{"not_picked":["Ring of the Serpent","Tiny House"],"picked":"WristBlade"},{"not_picked":["Empty Cage","Snecko Eye"],"picked":"Eternal Feather"}],"items_purged_floors":[3,19,40],"is_endless":false,"potions_floor_spawned":[2,5,6,13,25,28,31,37,42,45],"ascension_level":0}