{"gold_per_floor":[110,129,129,144,144,144,171,171,197,197,66,86,36,53,53,53],"floor_reached":16,"playtime":515,"items_purged":["Strike_B","Strike_B"],"score":195,"play_id":"c616293d-36da-457c-9415-1fefc9390308","local_time":"20190614172907","is_ascension_mode":true,"campfire_choices":[{"floor":6,"key":"REST"},{"floor":8,"key":"REST"},{"floor":10,"key":"REST"},{"data":"Defragment","floor":15,"key":"SMITH"}],"neow_cost":"PERCENT_DAMAGE","seed_source_timestamp":0,"circlet_count":0,"master_deck":["AscendersBane","Strike_B","Strike_B","Defend_B","Defend_B","Defend_B","Zap","Dualcast","Sunder","Defragment+1","Beam Cell","Static Discharge","Self Repair","BootSequence"],"special_seed":0,"relics":["Cracked Core","Torii","Smiling Mask","Question Card","Centennial Puzzle"],"potions_floor_usage":[7,16],"damage_taken":[{"damage":2.0,"enemies":"Jaw Worm","floor":1.0,"turns":3.0},{"damage":0.0,"enemies":"2 Louse","floor":2.0,"turns":2.0},{"damage":0.0,"enemies":"Small Slimes","floor":4.0,"turns":2.0},{"damage":35,"enemies":"Lagavulin","floor":7,"turns":5},{"damage":2,"enemies":"Blue Slaver","floor":12,"turns":3},{"damage":17,"enemies":"Large Slime","floor":14,"turns":4},{"damage":52,"enemies":"Slime Boss","floor":16,"turns":8}],"seed_played":"6708749487968995518","potions_obtained":[{"floor":1.0,"key":"PowerPotion"},{"floor":7,"key":"Strength Potion"},{"floor":12,"key":"Block Potion"}],"is_trial":false,"path_per_floor":["M","M","?","M","?","R","E","R","T","R","$","M","$","M","R","B"],"character_chosen":"DEFECT","items_purchased":["Self Repair"],"campfire_rested":3,"item_purchase_floors":[11],"current_hp_per_floor":[44,44,37,37,19,40,5,26,26,47,47,52,52,42,42,0],"gold":53,"neow_bonus":"ONE_RARE_RELIC","is_prod":false,"is_daily":false,"chose_seed":false,"campfire_upgraded":1,"win_rate":0,"timestamp":1560558547,"path_taken":["M","M","?","M","?","R","E","R","T","R","$","M","?","M","R","BOSS"],"build_version":"2019-01-23","purchased_purges":2,"victory":false,"max_hp_per_floor":[71,71,71,71,71,71,71,71,71,71,71,71,71,71,71,71],"card_choices":[{"not_picked":["Melter","Beam Cell"],"picked":"Sunder","floor":1.0},{"not_picked":["Stack","Cold Snap"],"picked":"Defragment","floor":2.0},{"not_picked":["Reinforced Body","Cold Snap"],"picked":"Beam Cell","floor":4.0},{"not_picked":["Force Field","Sweeping Beam"],"picked":"Static Discharge","floor":7},{"not_picked":["Compile Driver","Redo","Sweeping Beam"],"picked":"BootSequence","floor":12},{"not_picked":["Rainbow","Barrage","Turbo","Beam Cell"],"picked":"SKIP","floor":14}],"player_experience":1397347,"relics_obtained":[{"floor":7,"key":"Question Card"},{"floor":9,"key":"Centennial Puzzle"}],"event_choices":[{"cards_removed":["Defend_B"],"damage_healed":0.0,"max_hp_gain":0.0,"max_hp_loss":0.0,"gold_gain":0.0,"event_name":"Golden Wing","player_choice":"Card Removal","floor":3.0,"gold_loss":0.0,"damage_taken":7.0},{"damage_healed":0,"gold_gain":0,"player_choice":"Success","damage_taken":18,"relics_obtained":["Smiling Mask"],"max_hp_gain":0,"max_hp_loss":0,"event_name":"Scrap Ooze","floor":5,"gold_loss":0}],"is_beta":false,"boss_relics":[],"items_purged_floors":[11,13],"is_endless":false,"potions_floor_spawned":[1,7,12],"killed_by":"Slime Boss","ascension_level":19}