{"gold_per_floor":[114,114,114,130,150,150,75,75,121,146,169,169,188,212,212,303,303,326,326,340,340,356,356,381,381,381,381],"floor_reached":27,"playtime":1008,"items_purged":["Injury"],"score":404,"play_id":"50499104-261f-460c-a251-d018417f4fa6","local_time":"20190725180538","is_ascension_mode":true,"campfire_choices":[{"data":"Loop","floor":6,"key":"SMITH"},{"data":"Loop","floor":8,"key":"SMITH"},{"data":"Coolheaded","floor":12,"key":"SMITH"},{"floor":15,"key":"REST"},{"floor":23,"key":"REST"},{"floor":25,"key":"REST"}],"neow_cost":"TEN_PERCENT_HP_LOSS","seed_source_timestamp":8805886031937,"circlet_count":0,"master_deck":["AscendersBane","Strike_B","Strike_B","Defend_B","Defend_B","Defend_B","Dualcast","Loop+1","Rebound","Loop+1","Coolheaded+1","Doom and Gloom","Leap","Seek","Conserve Battery","Compile Driver+1","Auto Shields","Loop","Normality"],"relics":["Cracked Core","Golden Idol","Pear","Centennial Puzzle","Cursed Key","Pantograph"],"potions_floor_usage":[16,22],"damage_taken":[{"damage":7,"enemies":"Jaw Worm","floor":1,"turns":4},{"damage":8,"enemies":"2 Louse","floor":4,"turns":4},{"damage":1,"enemies":"Cultist","floor":5,"turns":3},{"damage":4,"enemies":"Exordium Wildlife","floor":10,"turns":3},{"damage":11,"enemies":"3 Louse","floor":11,"turns":3},{"damage":19,"enemies":"Lots of Slimes","floor":13,"turns":3},{"damage":6,"enemies":"Blue Slaver","floor":14,"turns":3},{"damage":9,"enemies":"The Guardian","floor":16,"turns":7},{"damage":24,"enemies":"Shell Parasite","floor":18,"turns":3},{"damage":9,"enemies":"Spheric Guardian","floor":20,"turns":4},{"damage":18,"enemies":"Centurion and Healer","floor":22,"turns":6},{"damage":18,"enemies":"Snake Plant","floor":24,"turns":5},{"damage":59,"enemies":"Gremlin Leader","floor":27,"turns":3}],"seed_played":"-1224734839735743582","potions_obtained":[{"floor":1,"key":"AttackPotion"},{"floor":5,"key":"SpeedPotion"},{"floor":11,"key":"SkillPotion"},{"floor":20,"key":"Regen Potion"},{"floor":22,"key":"FocusPotion"}],"is_trial":false,"path_per_floor":["M","?","?","M","M","R","$","R","T","M","M","R","M","M","R","B",null,"M","?","M","?","M","R","M","R","T","E"],"character_chosen":"DEFECT","items_purchased":[],"campfire_rested":3,"item_purchase_floors":[],"current_hp_per_floor":[57,57,67,59,58,58,58,58,58,54,43,43,24,18,40,31,63,39,39,30,30,24,46,28,50,50,0],"gold":381,"neow_bonus":"REMOVE_TWO","is_prod":false,"is_daily":false,"chose_seed":false,"campfire_upgraded":3,"win_rate":0,"timestamp":1564103138,"path_taken":["M","?","?","M","?","R","$","R","T","M","M","R","M","M","R","BOSS","M","?","M","?","M","R","M","R","T","E"],"build_version":"2019-07-17","purchased_purges":1,"victory":false,"max_hp_per_floor":[64,64,74,74,74,74,74,74,74,74,74,74,74,74,74,74,74,74,74,74,74,74,74,74,74,74,74],"card_choices":[{"not_picked":["Conserve Battery","Reinforced Body"],"picked":"Loop","floor":1},{"not_picked":["Steam","Hologram"],"picked":"Rebound","floor":4},{"not_picked":["Ball Lightning","Compile Driver"],"picked":"Loop","floor":5},{"not_picked":["Go for the Eyes","Compile Driver"],"picked":"Coolheaded","floor":10},{"not_picked":["Double Energy","FTL"],"picked":"Doom and Gloom","floor":11},{"not_picked":["Streamline","Coolheaded"],"picked":"Leap","floor":13},{"not_picked":["Steam","Consume","Steam Power"],"picked":"SKIP","floor":14},{"not_picked":["Meteor Strike","Hyperbeam"],"picked":"Seek","floor":16},{"not_picked":["Rebound","Heatsinks+1"],"picked":"Conserve Battery","floor":18},{"not_picked":["Consume+1","Coolheaded"],"picked":"Compile Driver+1","floor":20},{"not_picked":["Conserve Battery","Blizzard"],"picked":"Auto Shields","floor":22},{"not_picked":["Stack","Leap"],"picked":"Loop","floor":24}],"player_experience":1448457,"relics_obtained":[{"floor":9,"key":"Centennial Puzzle"},{"floor":26,"key":"Pantograph"}],"event_choices":[{"damage_healed":0,"gold_gain":0,"player_choice":"Take Wound","damage_taken":0,"relics_obtained":["Golden Idol"],"max_hp_gain":0,"max_hp_loss":0,"event_name":"Golden Idol","floor":2,"gold_loss":0,"cards_obtained":["Injury"]},{"damage_healed":0,"gold_gain":0,"player_choice":"Gave Potion","damage_taken":0,"relics_obtained":["Pear"],"max_hp_gain":0,"max_hp_loss":0,"event_name":"WeMeetAgain","floor":3,"gold_loss":0},{"cards_removed":["Strike_B"],"damage_healed":0,"gold_gain":0,"player_choice":"Elegance","damage_taken":0,"max_hp_gain":0,"max_hp_loss":0,"event_name":"Back to Basics","floor":19,"gold_loss":0},{"cards_removed":["Zap"],"damage_healed":0,"gold_gain":0,"player_choice":"Offered Basic","damage_taken":0,"max_hp_gain":0,"max_hp_loss":0,"event_name":"Bonfire Elementals","floor":21,"gold_loss":0}],"is_beta":false,"boss_relics":[{"not_picked":["Eternal Feather","Ectoplasm"],"picked":"Cursed Key"}],"items_purged_floors":[7],"is_endless":false,"potions_floor_spawned":[1,5,11,20,22],"killed_by":"Gremlin Leader","ascension_level":19}