{"gold_per_floor":[16,26,26,44,56,56,67,67,67,67,82,115,115,148,148,267,267,282,298,298,39,52,52,77,112,112,112,156,156,177,190,190,190],"floor_reached":33,"playtime":2764,"items_purged":["Strike_R"],"score":486,"play_id":"0476d484-e1af-4f20-9b67-8938e584ccaa","local_time":"20180925003035","is_ascension_mode":true,"campfire_choices":[{"data":"Demon Form","floor":6,"key":"SMITH"},{"data":"Heavy Blade","floor":10,"key":"SMITH"},{"floor":13,"key":"REST"},{"floor":15,"key":"REST"},{"floor":23,"key":"REST"},{"data":"Heavy Blade","floor":27,"key":"SMITH"},{"floor":29,"key":"REST"},{"data":"Flame Barrier","floor":32,"key":"SMITH"}],"neow_cost":"NO_GOLD","seed_source_timestamp":509887831392569,"circlet_count":0,"master_deck":["Strike_R","Strike_R","Strike_R","Defend_R","Defend_R","Defend_R","Defend_R","Bash","AscendersBane","Demon Form+1","Shrug It Off","Sword Boomerang","Spot Weakness","Twin Strike","Heavy Blade+1","Injury","Flame Barrier+1","Fiend Fire","Flex","Heavy Blade+1","Spot Weakness","Seeing Red","Inflame+1","Twin Strike","Shrug It Off+1","Shame","Seeing Red"],"relics":["Burning Blood","Golden Idol","Strawberry","Oddly Smooth Stone","Mercury Hourglass","Cursed Key","Regal Pillow","Bottled Tornado","Meat on the Bone","Letter Opener"],"potions_floor_usage":[12,22,25,30,33],"damage_taken":[{"damage":4,"enemies":"Cultist","floor":1,"turns":5},{"damage":8,"enemies":"2 Louse","floor":2,"turns":2},{"damage":9,"enemies":"Jaw Worm","floor":4,"turns":4},{"damage":17,"enemies":"3 Louse","floor":5,"turns":3},{"damage":5,"enemies":"Red Slaver","floor":7,"turns":3},{"damage":15,"enemies":"Looter","floor":11,"turns":4},{"damage":32,"enemies":"Lagavulin","floor":12,"turns":6},{"damage":52,"enemies":"Gremlin Nob","floor":14,"turns":5},{"damage":34,"enemies":"The Guardian","floor":16,"turns":13},{"damage":6,"enemies":"Shell Parasite","floor":18,"turns":3},{"damage":18,"enemies":"Spheric Guardian","floor":19,"turns":4},{"damage":23,"enemies":"3 Cultists","floor":22,"turns":6},{"damage":33,"enemies":"Shelled Parasite and Fungi","floor":24,"turns":5},{"damage":4,"enemies":"Gremlin Leader","floor":25,"turns":5},{"damage":57,"enemies":"Slavers","floor":28,"turns":4},{"damage":12,"enemies":"Cultist and Chosen","floor":30,"turns":3},{"damage":18,"enemies":"Snake Plant","floor":31,"turns":2},{"damage":82,"enemies":"Collector","floor":33,"turns":5}],"seed_played":"6142006270449292214","potions_obtained":[{"floor":1,"key":"PowerPotion"},{"floor":2,"key":"FairyPotion"},{"floor":5,"key":"Swift Potion"},{"floor":22,"key":"EssenceOfSteel"},{"floor":28,"key":"Regen Potion"},{"floor":31,"key":"FearPotion"}],"is_trial":false,"path_per_floor":["M","M","?","M","M","R","M","?","T","R","M","E","R","E","R","B",null,"M","M","?","$","M","R","M","E","T","R","E","R","M","M","R"],"character_chosen":"IRONCLAD","items_purchased":["Regal Pillow","Seeing Red"],"campfire_rested":4,"item_purchase_floors":[21,21],"current_hp_per_floor":[74,72,72,69,58,58,59,59,66,66,57,31,57,11,37,9,68,68,56,56,56,39,80,53,55,55,55,26,67,70,58,58,0],"gold":190,"neow_bonus":"THREE_RARE_CARDS","is_prod":false,"is_daily":false,"chose_seed":false,"campfire_upgraded":4,"win_rate":0,"timestamp":1537860635,"path_taken":["M","?","?","M","?","R","M","?","T","R","M","E","R","E","R","BOSS","M","M","?","$","M","R","M","E","T","R","E","R","?","M","R","BOSS"],"build_version":"2018-09-20","purchased_purges":1,"victory":false,"max_hp_per_floor":[80,80,80,80,80,80,80,80,87,87,87,87,87,87,87,87,87,87,87,87,87,87,87,87,87,87,87,87,87,87,87,87,87],"card_choices":[{"not_picked":["Impervious","Berserk"],"picked":"Demon Form","floor":0},{"not_picked":["Twin Strike","Clothesline"],"picked":"Shrug It Off","floor":1},{"not_picked":["Perfected Strike","Body Slam"],"picked":"Sword Boomerang","floor":2},{"not_picked":["Evolve","Pommel Strike"],"picked":"Twin Strike","floor":4},{"not_picked":["Corruption","Warcry","Uppercut"],"picked":"SKIP","floor":5},{"not_picked":["Clothesline","Thunderclap"],"picked":"Heavy Blade","floor":7},{"not_picked":["Headbutt","Warcry","Clothesline"],"picked":"SKIP","floor":11},{"not_picked":["Power Through","Berserk"],"picked":"Flame Barrier","floor":12},{"not_picked":["Iron Wave","Clash","Sentinel"],"picked":"SKIP","floor":14},{"not_picked":["Bludgeon","Exhume"],"picked":"Fiend Fire","floor":16},{"not_picked":["Uppercut","Thunderclap"],"picked":"Flex","floor":18},{"not_picked":["Wild Strike+1","True Grit"],"picked":"Heavy Blade","floor":19},{"not_picked":["Uppercut","Perfected Strike"],"picked":"Inflame+1","floor":22},{"not_picked":["Dropkick+1","Intimidate"],"picked":"Twin Strike","floor":24},{"not_picked":["Clash","Brutality"],"picked":"Shrug It Off+1","floor":25},{"not_picked":["Disarm","Clothesline+1","Cleave"],"picked":"SKIP","floor":28},{"not_picked":["Blood for Blood","Clothesline"],"picked":"Seeing Red","floor":30},{"not_picked":["Warcry","Perfected Strike+1","Headbutt"],"picked":"SKIP","floor":31}],"player_experience":836967,"relics_obtained":[{"floor":9,"key":"Strawberry"},{"floor":12,"key":"Oddly Smooth Stone"},{"floor":14,"key":"Mercury Hourglass"},{"floor":25,"key":"Bottled Tornado"},{"floor":26,"key":"Meat on the Bone"},{"floor":28,"key":"Letter Opener"}],"event_choices":[{"event_name":"Living Wall","player_choice":"Change","floor":3,"damage_taken":0},{"event_name":"Golden Idol","player_choice":"Take Wound","floor":8,"damage_taken":0},{"event_name":"The Library","player_choice":"Read","floor":20,"damage_taken":0}],"is_beta":false,"boss_relics":[{"not_picked":["Orrery","White Beast Statue"],"picked":"Cursed Key"}],"items_purged_floors":[21],"is_endless":false,"potions_floor_spawned":[1,2,5,22,28,31],"killed_by":"Collector","ascension_level":10}