{"gold_per_floor":[115,115,139,152,70,110,110,124,204,229,229,229,247,270,270,270],"floor_reached":16,"playtime":1209,"items_purged":[],"score":104,"play_id":"acab748b-b8ad-4000-acff-232606c76346","local_time":"20181122132606","is_ascension_mode":false,"campfire_choices":[{"floor":12,"key":"REST"},{"floor":15,"key":"REST"}],"neow_cost":"NONE","seed_source_timestamp":3512797156210,"circlet_count":0,"master_deck":["Defend_G","Defend_G","Defend_G+1","Strike_G","Strike_G","Strike_G","Survivor","Neutralize","Noxious Fumes+1","Malaise+1","Phantasmal Killer+1","Noxious Fumes","Poisoned Stab","Bane+1","Catalyst","Blade Dance","Burst","Well Laid Plans","Cloak And Dagger"],"relics":["Astrolabe","Golden Idol","Dead Branch"],"potions_floor_usage":[],"damage_taken":[{"damage":0,"enemies":"2 Louse","floor":1,"turns":3},{"damage":4,"enemies":"Small Slimes","floor":3,"turns":4},{"damage":6,"enemies":"Jaw Worm","floor":4,"turns":4},{"damage":12,"enemies":"Lagavulin","floor":6,"turns":7},{"damage":7,"enemies":"Large Slime","floor":8,"turns":7},{"damage":0,"enemies":"3 Louse","floor":10,"turns":2},{"damage":4,"enemies":"Looter","floor":13,"turns":3},{"damage":2,"enemies":"Exordium Thugs","floor":14,"turns":4},{"damage":0,"enemies":"Hexaghost","floor":16,"turns":1}],"seed_played":"-8808812982829496386","potions_obtained":[{"floor":1,"key":"SteroidPotion"},{"floor":10,"key":"SkillPotion"},{"floor":13,"key":"Strength Potion"}],"is_trial":false,"path_per_floor":["M","?","M","M","$","E","?","M","T","M","?","R","M","M","R","B"],"character_chosen":"THE_SILENT","items_purchased":["Catalyst"],"campfire_rested":2,"item_purchase_floors":[5],"current_hp_per_floor":[70,53,49,43,43,31,17,10,10,10,3,24,20,18,39,39],"gold":270,"neow_bonus":"BOSS_RELIC","is_prod":false,"is_daily":false,"chose_seed":false,"campfire_upgraded":0,"win_rate":0,"timestamp":1542921966,"path_taken":["M","?","M","M","$","E","?","M","T","M","?","R","M","M","R","BOSS"],"build_version":"2018-11-15","purchased_purges":0,"victory":false,"max_hp_per_floor":[70,70,70,70,70,70,70,70,70,70,70,70,70,70,70,70],"card_choices":[{"not_picked":["Reflex","Slice"],"picked":"Noxious Fumes","floor":1},{"not_picked":["Dodge and Roll","Prepared"],"picked":"Poisoned Stab","floor":3},{"not_picked":["Flying Knee","Prepared"],"picked":"Bane","floor":4},{"not_picked":["Quick Slash","Flying Knee"],"picked":"Blade Dance","floor":6},{"not_picked":["Eviscerate","Prepared"],"picked":"Burst","floor":8},{"not_picked":["Footwork","Tactician"],"picked":"Well Laid Plans","floor":10},{"not_picked":["Deadly Poison","Flechettes","Expertise"],"picked":"SKIP","floor":13},{"not_picked":["Acrobatics","Well Laid Plans"],"picked":"Cloak And Dagger","floor":14}],"player_experience":1014057,"relics_obtained":[{"floor":6,"key":"Dead Branch"}],"event_choices":[{"damage_healed":0,"gold_gain":0,"player_choice":"Take Damage","damage_taken":17,"relics_obtained":["Golden Idol"],"max_hp_gain":0,"max_hp_loss":0,"event_name":"Golden Idol","floor":2,"gold_loss":0},{"damage_healed":0,"gold_gain":0,"player_choice":"Entered Light","damage_taken":14,"max_hp_gain":0,"max_hp_loss":0,"event_name":"Shining Light","floor":7,"gold_loss":0,"cards_upgraded":["Defend_G","Bane"]},{"cards_removed":["Strike_G"],"damage_healed":0,"gold_gain":0,"player_choice":"Card Removal","damage_taken":7,"max_hp_gain":0,"max_hp_loss":0,"event_name":"Golden Wing","floor":11,"gold_loss":0}],"is_beta":false,"boss_relics":[],"items_purged_floors":[],"is_endless":false,"potions_floor_spawned":[1,10,13],"killed_by":"Hexaghost","ascension_level":0}