{"gold_per_floor":[369,221,221,221,234,248,268,268,268,268,282,321,72,72,72,72],"floor_reached":16,"playtime":756,"items_purged":["Strike_R","Carnage"],"score":100,"play_id":"3e50f9e8-e538-448c-b976-0176aa7c8e3e","local_time":"20190730222043","is_ascension_mode":false,"campfire_choices":[{"data":"Whirlwind","floor":8,"key":"SMITH"},{"floor":15,"key":"REST"}],"neow_cost":"TEN_PERCENT_HP_LOSS","seed_source_timestamp":84252126829659,"circlet_count":0,"master_deck":["Strike_R+1","Strike_R+1","Defend_R","Defend_R","Defend_R","Defend_R","Bash","Whirlwind+1"],"relics":["Burning Blood","Golden Idol","Bronze Scales","Paper Frog","Juzu Bracelet"],"potions_floor_usage":[12,16,16],"damage_taken":[{"damage":0,"enemies":"Small Slimes","floor":1,"turns":3},{"damage":11,"enemies":"Jaw Worm","floor":5,"turns":3},{"damage":1,"enemies":"Cultist","floor":6,"turns":3},{"damage":20,"enemies":"Exordium Thugs","floor":7,"turns":4},{"damage":0,"enemies":"3 Louse","floor":11,"turns":1},{"damage":36,"enemies":"Lagavulin","floor":12,"turns":4},{"damage":52,"enemies":"Hexaghost","floor":16,"turns":10}],"seed_played":"5643041455567577870","potions_obtained":[{"floor":1,"key":"BloodPotion"},{"floor":6,"key":"PowerPotion"},{"floor":7,"key":"AttackPotion"}],"is_trial":false,"path_per_floor":["M","$","?","?","M","M","M","R","T","?","M","E","$","?","R","B"],"character_chosen":"IRONCLAD","items_purchased":["Whirlwind","Juzu Bracelet"],"campfire_rested":1,"item_purchase_floors":[2,13],"current_hp_per_floor":[72,72,65,65,60,65,51,51,51,51,57,27,27,14,34,0],"gold":72,"neow_bonus":"TWO_FIFTY_GOLD","is_prod":false,"is_daily":false,"chose_seed":false,"campfire_upgraded":1,"win_rate":0,"timestamp":1564539643,"path_taken":["M","$","?","?","?","M","M","R","T","?","M","E","$","?","R","BOSS"],"build_version":"2019-07-17","purchased_purges":2,"victory":false,"max_hp_per_floor":[72,72,72,67,67,67,67,67,67,67,67,67,67,67,67,67],"card_choices":[{"not_picked":["Intimidate","Pommel Strike","Fire Breathing"],"picked":"SKIP","floor":1},{"not_picked":["Metallicize","Blood for Blood","Infernal Blade"],"picked":"SKIP","floor":5},{"not_picked":["Headbutt","Reckless Charge","Infernal Blade"],"picked":"SKIP","floor":6},{"not_picked":["Perfected Strike","Wild Strike","Rampage"],"picked":"SKIP","floor":7},{"not_picked":["Seeing Red","Flex","Intimidate"],"picked":"SKIP","floor":11},{"not_picked":["Barricade","Disarm","True Grit"],"picked":"SKIP","floor":12}],"player_experience":305531,"relics_obtained":[{"floor":9,"key":"Bronze Scales"},{"floor":12,"key":"Paper Frog"}],"event_choices":[{"cards_removed":["Strike_R"],"damage_healed":0,"gold_gain":0,"player_choice":"Card Removal","damage_taken":7,"max_hp_gain":0,"max_hp_loss":0,"event_name":"Golden Wing","floor":3,"gold_loss":0},{"damage_healed":0,"gold_gain":0,"player_choice":"Lose Max HP","damage_taken":0,"relics_obtained":["Golden Idol"],"max_hp_gain":0,"max_hp_loss":5,"event_name":"Golden Idol","floor":4,"gold_loss":0},{"damage_healed":0,"gold_gain":0,"cards_transformed":["Strike_R"],"player_choice":"Transformed","damage_taken":0,"max_hp_gain":0,"max_hp_loss":0,"event_name":"Transmorgrifier","floor":10,"gold_loss":0,"cards_obtained":["Carnage"]},{"damage_healed":0,"gold_gain":0,"player_choice":"Entered Light","damage_taken":13,"max_hp_gain":0,"max_hp_loss":0,"event_name":"Shining Light","floor":14,"gold_loss":0,"cards_upgraded":["Strike_R","Strike_R"]}],"is_beta":false,"boss_relics":[],"items_purged_floors":[2,13],"is_endless":false,"potions_floor_spawned":[1,6,7],"killed_by":"Hexaghost","ascension_level":0}