{"gold_per_floor":[109,34,34,58,58,58,98,98,98,248,272,33,33,71,71,71],"floor_reached":16,"playtime":574,"items_purged":["Strike_G"],"score":186,"play_id":"1f5a553f-a0b8-4745-80e6-1503ff7ba545","local_time":"20190616191023","is_ascension_mode":true,"campfire_choices":[{"data":"Adrenaline","floor":6,"key":"SMITH"},{"floor":8,"key":"REST"},{"floor":13,"key":"REST"},{"data":"Venomology","floor":15,"key":"SMITH"}],"neow_cost":"NONE","seed_source_timestamp":26235949739543,"circlet_count":0,"master_deck":["AscendersBane","Defend_G","Defend_G","Defend_G","Defend_G","Defend_G","Strike_G","Strike_G","Strike_G","Strike_G","Survivor","Neutralize","Adrenaline+1","Flying Knee","Flying Knee","Acrobatics","Doubt","Crippling Poison","Escape Plan","Venomology+1"],"relics":["Ring of the Snake","Golden Idol","Art of War","Pear","Chemical X","Strawberry"],"potions_floor_usage":[14,16],"damage_taken":[{"damage":0,"enemies":"2 Louse","floor":1,"turns":3},{"damage":2,"enemies":"Jaw Worm","floor":4,"turns":5},{"damage":43,"enemies":"Lagavulin","floor":7,"turns":8},{"damage":0,"enemies":"Small Slimes","floor":11,"turns":3},{"damage":19,"enemies":"3 Sentries","floor":14,"turns":8},{"damage":53,"enemies":"The Guardian","floor":16,"turns":8}],"seed_played":"4456759952062170373","potions_obtained":[{"floor":4,"key":"GamblersBrew"},{"floor":7,"key":"PowerPotion"}],"is_trial":false,"path_per_floor":["M","$","?","M","?","R","E","R","T","?","M","$","R","E","R","B"],"character_chosen":"THE_SILENT","items_purchased":["Chemical X","Escape Plan"],"campfire_rested":2,"item_purchase_floors":[12,12],"current_hp_per_floor":[59,59,59,57,57,57,14,33,43,43,43,43,65,53,53,0],"gold":71,"neow_bonus":"ONE_RANDOM_RARE_CARD","is_prod":false,"is_daily":false,"chose_seed":false,"campfire_upgraded":2,"win_rate":0,"timestamp":1560737423,"path_taken":["M","$","?","M","?","R","E","R","T","?","?","$","R","E","R","BOSS"],"build_version":"2019-01-23","purchased_purges":1,"victory":false,"max_hp_per_floor":[66,66,66,66,66,66,66,66,76,76,76,76,76,83,83,83],"card_choices":[{"not_picked":["Sucker Punch","Outmaneuver"],"picked":"Flying Knee","floor":1},{"not_picked":["Flechettes","Cloak And Dagger"],"picked":"Flying Knee","floor":4},{"not_picked":["Eviscerate","PiercingWail"],"picked":"Acrobatics","floor":7},{"not_picked":["Deadly Poison","Eviscerate"],"picked":"Crippling Poison","floor":11},{"not_picked":["Reflex","Blade Dance"],"picked":"Venomology","floor":14}],"player_experience":1405406,"relics_obtained":[{"floor":7,"key":"Art of War"},{"floor":9,"key":"Pear"},{"floor":14,"key":"Strawberry"}],"event_choices":[{"damage_healed":0,"gold_gain":0,"player_choice":"Take Wound","damage_taken":0,"relics_obtained":["Golden Idol"],"max_hp_gain":0,"max_hp_loss":0,"event_name":"Golden Idol","floor":3,"gold_loss":0,"cards_obtained":["Injury"]},{"cards_removed":["Injury"],"damage_healed":0,"gold_gain":0,"player_choice":"Forget","damage_taken":0,"max_hp_gain":0,"max_hp_loss":0,"event_name":"Living Wall","floor":5,"gold_loss":0},{"damage_healed":0,"gold_gain":150,"player_choice":"AGREE","damage_taken":0,"max_hp_gain":0,"max_hp_loss":0,"event_name":"Liars Game","floor":10,"gold_loss":0,"cards_obtained":["Doubt"]}],"is_beta":false,"boss_relics":[],"items_purged_floors":[2],"is_endless":false,"potions_floor_spawned":[4,7],"killed_by":"The Guardian","ascension_level":15}