{"gold_per_floor":[114,130,55,66,82,82,32,32,55,55,55,66,100,0,0,102,102,119,133,333,343,343,343,401,421,469,271,288,313,325,325,325,423,423,435,36,53,100,100,135,154,154,154,154,166,166,0,30,30,30],"floor_reached":51,"playtime":3591,"items_purged":["Strike_R","Defend_R","Defend_R","Strike_R"],"score":1068,"play_id":"3917c46e-9bae-4ef7-995b-0f49d43947cc","local_time":"20180909141935","is_ascension_mode":true,"campfire_choices":[{"data":"Armaments","floor":6.0,"key":"SMITH"},{"data":"Metallicize","floor":8.0,"key":"SMITH"},{"data":"Entrench","floor":11.0,"key":"SMITH"},{"data":"Bludgeon","floor":15.0,"key":"SMITH"},{"floor":23.0,"key":"REST"},{"floor":32.0,"key":"REST"},{"data":"1","floor":42,"key":"LIFT"},{"data":"Defend_R","floor":44,"key":"PURGE"},{"data":"Defend_R","floor":46,"key":"PURGE"},{"floor":49,"key":"REST"}],"neow_cost":"NONE","seed_source_timestamp":0,"circlet_count":0,"master_deck":["Strike_R+1","Strike_R+1","Bludgeon","Entrench+1","Bludgeon+1","Armaments+1","Shrug It Off","Double Tap","Battle Trance","Entrench+1","Warcry+1","Metallicize","Offering","Bloodletting","Intimidate","Limit Break","Iron Wave","Juggernaut","Body Slam","Warcry+1","Trip","Bloodletting","Disarm+1","Headbutt+1"],"special_seed":0,"relics":["Burning Blood","Regal Pillow","Vajra","Fusion Hammer","Bag of Preparation","Tiny Chest","Lantern","Art of War","Runic Pyramid","Sundial","Girya","Red Skull","Peace Pipe","Red Mask","Boot"],"potions_floor_usage":[50,50],"damage_taken":[{"damage":2.0,"enemies":"Jaw Worm","floor":1.0,"turns":3.0},{"damage":0.0,"enemies":"2 Louse","floor":2.0,"turns":3.0},{"damage":7.0,"enemies":"Small Slimes","floor":4.0,"turns":4.0},{"damage":2.0,"enemies":"2 Fungi Beasts","floor":5.0,"turns":4.0},{"damage":12.0,"enemies":"3 Louse","floor":12.0,"turns":5.0},{"damage":22.0,"enemies":"Gremlin Nob","floor":13.0,"turns":4.0},{"damage":25.0,"enemies":"Slime Boss","floor":16.0,"turns":14.0},{"damage":7.0,"enemies":"Chosen","floor":18.0,"turns":3.0},{"damage":12.0,"enemies":"Spheric Guardian","floor":19.0,"turns":5.0},{"damage":5.0,"enemies":"3 Cultists","floor":21.0,"turns":5.0},{"damage":27.0,"enemies":"Book of Stabbing","floor":24.0,"turns":4.0},{"damage":0.0,"enemies":"Snake Plant","floor":25.0,"turns":1.0},{"damage":0.0,"enemies":"Snecko","floor":28.0,"turns":3.0},{"damage":25.0,"enemies":"Slavers","floor":29.0,"turns":6.0},{"damage":0.0,"enemies":"Sentry and Sphere","floor":30.0,"turns":3.0},{"damage":38.0,"enemies":"Champ","floor":33.0,"turns":8.0},{"damage":6.0,"enemies":"Orb Walker","floor":35.0,"turns":3.0},{"damage":9.0,"enemies":"3 Darklings","floor":37.0,"turns":5.0},{"damage":6.0,"enemies":"Mysterious Sphere","floor":38.0,"turns":4.0},{"damage":12.0,"enemies":"Giant Head","floor":40.0,"turns":5.0},{"damage":15,"enemies":"Maw","floor":41,"turns":4},{"damage":8,"enemies":"4 Shapes","floor":45,"turns":6},{"damage":40,"enemies":"Nemesis","floor":48,"turns":5},{"damage":68,"enemies":"Awakened One","floor":50,"turns":7}],"seed_played":"-3676202802094696403","potions_obtained":[{"floor":1.0,"key":"GamblersBrew"},{"floor":2.0,"key":"Dexterity Potion"},{"floor":5.0,"key":"FairyPotion"},{"floor":16.0,"key":"SteroidPotion"},{"floor":24.0,"key":"SteroidPotion"},{"floor":29.0,"key":"AttackPotion"},{"floor":33.0,"key":"LiquidBronze"},{"floor":35.0,"key":"Energy Potion"},{"floor":37.0,"key":"FearPotion"}],"is_trial":false,"path_per_floor":["M","M","$","M","M","R","?","R","T","?","R","M","E","$","R","B",null,"M","M","?","M","?","R","E","M","T","$","M","E","M","?","R","B",null,"M","$","M","?","?","E","M","R","T","R","M","R","?","E","R","B"],"character_chosen":"IRONCLAD","items_purchased":["Metallicize","Sundial"],"campfire_rested":3,"item_purchase_floors":[27,36],"current_hp_per_floor":[76,80,80,79,80,80,80,80,80,64,64,58,42,42,42,23,66,65,59,59,60,60,80,59,65,65,65,71,52,58,58,80,48,72,72,72,69,69,69,63,54,54,54,54,52,52,52,18,57,11],"gold":30,"neow_bonus":"ONE_RANDOM_RARE_CARD","is_prod":false,"is_daily":false,"chose_seed":false,"campfire_upgraded":4,"win_rate":0,"timestamp":1536527975,"path_taken":["M","M","$","M","M","R","?","R","T","?","R","?","E","$","R","BOSS","M","M","?","M","?","R","E","M","T","$","M","E","M","?","R","BOSS","M","$","M","?","?","E","?","R","T","R","M","R","?","E","R","BOSS"],"build_version":"2018-09-06","purchased_purges":4,"victory":true,"max_hp_per_floor":[80,80,80,80,80,80,80,80,80,80,80,80,80,80,80,80,80,80,80,80,80,80,80,80,80,80,80,80,80,80,80,80,80,80,80,80,80,80,80,80,80,80,80,80,80,80,80,80,80,80],"card_choices":[{"not_picked":["Sword Boomerang","Inflame"],"picked":"Metallicize","floor":1.0},{"not_picked":["Armaments","Pommel Strike"],"picked":"Entrench","floor":2.0},{"not_picked":["Shrug It Off","Sword Boomerang"],"picked":"Bludgeon","floor":4.0},{"not_picked":["Second Wind","Feel No Pain"],"picked":"Armaments","floor":5.0},{"not_picked":["Wild Strike","Pommel Strike","Heavy Blade"],"picked":"SKIP","floor":12.0},{"not_picked":["Power Through","Wild Strike"],"picked":"Shrug It Off","floor":13.0},{"not_picked":["Demon Form","Limit Break"],"picked":"Double Tap","floor":16.0},{"not_picked":["Havoc","Bloodletting","Blood for Blood+1"],"picked":"SKIP","floor":18.0},{"not_picked":["Headbutt+1","Havoc"],"picked":"Battle Trance","floor":19.0},{"not_picked":["Anger","Flex+1"],"picked":"Shrug It Off","floor":21.0},{"not_picked":["Sword Boomerang","Armaments"],"picked":"Entrench+1","floor":24.0},{"not_picked":["Clothesline","Iron Wave"],"picked":"Warcry+1","floor":25.0},{"not_picked":["Rage","Rampage","Battle Trance+1"],"picked":"SKIP","floor":28.0},{"not_picked":["Inflame","Heavy Blade"],"picked":"Offering","floor":29.0},{"not_picked":["Wild Strike","Seeing Red"],"picked":"Bloodletting","floor":30.0},{"not_picked":["Exhume","Feed"],"picked":"Juggernaut","floor":33.0},{"not_picked":["Cleave+1","Havoc+1"],"picked":"Body Slam","floor":35.0},{"not_picked":["Sentinel","Blood for Blood+1","True Grit"],"picked":"SKIP","floor":37.0},{"not_picked":["Perfected Strike","Havoc"],"picked":"Warcry+1","floor":38.0},{"not_picked":["Mind Blast","Purity"],"picked":"Trip","floor":39.0},{"not_picked":["Brutality","Cleave+1"],"picked":"Bloodletting","floor":40.0},{"not_picked":["Rampage+1","Perfected Strike+1"],"picked":"Disarm+1","floor":41},{"not_picked":["Carnage","Thunderclap"],"picked":"Headbutt+1","floor":45},{"not_picked":["Sword Boomerang+1","Spot Weakness+1","Evolve"],"picked":"SKIP","floor":48}],"player_experience":771017,"relics_obtained":[{"floor":9.0,"key":"Regal Pillow"},{"floor":13.0,"key":"Vajra"},{"floor":24.0,"key":"Tiny Chest"},{"floor":26.0,"key":"Lantern"},{"floor":29.0,"key":"Art of War"},{"floor":38.0,"key":"Girya"},{"floor":40.0,"key":"Red Skull"},{"floor":43,"key":"Peace Pipe"},{"floor":48,"key":"Boot"}],"event_choices":[{"event_name":"The Cleric","player_choice":"Card Removal","floor":7.0,"damage_taken":0.0},{"event_name":"Shining Light","player_choice":"Entered Light","floor":10.0,"damage_taken":0.0},{"event_name":"Wheel of Change","player_choice":"Gold","floor":20.0,"damage_taken":0.0},{"event_name":"The Mausoleum","player_choice":"Yes","floor":22.0,"damage_taken":0.0},{"event_name":"Drug Dealer","player_choice":"Became Test Subject","floor":31.0,"damage_taken":0.0},{"event_name":"Mysterious Sphere","player_choice":"Fight","floor":38.0,"damage_taken":0.0},{"event_name":"SensoryStone","player_choice":"Memory 1","floor":39.0,"damage_taken":0.0},{"event_name":"Tomb of Lord Red Mask","player_choice":"Paid","floor":47,"damage_taken":0}],"is_beta":false,"boss_relics":[{"not_picked":["Lizard Tail","Tiny House"],"picked":"Fusion Hammer"},{"not_picked":["Coffee Dripper","Black Blood"],"picked":"Runic Pyramid"}],"items_purged_floors":[3,14,27,36],"is_endless":false,"potions_floor_spawned":[1,2,5,13,16,24,28,29,30,33,35,37],"ascension_level":8}