{"gold_per_floor":[112,112,112,61,61,61,91,91,117,136,136,211,211,224,224,326,326,342,362,372,57,0,0,18,18,18,18,31,31,51,51,51,153,153,168,11,11,29,45,45,59,72,72,0,0,0],"floor_reached":46,"playtime":945,"items_purged":[],"score":443,"play_id":"e08d730d-a95d-4878-83cc-3eec14231ab7","local_time":"20190713091740","is_ascension_mode":false,"campfire_choices":[{"data":"Flex","floor":6,"key":"SMITH"},{"data":"Flex","floor":11,"key":"SMITH"},{"data":"Sword Boomerang","floor":13,"key":"SMITH"},{"floor":15,"key":"REST"},{"data":"Limit Break","floor":23,"key":"SMITH"},{"floor":29,"key":"REST"},{"floor":32,"key":"REST"},{"floor":40,"key":"REST"}],"neow_cost":"NONE","seed_source_timestamp":1295086375546739,"circlet_count":0,"master_deck":["Strike_R","Strike_R","Strike_R","Strike_R+1","Strike_R","Defend_R+1","Bash","Flex+1","Flex+1","Sword Boomerang+1","Parasite","Clash","Limit Break+1","Sword Boomerang","Inflame","Rupture","Rupture+1","Heavy Blade","Offering+1","Heavy Blade+1","Writhe","Spot Weakness+1","Heavy Blade+1","Headbutt+1","Heavy Blade+1"],"relics":["Empty Cage","Juzu Bracelet","Red Skull","Velvet Choker","Toxic Egg 2","Nilry\u0027s Codex","Blue Candle","Philosopher\u0027s Stone","Vajra","Bottled Tornado","Red Mask"],"potions_floor_usage":[33,33,42],"damage_taken":[{"damage":2,"enemies":"2 Louse","floor":1,"turns":3},{"damage":29,"enemies":"3 Sentries","floor":7,"turns":7},{"damage":3,"enemies":"Jaw Worm","floor":10,"turns":2},{"damage":0,"enemies":"Small Slimes","floor":14,"turns":2},{"damage":36,"enemies":"Hexaghost","floor":16,"turns":4},{"damage":16,"enemies":"Shell Parasite","floor":18,"turns":3},{"damage":22,"enemies":"2 Thieves","floor":19,"turns":3},{"damage":0,"enemies":"Snake Plant","floor":20,"turns":2},{"damage":6,"enemies":"3 Cultists","floor":24,"turns":3},{"damage":15,"enemies":"Snecko","floor":28,"turns":3},{"damage":26,"enemies":"Cultist and Chosen","floor":30,"turns":5},{"damage":46,"enemies":"Automaton","floor":33,"turns":5},{"damage":36,"enemies":"3 Darklings","floor":35,"turns":3},{"damage":10,"enemies":"Orb Walker","floor":38,"turns":2},{"damage":53,"enemies":"Sphere and 2 Shapes","floor":39,"turns":3},{"damage":13,"enemies":"Writhing Mass","floor":41,"turns":2},{"damage":10,"enemies":"4 Shapes","floor":42,"turns":3},{"damage":2,"enemies":"3 Darklings","floor":46,"turns":2}],"seed_played":"-5620455293569620197","potions_obtained":[{"floor":10,"key":"Ancient Potion"},{"floor":14,"key":"Dexterity Potion"},{"floor":18,"key":"Poison Potion"},{"floor":30,"key":"BloodPotion"},{"floor":33,"key":"Weak Potion"},{"floor":35,"key":"Dexterity Potion"},{"floor":41,"key":"Energy Potion"},{"floor":42,"key":"Ancient Potion"}],"is_trial":false,"path_per_floor":["M","?","?","$","?","R","E","?","T","M","R","?","R","M","R","B",null,"M","M","M","$","?","R","M","?","T","$","M","R","M","$","R","B",null,"M","$","?","M","M","R","M","M","T","?","$","M"],"character_chosen":"IRONCLAD","items_purchased":["Flex","Toxic Egg 2","Rupture","Vajra"],"campfire_rested":4,"item_purchase_floors":[4,21,21,36],"current_hp_per_floor":[78,78,62,62,55,55,26,46,46,43,43,32,32,32,56,20,80,64,42,42,42,42,42,36,20,20,20,5,29,3,3,27,1,80,44,44,64,54,1,25,12,2,2,2,2,0],"gold":0,"neow_bonus":"BOSS_RELIC","is_prod":false,"is_daily":false,"chose_seed":false,"campfire_upgraded":4,"win_rate":0,"timestamp":1563034660,"path_taken":["M","?","?","$","?","R","E","?","T","M","R","?","R","M","R","BOSS","M","M","M","$","?","R","M","?","T","?","M","R","M","$","R","BOSS","M","$","?","M","M","R","M","M","T","?","?","M"],"build_version":"2019-07-05","purchased_purges":0,"victory":false,"max_hp_per_floor":[80,80,80,80,80,80,80,80,80,80,80,80,80,80,80,80,80,80,80,80,80,80,80,80,80,80,80,80,80,80,80,80,80,80,80,80,80,80,80,80,80,80,80,80,80,80],"card_choices":[{"not_picked":["Headbutt","Warcry"],"picked":"Flex","floor":1},{"not_picked":["Body Slam","Cleave"],"picked":"Sword Boomerang","floor":7},{"not_picked":["Disarm","Anger"],"picked":"Clash","floor":10},{"not_picked":["Metallicize","Perfected Strike","Ghostly Armor"],"picked":"SKIP","floor":14},{"not_picked":["Bludgeon","Double Tap"],"picked":"Limit Break","floor":16},{"not_picked":["Carnage+1","Cleave"],"picked":"Sword Boomerang","floor":18},{"not_picked":["Metallicize","Clothesline+1","Warcry+1"],"picked":"SKIP","floor":19},{"not_picked":["Barricade","Flame Barrier"],"picked":"Inflame","floor":20},{"not_picked":["Anger","Metallicize+1"],"picked":"Rupture+1","floor":24},{"not_picked":["Cleave","Clothesline"],"picked":"Heavy Blade","floor":28},{"not_picked":["Clothesline+1","Metallicize","Corruption"],"picked":"SKIP","floor":30},{"not_picked":["Immolate","Barricade"],"picked":"Offering+1","floor":33},{"not_picked":["Ghostly Armor+1","Rupture+1"],"picked":"Heavy Blade+1","floor":35},{"not_picked":["Feel No Pain","Iron Wave+1"],"picked":"Spot Weakness+1","floor":38},{"not_picked":["Sword Boomerang+1","Rampage"],"picked":"Heavy Blade+1","floor":39},{"not_picked":["Shockwave+1","Anger"],"picked":"Headbutt+1","floor":41},{"not_picked":["Sword Boomerang","True Grit+1"],"picked":"Heavy Blade+1","floor":42}],"player_experience":1440526,"relics_obtained":[{"floor":7,"key":"Juzu Bracelet"},{"floor":9,"key":"Red Skull"},{"floor":25,"key":"Nilry\u0027s Codex"},{"floor":26,"key":"Blue Candle"},{"floor":43,"key":"Bottled Tornado"}],"event_choices":[{"damage_healed":0,"gold_gain":0,"cards_transformed":["Defend_R"],"player_choice":"Change","damage_taken":0,"max_hp_gain":0,"max_hp_loss":0,"event_name":"Living Wall","floor":2,"gold_loss":0,"cards_obtained":["Perfected Strike"]},{"damage_healed":0,"gold_gain":0,"player_choice":"Entered Light","damage_taken":16,"max_hp_gain":0,"max_hp_loss":0,"event_name":"Shining Light","floor":3,"gold_loss":0,"cards_upgraded":["Strike_R","Defend_R"]},{"cards_removed":["Perfected Strike"],"damage_healed":0,"gold_gain":0,"player_choice":"Card Removal","damage_taken":7,"max_hp_gain":0,"max_hp_loss":0,"event_name":"Golden Wing","floor":5,"gold_loss":0},{"damage_healed":20,"gold_gain":0,"player_choice":"Healed and dodged fight","damage_taken":0,"max_hp_gain":0,"max_hp_loss":0,"event_name":"Mushrooms","floor":8,"gold_loss":0,"cards_obtained":["Parasite"]},{"damage_healed":0,"gold_gain":75,"player_choice":"Gather Gold","damage_taken":11,"max_hp_gain":0,"max_hp_loss":0,"event_name":"World of Goop","floor":12,"gold_loss":0},{"damage_healed":0,"gold_gain":0,"player_choice":"Paid Fearfully","damage_taken":0,"max_hp_gain":0,"max_hp_loss":0,"event_name":"Masked Bandits","floor":22,"gold_loss":57},{"damage_healed":0,"gold_gain":0,"player_choice":"Obtained Book","damage_taken":16,"max_hp_gain":0,"max_hp_loss":0,"event_name":"Cursed Tome","floor":25,"gold_loss":0},{"damage_healed":20,"gold_gain":0,"player_choice":"Writhe","damage_taken":0,"max_hp_gain":0,"max_hp_loss":0,"event_name":"Winding Halls","floor":37,"gold_loss":0,"cards_obtained":["Writhe"]},{"damage_healed":0,"gold_gain":0,"player_choice":"Paid","damage_taken":0,"relics_obtained":["Red Mask"],"max_hp_gain":0,"max_hp_loss":0,"event_name":"Tomb of Lord Red Mask","floor":44,"gold_loss":72}],"is_beta":false,"boss_relics":[{"not_picked":["Ectoplasm","Pandora\u0027s Box"],"picked":"Velvet Choker"},{"not_picked":["Eternal Feather","Mark of Pain"],"picked":"Philosopher\u0027s Stone"}],"items_purged_floors":[],"is_endless":false,"potions_floor_spawned":[10,14,18,30,33,35,41,42],"killed_by":"3 Darklings","ascension_level":0}