{"gold_per_floor":[166,181,181,191,210,210,221,221,221,235,247,172,172,172,172,247,247,227,227],"floor_reached":19,"playtime":825,"items_purged":[],"score":306,"play_id":"0a00d733-f593-4b9d-a51a-a84861b36e48","local_time":"20190504025116","is_ascension_mode":true,"campfire_choices":[{"data":"Defragment","floor":6.0,"key":"SMITH"},{"floor":8.0,"key":"REST"},{"floor":13.0,"key":"REST"},{"floor":15,"key":"REST"}],"neow_cost":"NONE","seed_source_timestamp":0,"circlet_count":0,"master_deck":["AscendersBane","Strike_B+1","Strike_B","Strike_B","Strike_B","Defend_B","Defend_B","Defend_B","Zap","Dualcast","Tempest","Conserve Battery","Loop+1","Turbo","Defragment+1","FTL","Amplify","Conserve Battery"],"special_seed":0,"relics":["Tiny House","Blue Candle","Runic Dome"],"potions_floor_usage":[16,16],"damage_taken":[{"damage":7.0,"enemies":"Jaw Worm","floor":1.0,"turns":3.0},{"damage":6.0,"enemies":"Cultist","floor":2.0,"turns":3.0},{"damage":9.0,"enemies":"2 Louse","floor":4.0,"turns":2.0},{"damage":24.0,"enemies":"Large Slime","floor":5.0,"turns":6.0},{"damage":17.0,"enemies":"2 Fungi Beasts","floor":7.0,"turns":4.0},{"damage":12.0,"enemies":"Looter","floor":10.0,"turns":4.0},{"damage":14.0,"enemies":"Red Slaver","floor":11.0,"turns":5.0},{"damage":32,"enemies":"The Guardian","floor":16,"turns":8},{"damage":36,"enemies":"2 Thieves","floor":18,"turns":4},{"damage":37,"enemies":"3 Byrds","floor":19,"turns":3}],"seed_played":"-8285020839096123919","potions_obtained":[{"floor":0.0,"key":"FearPotion"},{"floor":1.0,"key":"FearPotion"},{"floor":11.0,"key":"Regen Potion"},{"floor":16,"key":"Energy Potion"},{"floor":18,"key":"FearPotion"}],"is_trial":false,"path_per_floor":["M","M","?","M","M","R","M","R","T","M","M","?","R","?","R","B",null,"M","M"],"character_chosen":"DEFECT","items_purchased":[],"campfire_rested":3,"item_purchase_floors":[],"current_hp_per_floor":[62,56,56,47,23,23,6,28,28,16,2,2,24,24,46,29,64,28,0],"gold":227,"neow_bonus":"BOSS_RELIC","is_prod":false,"is_daily":false,"chose_seed":false,"campfire_upgraded":1,"win_rate":0,"timestamp":1556963476,"path_taken":["M","M","?","?","M","R","M","R","T","M","M","?","R","?","R","BOSS","M","M"],"build_version":"2019-01-23","purchased_purges":0,"victory":false,"max_hp_per_floor":[76,76,76,76,76,76,76,76,76,76,76,76,76,76,76,76,76,76,76],"card_choices":[{"not_picked":["Steam Power","Stack"],"picked":"Tempest","floor":0.0},{"not_picked":["Cold Snap","Gash"],"picked":"Conserve Battery","floor":1.0},{"not_picked":["Fusion","Coolheaded"],"picked":"Loop","floor":2.0},{"not_picked":["Redo","Steam"],"picked":"Turbo","floor":4.0},{"not_picked":["Heatsinks","Streamline"],"picked":"Defragment","floor":5.0},{"not_picked":["Compile Driver","Sweeping Beam","Streamline"],"picked":"SKIP","floor":7.0},{"not_picked":["Reprogram","Barrage","Darkness"],"picked":"SKIP","floor":10.0},{"not_picked":["Blizzard","Chaos"],"picked":"FTL","floor":11.0},{"not_picked":["Seek","Multi-Cast"],"picked":"Amplify","floor":16},{"not_picked":["Leap","Barrage"],"picked":"Conserve Battery","floor":18}],"player_experience":1330713,"relics_obtained":[{"floor":9.0,"key":"Blue Candle"}],"event_choices":[{"damage_healed":0.0,"max_hp_gain":0.0,"max_hp_loss":0.0,"gold_gain":0.0,"event_name":"Upgrade Shrine","player_choice":"Upgraded","floor":3.0,"gold_loss":0.0,"damage_taken":0.0,"cards_upgraded":["Loop"]},{"cards_removed":["Defend_B"],"damage_healed":0.0,"max_hp_gain":0.0,"max_hp_loss":0.0,"gold_gain":0.0,"event_name":"The Cleric","player_choice":"Card Removal","floor":12.0,"gold_loss":75.0,"damage_taken":0.0},{"damage_healed":0,"gold_gain":0,"player_choice":"Fled","damage_taken":0,"max_hp_gain":0,"max_hp_loss":0,"event_name":"Scrap Ooze","floor":14,"gold_loss":0}],"is_beta":false,"boss_relics":[{"not_picked":["Philosopher\u0027s Stone","Lizard Tail"],"picked":"Runic Dome"}],"items_purged_floors":[],"is_endless":false,"potions_floor_spawned":[1,5,7,11,16,18],"killed_by":"3 Byrds","ascension_level":18}