{"gold_per_floor":[119,19,39,63,63,90,37,37,37,37,54,71,31,31],"floor_reached":14,"playtime":858,"items_purged":["Strike_R"],"score":176,"play_id":"c3aa9d27-a814-4b5e-8f8f-5f5585e49388","local_time":"20190707123846","is_ascension_mode":true,"campfire_choices":[{"floor":10,"key":"REST"}],"neow_cost":"TEN_PERCENT_HP_LOSS","seed_source_timestamp":1060683900605339,"circlet_count":0,"master_deck":["AscendersBane","Strike_R","Strike_R","Strike_R","Defend_R+1","Defend_R","Defend_R","Defend_R+1","Bash","Shrug It Off","Cleave","Limit Break","Armaments","Armaments","Sword Boomerang","True Grit"],"relics":["Burning Blood","Turnip","War Paint","Blood Vial","Bottled Lightning"],"potions_floor_usage":[14,14],"damage_taken":[{"damage":2,"enemies":"Cultist","floor":1,"turns":4},{"damage":7,"enemies":"Small Slimes","floor":3,"turns":3},{"damage":56,"enemies":"Gremlin Nob","floor":6,"turns":5},{"damage":6,"enemies":"Jaw Worm","floor":11,"turns":4},{"damage":15,"enemies":"Exordium Wildlife","floor":12,"turns":4},{"damage":49,"enemies":"Lagavulin","floor":14,"turns":10}],"seed_played":"-8049412056924877181","potions_obtained":[{"floor":1,"key":"Ancient Potion"},{"floor":11,"key":"SkillPotion"},{"floor":12,"key":"SkillPotion"}],"is_trial":false,"path_per_floor":["M","$","M","T","?","E","$","?","T","R","M","M","?","E"],"character_chosen":"IRONCLAD","items_purchased":["Cleave","Armaments"],"campfire_rested":1,"item_purchase_floors":[2,7],"current_hp_per_floor":[68,68,67,67,67,17,17,17,17,37,39,32,32,0],"gold":31,"neow_bonus":"ONE_RARE_RELIC","is_prod":false,"is_daily":false,"chose_seed":false,"campfire_upgraded":0,"win_rate":0,"timestamp":1562528326,"path_taken":["M","$","M","?","?","E","$","?","T","R","?","M","?","E"],"build_version":"2019-07-05","purchased_purges":1,"victory":false,"max_hp_per_floor":[68,68,68,68,68,68,68,68,68,68,68,68,68,68],"card_choices":[{"not_picked":["Hemokinesis","Pummel"],"picked":"Shrug It Off","floor":1},{"not_picked":["Flex","Infernal Blade","Warcry"],"picked":"SKIP","floor":3},{"not_picked":["Perfected Strike","Heavy Blade"],"picked":"Limit Break","floor":6},{"not_picked":["Thunderclap","Havoc"],"picked":"Sword Boomerang","floor":11},{"not_picked":["Headbutt","Clash"],"picked":"True Grit","floor":12}],"player_experience":1427508,"relics_obtained":[{"floor":4,"key":"War Paint"},{"floor":6,"key":"Blood Vial"},{"floor":9,"key":"Bottled Lightning"}],"event_choices":[{"damage_healed":0,"gold_gain":0,"player_choice":"Leave","damage_taken":0,"max_hp_gain":0,"max_hp_loss":0,"event_name":"The Cleric","floor":5,"gold_loss":0},{"damage_healed":0,"gold_gain":0,"cards_transformed":["Strike_R"],"player_choice":"Change","damage_taken":0,"max_hp_gain":0,"max_hp_loss":0,"event_name":"Living Wall","floor":8,"gold_loss":0,"cards_obtained":["Armaments"]},{"damage_healed":0,"gold_gain":0,"player_choice":"Left Gold","damage_taken":0,"max_hp_gain":0,"max_hp_loss":0,"event_name":"World of Goop","floor":13,"gold_loss":40}],"is_beta":false,"boss_relics":[],"items_purged_floors":[2],"is_endless":false,"potions_floor_spawned":[1,11,12],"killed_by":"Lagavulin","ascension_level":20}