{"gold_per_floor":[99,99,99,99,25,25,25,25,25,25,25,25,25,0,0,0,0,0,0,0,0,0,0,0,0,0,0,0,0,0,0,0,0,0,0,0,0,0,0,0,0,0,0,0,0,0,0,0,0,0],"floor_reached":50,"playtime":2265,"items_purged":[],"score":982,"play_id":"97af5674-52b9-4b93-872c-8b7e3f0f6a15","local_time":"20190423013906","is_ascension_mode":true,"campfire_choices":[{"data":"Backstab","floor":6,"key":"SMITH"},{"floor":8,"key":"DIG"},{"floor":15,"key":"REST"},{"floor":23,"key":"DIG"},{"floor":27,"key":"REST"},{"floor":29,"key":"DIG"},{"floor":32,"key":"DIG"},{"floor":40,"key":"DIG"},{"floor":42,"key":"DIG"},{"floor":45,"key":"DIG"},{"floor":49,"key":"REST"}],"neow_cost":"NONE","seed_source_timestamp":904547557234117,"circlet_count":0,"master_deck":["AscendersBane","Defend_G","Defend_G","Defend_G","Defend_G","Strike_G","Strike_G","Strike_G","Strike_G","Strike_G","Survivor","Neutralize","Dagger Throw","Dagger Throw","Dagger Spray","Backstab+1","Terror","Pain","Sucker Punch","Acrobatics+1","Riddle With Holes","PiercingWail","Glass Knife","Calculated Gamble","Footwork+1","Distraction+1","Distraction","Well Laid Plans+1","Skewer","Phantasmal Killer","Backflip+1","Regret"],"relics":["Ectoplasm","Shovel","Pear","Du-Vu Doll","WarpedTongs","Paper Crane","Centennial Puzzle","Black Star","Frozen Egg 2","Letter Opener","War Paint","Blue Candle","Strawberry","Bottled Flame","Lantern","Singing Bowl","Busted Crown","Question Card","Smiling Mask","Dodecahedron","Ancient Tea Set","Happy Flower","Juzu Bracelet"],"potions_floor_usage":[7,11,24,28,33,33,37,50],"damage_taken":[{"damage":2,"enemies":"Jaw Worm","floor":1,"turns":5},{"damage":0,"enemies":"Cultist","floor":2,"turns":4},{"damage":4,"enemies":"2 Louse","floor":3,"turns":3},{"damage":5,"enemies":"Large Slime","floor":4,"turns":8},{"damage":27,"enemies":"Lagavulin","floor":7,"turns":5},{"damage":1,"enemies":"Gremlin Nob","floor":11,"turns":2},{"damage":1,"enemies":"Exordium Thugs","floor":12,"turns":3},{"damage":2,"enemies":"Lagavulin","floor":13,"turns":3},{"damage":30,"enemies":"Slime Boss","floor":16,"turns":7},{"damage":7,"enemies":"Shell Parasite","floor":18,"turns":2},{"damage":1,"enemies":"Chosen","floor":19,"turns":3},{"damage":23,"enemies":"Snecko","floor":22,"turns":4},{"damage":18,"enemies":"Shelled Parasite and Fungi","floor":24,"turns":4},{"damage":18,"enemies":"Gremlin Leader","floor":25,"turns":7},{"damage":0,"enemies":"Slavers","floor":28,"turns":2},{"damage":1,"enemies":"Chosen and Byrds","floor":30,"turns":4},{"damage":39,"enemies":"Collector","floor":33,"turns":6},{"damage":20,"enemies":"3 Shapes","floor":35,"turns":2},{"damage":5,"enemies":"Orb Walker","floor":36,"turns":3},{"damage":1,"enemies":"Spire Growth","floor":37,"turns":3},{"damage":17,"enemies":"Maw","floor":39,"turns":6},{"damage":6,"enemies":"4 Shapes","floor":46,"turns":5},{"damage":36,"enemies":"Nemesis","floor":47,"turns":3},{"damage":82,"enemies":"Donu and Deca","floor":50,"turns":4}],"seed_played":"4569597916115997448","potions_obtained":[{"floor":1,"key":"SneckoOil"},{"floor":4,"key":"Strength Potion"},{"floor":7,"key":"Fire Potion"},{"floor":12,"key":"GhostInAJar"},{"floor":16,"key":"Regen Potion"},{"floor":24,"key":"Weak Potion"},{"floor":25,"key":"SteroidPotion"},{"floor":28,"key":"GamblersBrew"},{"floor":30,"key":"Strength Potion"},{"floor":33,"key":"PowerPotion"},{"floor":36,"key":"EssenceOfSteel"}],"is_trial":false,"path_per_floor":["M","M","M","M","$","R","E","R","T","?","E","M","E","$","R","B",null,"M","M","?","$","M","R","M","E","T","R","E","R","M","?","R","B",null,"M","M","M","?","M","R","$","R","T","?","R","M","E","?","R","B"],"character_chosen":"THE_SILENT","items_purchased":["Backstab","PiercingWail"],"campfire_rested":3,"item_purchase_floors":[5,14],"current_hp_per_floor":[61,61,57,52,52,52,25,35,35,35,34,33,31,31,55,25,66,59,58,58,58,35,35,29,11,11,35,42,42,41,41,41,2,66,46,43,44,91,76,76,76,76,76,76,76,72,38,38,67,0],"gold":0,"neow_bonus":"BOSS_RELIC","is_prod":false,"is_daily":false,"chose_seed":false,"campfire_upgraded":1,"win_rate":0,"timestamp":1556008746,"path_taken":["M","M","M","M","$","R","E","R","T","?","E","?","E","$","R","BOSS","M","M","?","?","M","R","M","E","T","R","E","R","M","?","R","BOSS","M","M","M","?","M","R","?","R","T","?","R","M","E","?","R","BOSS"],"build_version":"2019-01-23","purchased_purges":0,"victory":false,"max_hp_per_floor":[70,70,70,70,70,70,70,80,80,80,80,80,80,80,80,80,80,80,80,80,80,80,80,80,80,80,80,87,87,87,87,87,87,87,87,89,91,91,93,93,93,93,93,93,93,95,97,97,97,97],"card_choices":[{"not_picked":["Dash","Outmaneuver"],"picked":"Dagger Throw","floor":1},{"not_picked":["After Image","Expertise"],"picked":"Dagger Throw","floor":2},{"not_picked":["Flechettes","Catalyst"],"picked":"Distraction","floor":3},{"not_picked":["Dagger Throw","Calculated Gamble"],"picked":"Dagger Spray","floor":4},{"not_picked":["Distraction","Masterful Stab"],"picked":"Terror","floor":7},{"not_picked":["Slice","Prepared"],"picked":"Sucker Punch","floor":11},{"not_picked":["Reflex","Crippling Poison"],"picked":"Acrobatics","floor":12},{"not_picked":["Poisoned Stab","Concentrate"],"picked":"Riddle With Holes","floor":13},{"not_picked":["Burst","Corpse Explosion"],"picked":"Glass Knife","floor":16},{"not_picked":["Flying Knee","Caltrops"],"picked":"Calculated Gamble","floor":18},{"not_picked":["Dagger Throw","Deflect"],"picked":"Footwork","floor":19},{"not_picked":["Poisoned Stab+1","Finisher+1"],"picked":"Distraction","floor":22},{"not_picked":["Flying Knee","Deadly Poison+1"],"picked":"Distraction","floor":24},{"not_picked":["Blade Dance","Blur"],"picked":"Well Laid Plans+1","floor":25},{"not_picked":["Blade Dance+1","Dodge and Roll","Well Laid Plans+1"],"picked":"SKIP","floor":28},{"not_picked":["Catalyst","Outmaneuver"],"picked":"Skewer","floor":30},{"not_picked":["Venomology","Doppelganger"],"picked":"Phantasmal Killer","floor":33},{"not_picked":[],"picked":"Backflip+1","floor":35},{"not_picked":["Flying Knee"],"picked":"Singing Bowl","floor":36},{"not_picked":["Predator"],"picked":"Singing Bowl","floor":37},{"not_picked":["All Out Attack"],"picked":"Singing Bowl","floor":39},{"not_picked":["Blade Dance","Deadly Poison"],"picked":"Singing Bowl","floor":46},{"not_picked":["Grand Finale","Deflect"],"picked":"Singing Bowl","floor":47}],"player_experience":1293995,"relics_obtained":[{"floor":7,"key":"Shovel"},{"floor":8,"key":"Pear"},{"floor":9,"key":"Du-Vu Doll"},{"floor":11,"key":"Paper Crane"},{"floor":13,"key":"Centennial Puzzle"},{"floor":23,"key":"Frozen Egg 2"},{"floor":25,"key":"Letter Opener"},{"floor":25,"key":"War Paint"},{"floor":26,"key":"Blue Candle"},{"floor":28,"key":"Strawberry"},{"floor":28,"key":"Bottled Flame"},{"floor":29,"key":"Lantern"},{"floor":32,"key":"Singing Bowl"},{"floor":40,"key":"Question Card"},{"floor":42,"key":"Smiling Mask"},{"floor":43,"key":"Dodecahedron"},{"floor":45,"key":"Ancient Tea Set"},{"floor":47,"key":"Happy Flower"},{"floor":47,"key":"Juzu Bracelet"}],"event_choices":[{"damage_healed":0,"gold_gain":0,"player_choice":"Rummage","damage_taken":0,"relics_obtained":["WarpedTongs"],"max_hp_gain":0,"max_hp_loss":0,"event_name":"Accursed Blacksmith","floor":10,"gold_loss":0,"cards_obtained":["Pain"]},{"damage_healed":0,"gold_gain":0,"player_choice":"Upgraded","damage_taken":0,"max_hp_gain":0,"max_hp_loss":0,"event_name":"Upgrade Shrine","floor":20,"gold_loss":0,"cards_upgraded":["Footwork"]},{"cards_removed":["Distraction"],"damage_healed":47,"gold_gain":0,"player_choice":"Offered Uncommon","damage_taken":0,"max_hp_gain":0,"max_hp_loss":0,"event_name":"Bonfire Elementals","floor":38,"gold_loss":0},{"damage_healed":0,"gold_gain":275,"player_choice":"Desecrate","damage_taken":0,"max_hp_gain":0,"max_hp_loss":0,"event_name":"Golden Shrine","floor":44,"gold_loss":0,"cards_obtained":["Regret"]},{"cards_removed":["Defend_G"],"damage_healed":0,"gold_gain":0,"player_choice":"Removed Skill","damage_taken":0,"max_hp_gain":0,"max_hp_loss":0,"event_name":"Falling","floor":48,"gold_loss":0}],"is_beta":false,"boss_relics":[{"not_picked":["Empty Cage","Cursed Key"],"picked":"Black Star"},{"not_picked":["Snecko Eye","Tiny House"],"picked":"Busted Crown"}],"items_purged_floors":[],"is_endless":false,"potions_floor_spawned":[1,4,7,12,13,16,24,25,28,30,33,36],"killed_by":"Donu and Deca","ascension_level":13}