{"gold_per_floor":[118,128,53,53,71,71,102,117,141,172,172,186,461,472,472],"floor_reached":15,"playtime":779,"items_purged":["Strike_B"],"score":107,"play_id":"1b1d3d5e-d607-4868-a9e6-b1d4a2209b4c","local_time":"20190208120208","is_ascension_mode":false,"campfire_choices":[{"data":"Rainbow","floor":11.0,"key":"SMITH"},{"floor":15,"key":"REST"}],"neow_cost":"NONE","seed_source_timestamp":0,"circlet_count":0,"master_deck":["Strike_B","Strike_B","Strike_B","Defend_B","Defend_B","Defend_B","Defend_B","Zap+1","Dualcast","Streamline","FTL","Cold Snap","FTL","Rainbow+1","Coolheaded","Loop","Regret","Auto Shields"],"special_seed":0,"relics":["Cracked Core","NeowsBlessing","Orichalcum","Dream Catcher","Anchor","Bronze Scales"],"potions_floor_usage":[],"damage_taken":[{"damage":0.0,"enemies":"Jaw Worm","floor":1.0,"turns":1.0},{"damage":0.0,"enemies":"Cultist","floor":2.0,"turns":1.0},{"damage":0.0,"enemies":"2 Louse","floor":5.0,"turns":1.0},{"damage":18.0,"enemies":"Lagavulin","floor":7.0,"turns":6.0},{"damage":5.0,"enemies":"Red Slaver","floor":8.0,"turns":2.0},{"damage":11.0,"enemies":"Gremlin Nob","floor":10.0,"turns":3.0},{"damage":7.0,"enemies":"Lots of Slimes","floor":12.0,"turns":3.0},{"damage":4.0,"enemies":"Gremlin Gang","floor":14.0,"turns":3.0}],"seed_played":"-622807144700860372","potions_obtained":[{"floor":5.0,"key":"EssenceOfSteel"},{"floor":7.0,"key":"AttackPotion"},{"floor":14.0,"key":"SpeedPotion"}],"is_trial":false,"path_per_floor":["M","M","$","?","M","?","E","M","T","E","R","M","?","M","R"],"character_chosen":"DEFECT","items_purchased":[],"campfire_rested":1,"item_purchase_floors":[],"current_hp_per_floor":[75,75,75,75,75,50,32,27,27,16,16,9,9,5,27],"gold":472,"neow_bonus":"THREE_ENEMY_KILL","is_prod":false,"is_daily":false,"chose_seed":false,"campfire_upgraded":1,"win_rate":0.0,"timestamp":1549623728,"path_taken":["M","M","$","?","?","?","E","M","T","E","R","M","?","M","R"],"build_version":"2019-02-06","purchased_purges":1,"victory":false,"max_hp_per_floor":[75,75,75,75,75,75,75,75,75,75,75,75,75,75,75],"card_choices":[{"not_picked":["Cold Snap","Reprogram"],"picked":"Streamline","floor":1.0},{"not_picked":["Hologram","Stack"],"picked":"FTL","floor":2.0},{"not_picked":["Stack","Hologram"],"picked":"Cold Snap","floor":5.0},{"not_picked":["Darkness","Compile Driver"],"picked":"FTL","floor":7.0},{"not_picked":["Go for the Eyes","FTL"],"picked":"Rainbow","floor":8.0},{"not_picked":["Rainbow","Cold Snap"],"picked":"Coolheaded","floor":10.0},{"not_picked":["Stack","Sweeping Beam"],"picked":"Loop","floor":12.0},{"not_picked":["Stack","Leap"],"picked":"Auto Shields","floor":14.0}],"player_experience":70538,"relics_obtained":[{"floor":7.0,"key":"Dream Catcher"},{"floor":9.0,"key":"Anchor"},{"floor":10.0,"key":"Bronze Scales"}],"event_choices":[{"damage_healed":0.0,"max_hp_gain":0.0,"max_hp_loss":0.0,"gold_gain":0.0,"event_name":"Upgrade Shrine","player_choice":"Upgraded","floor":4.0,"gold_loss":0.0,"damage_taken":0.0,"cards_upgraded":["Zap"]},{"damage_healed":0.0,"max_hp_gain":0.0,"max_hp_loss":0.0,"gold_gain":0.0,"event_name":"Scrap Ooze","player_choice":"Success","floor":6.0,"gold_loss":0.0,"damage_taken":25.0,"relics_obtained":["Orichalcum"]},{"damage_healed":0.0,"max_hp_gain":0.0,"max_hp_loss":0.0,"gold_gain":275.0,"event_name":"Golden Shrine","player_choice":"Desecrate","floor":13.0,"gold_loss":0.0,"damage_taken":0.0,"cards_obtained":["Regret"]}],"is_beta":true,"boss_relics":[],"items_purged_floors":[3],"is_endless":false,"potions_floor_spawned":[5,7,14],"ascension_level":0}