{"gold_per_floor":[114,129,129,144,158,158,158,184,211,244,244,101,112,112,112,216,216,232,252,267,282,158,186,203,203,203,222,29,59,158,188,188,293,293,304,304,404,417,100,100],"floor_reached":40,"playtime":3319,"items_purged":["Strike_B","Strike_B","Strike_B"],"score":481,"play_id":"9c95c90e-e15b-458e-8244-40f640fe4509","local_time":"20190212125324","is_ascension_mode":false,"campfire_choices":[{"data":"Ball Lightning","floor":6,"key":"SMITH"},{"floor":11,"key":"REST"},{"data":"Defend_B","floor":15,"key":"SMITH"},{"floor":25,"key":"REST"},{"floor":32,"key":"REST"}],"neow_cost":"NONE","seed_source_timestamp":221252729181267,"circlet_count":0,"master_deck":["Strike_B+1","Defend_B+1","Defend_B+1","Defend_B+1","Defend_B","Zap+1","Dualcast","Ball Lightning+1","Skim","Ball Lightning","Leap","Conserve Battery","Thunder Strike","Static Discharge+1","Machine Learning","White Noise","Capacitor","Leap","Ball Lightning","Static Discharge+1","Conserve Battery+1","Ball Lightning+1","Thunder Strike"],"relics":["Cracked Core","Pen Nib","War Paint","Orichalcum","Vajra","Gremlin Horn","Sozu","Toxic Egg 2","Bottled Lightning","Sling","Potion Belt","Meat on the Bone","Philosopher\u0027s Stone","Prayer Wheel","DollysMirror"],"potions_floor_usage":[8,16,31,31],"damage_taken":[{"damage":0,"enemies":"Cultist","floor":1,"turns":3},{"damage":1,"enemies":"Jaw Worm","floor":2,"turns":3},{"damage":0,"enemies":"Small Slimes","floor":4,"turns":2},{"damage":5,"enemies":"Looter","floor":5,"turns":3},{"damage":10,"enemies":"Gremlin Nob","floor":8,"turns":3},{"damage":5,"enemies":"Lagavulin","floor":10,"turns":5},{"damage":0,"enemies":"Lots of Slimes","floor":13,"turns":2},{"damage":30,"enemies":"The Guardian","floor":16,"turns":9},{"damage":0,"enemies":"Chosen","floor":18,"turns":3},{"damage":11,"enemies":"2 Thieves","floor":19,"turns":3},{"damage":11,"enemies":"3 Cultists","floor":20,"turns":4},{"damage":8,"enemies":"Centurion and Healer","floor":21,"turns":3},{"damage":12,"enemies":"Gremlin Leader","floor":23,"turns":5},{"damage":22,"enemies":"Snake Plant","floor":24,"turns":6},{"damage":4,"enemies":"Snecko","floor":27,"turns":4},{"damage":11,"enemies":"Book of Stabbing","floor":29,"turns":3},{"damage":15,"enemies":"Slavers","floor":31,"turns":3},{"damage":19,"enemies":"Champ","floor":33,"turns":7},{"damage":22,"enemies":"3 Darklings","floor":35,"turns":3},{"damage":2,"enemies":"Mind Bloom Boss Battle","floor":37,"turns":4},{"damage":12,"enemies":"3 Shapes","floor":38,"turns":2},{"damage":43,"enemies":"Nemesis","floor":40,"turns":3}],"seed_played":"3797810413159132791","potions_obtained":[{"floor":4,"key":"Swift Potion"},{"floor":5,"key":"Weak Potion"},{"floor":10,"key":"Fire Potion"},{"floor":16,"key":"Explosive Potion"}],"is_trial":false,"path_per_floor":["M","M","?","M","M","R","?","E","T","E","R","$","M","?","R","B",null,"M","M","M","M","$","E","M","R","T","M","$","E","?","E","R","B",null,"M","?","?","M","$","E"],"character_chosen":"DEFECT","items_purchased":["Static Discharge","Leap","Sling","DollysMirror"],"campfire_rested":3,"item_purchase_floors":[12,22,28,39],"current_hp_per_floor":[75,74,59,59,54,54,29,19,19,14,36,36,36,36,36,6,75,75,64,53,45,45,33,11,33,33,29,29,18,18,3,25,18,75,53,53,51,39,39,0],"gold":100,"neow_bonus":"RANDOM_COMMON_RELIC","is_prod":false,"is_daily":false,"chose_seed":false,"campfire_upgraded":2,"win_rate":0.0,"timestamp":1549972404,"path_taken":["M","?","?","M","M","R","?","E","T","E","R","$","M","?","R","BOSS","M","M","?","M","$","E","M","R","T","M","$","E","?","E","R","BOSS","M","?","?","M","$","E"],"build_version":"2019-02-06","purchased_purges":3,"victory":false,"max_hp_per_floor":[75,75,75,75,75,75,75,75,75,75,75,75,75,75,75,75,75,75,75,75,75,75,75,75,75,75,75,75,75,75,75,75,75,75,75,75,75,75,75,75],"card_choices":[{"not_picked":["Reprogram","Sweeping Beam"],"picked":"Ball Lightning","floor":1},{"not_picked":["Loop","Stack"],"picked":"Skim","floor":2},{"not_picked":["Coolheaded","Beam Cell"],"picked":"Ball Lightning","floor":4},{"not_picked":["Redo","Stack"],"picked":"Leap","floor":5},{"not_picked":["Rebound","Redo"],"picked":"Conserve Battery","floor":8},{"not_picked":["Darkness","Defragment"],"picked":"Thunder Strike","floor":10},{"not_picked":["Cold Snap","Storm","Barrage"],"picked":"SKIP","floor":13},{"not_picked":["Multi-Cast","All For One"],"picked":"Machine Learning","floor":16},{"not_picked":["Cold Snap+1","Rebound+1"],"picked":"White Noise","floor":18},{"not_picked":["Hologram","Cold Snap"],"picked":"Capacitor","floor":19},{"not_picked":["Lockon","Stack","Steam"],"picked":"SKIP","floor":20},{"not_picked":["Gash","Multi-Cast","Hologram"],"picked":"SKIP","floor":21},{"not_picked":["Stack+1","Sweeping Beam","Darkness"],"picked":"SKIP","floor":23},{"not_picked":["Conserve Battery+1","Go for the Eyes"],"picked":"Ball Lightning","floor":24},{"not_picked":["Barrage","Rebound"],"picked":"Static Discharge+1","floor":27},{"not_picked":["Redo+1","Multi-Cast+1"],"picked":"Conserve Battery+1","floor":29},{"not_picked":["White Noise+1","Leap+1"],"picked":"Ball Lightning+1","floor":31},{"not_picked":["Genetic Algorithm+1","Capacitor","Leap+1"],"picked":"SKIP","floor":35},{"not_picked":["Loop+1","Go for the Eyes","Storm+1"],"picked":"SKIP","floor":38},{"not_picked":["Force Field+1","Fusion+1","Ball Lightning"],"picked":"SKIP","floor":38}],"player_experience":98667,"relics_obtained":[{"floor":8,"key":"Orichalcum"},{"floor":9,"key":"Vajra"},{"floor":10,"key":"Gremlin Horn"},{"floor":23,"key":"Toxic Egg 2"},{"floor":26,"key":"Bottled Lightning"},{"floor":29,"key":"Potion Belt"},{"floor":31,"key":"Meat on the Bone"},{"floor":37,"key":"Prayer Wheel"}],"event_choices":[{"damage_healed":0,"gold_gain":0,"player_choice":"Entered Light","damage_taken":15,"max_hp_gain":0,"max_hp_loss":0,"event_name":"Shining Light","floor":3,"gold_loss":0,"cards_upgraded":["Strike_B","Zap"]},{"damage_healed":0,"gold_gain":0,"player_choice":"Success","damage_taken":25,"relics_obtained":["War Paint"],"max_hp_gain":0,"max_hp_loss":0,"event_name":"Scrap Ooze","floor":7,"gold_loss":0},{"damage_healed":0,"gold_gain":0,"player_choice":"Upgraded","damage_taken":0,"max_hp_gain":0,"max_hp_loss":0,"event_name":"Upgrade Shrine","floor":14,"gold_loss":0,"cards_upgraded":["Static Discharge"]},{"damage_healed":0,"gold_gain":99,"player_choice":"Stole From Cult","damage_taken":0,"max_hp_gain":0,"max_hp_loss":0,"event_name":"Nest","floor":30,"gold_loss":0},{"damage_healed":0,"gold_gain":0,"player_choice":"Ignored","damage_taken":0,"max_hp_gain":0,"max_hp_loss":0,"event_name":"Tomb of Lord Red Mask","floor":36,"gold_loss":0},{"damage_healed":0,"gold_gain":0,"player_choice":"Fight","damage_taken":0,"max_hp_gain":0,"max_hp_loss":0,"event_name":"MindBloom","floor":37,"gold_loss":0}],"is_beta":true,"boss_relics":[{"not_picked":["Busted Crown","Coffee Dripper"],"picked":"Sozu"},{"not_picked":["Empty Cage","Black Star"],"picked":"Philosopher\u0027s Stone"}],"items_purged_floors":[12,22,39],"is_endless":false,"potions_floor_spawned":[4,5,10,16,19,24,31,35,37],"killed_by":"Nemesis","ascension_level":0}