{"gold_per_floor":[114,114,114,114,114,148,159,188,188,188],"floor_reached":10,"playtime":254,"items_purged":[],"score":99,"play_id":"f0ffe31c-9f35-43b2-9218-8a5ac4c0caea","local_time":"20190810211928","is_ascension_mode":false,"campfire_choices":[],"neow_cost":"NONE","seed_source_timestamp":335375319671400,"circlet_count":0,"master_deck":["Strike_R","Strike_R","Strike_R","Strike_R","Defend_R","Defend_R","Defend_R","Defend_R","Bash","Entrench","Ghostly Armor","Body Slam"],"relics":["Burning Blood","NeowsBlessing","Happy Flower","NlothsMask","Bronze Scales","Centennial Puzzle"],"potions_floor_usage":[],"damage_taken":[{"damage":0,"enemies":"2 Louse","floor":1,"turns":1},{"damage":0,"enemies":"3 Sentries","floor":6,"turns":1},{"damage":0,"enemies":"Small Slimes","floor":7,"turns":1},{"damage":48,"enemies":"Gremlin Nob","floor":8,"turns":5},{"damage":49,"enemies":"Lagavulin","floor":10,"turns":6}],"seed_played":"-5539167379959888853","potions_obtained":[{"floor":1,"key":"Energy Potion"},{"floor":8,"key":"Poison Potion"}],"is_trial":false,"path_per_floor":["M","?","?","?","?","E","M","E","T","E"],"character_chosen":"IRONCLAD","items_purchased":[],"campfire_rested":0,"item_purchase_floors":[],"current_hp_per_floor":[80,68,73,73,73,79,85,43,43,0],"gold":188,"neow_bonus":"THREE_ENEMY_KILL","is_prod":false,"is_daily":false,"chose_seed":false,"campfire_upgraded":0,"win_rate":0.0,"timestamp":1565435968,"path_taken":["M","?","?","?","?","E","M","E","T","E"],"build_version":"2019-07-17","purchased_purges":0,"victory":false,"max_hp_per_floor":[80,80,85,85,85,85,85,85,85,85],"card_choices":[{"not_picked":["Reckless Charge","Clash"],"picked":"Entrench","floor":1},{"not_picked":["Perfected Strike","Pummel"],"picked":"Ghostly Armor","floor":6},{"not_picked":["Flex","Clothesline"],"picked":"Body Slam","floor":7},{"not_picked":["Ghostly Armor","Clash","Heavy Blade"],"picked":"SKIP","floor":8}],"player_experience":19563,"relics_obtained":[{"floor":6,"key":"Bronze Scales"},{"floor":8,"key":"Centennial Puzzle"}],"event_choices":[{"damage_healed":0,"gold_gain":0,"player_choice":"Success","damage_taken":12,"relics_obtained":["Happy Flower"],"max_hp_gain":0,"max_hp_loss":0,"event_name":"Scrap Ooze","floor":2,"gold_loss":0},{"damage_healed":0,"gold_gain":0,"player_choice":"Donut","damage_taken":0,"max_hp_gain":5,"max_hp_loss":0,"event_name":"Big Fish","floor":3,"gold_loss":0},{"cards_removed":["Strike_R"],"damage_healed":0,"gold_gain":0,"player_choice":"Forget","damage_taken":0,"max_hp_gain":0,"max_hp_loss":0,"event_name":"Living Wall","floor":4,"gold_loss":0},{"damage_healed":0,"gold_gain":0,"player_choice":"Trade","damage_taken":0,"relics_obtained":["NlothsMask"],"max_hp_gain":0,"max_hp_loss":0,"event_name":"FaceTrader","floor":5,"gold_loss":0}],"is_beta":false,"boss_relics":[],"items_purged_floors":[],"is_endless":false,"potions_floor_spawned":[1,8],"killed_by":"Lagavulin","ascension_level":0}