{"gold_per_floor":[114,114,114,127,51,76,76,26,53,78,98,98,108,33,33,130,130,140,140,140,40,40,67,67,77,77,102,129,179,54,88,88,183,183,196,8,20,20,39,68,68,82,82,0,0,0,0,100,100,100],"floor_reached":51,"playtime":2817,"items_purged":["Defend_R","Defend_R","Strike_R","Perfected Strike+1"],"score":783,"play_id":"17755423-9dcc-48c9-98ed-cc3fc9e03d3c","local_time":"20190813201245","is_ascension_mode":false,"campfire_choices":[{"data":"Combust","floor":7.0,"key":"SMITH"},{"data":"Bash","floor":12.0,"key":"SMITH"},{"data":"Dropkick","floor":15.0,"key":"SMITH"},{"data":"Offering","floor":24.0,"key":"SMITH"},{"floor":32.0,"key":"REST"},{"data":"Evolve","floor":41,"key":"SMITH"},{"data":"Metallicize","floor":45,"key":"SMITH"},{"floor":49,"key":"REST"}],"neow_cost":"NONE","seed_source_timestamp":1017911460507590,"circlet_count":0,"master_deck":["Bash+1","Flex+1","Metallicize+1","Shrug It Off+1","Combust+1","Dropkick+1","Offering+1","Shrug It Off+1","Pummel+1","Dropkick+1","Evolve+1","Parasite","Bloodletting+1","Second Wind","Metallicize+1"],"special_seed":0,"relics":["Burning Blood","NeowsBlessing","Mango","Bronze Scales","Strawberry","Happy Flower","Odd Mushroom","Empty Cage","Pantograph","Blue Candle","Molten Egg 2","War Paint","Blood Vial","Astrolabe","Kunai","Question Card","Red Mask"],"potions_floor_usage":[50],"damage_taken":[{"damage":0.0,"enemies":"Small Slimes","floor":1.0,"turns":1.0},{"damage":0.0,"enemies":"2 Louse","floor":4.0,"turns":1.0},{"damage":0.0,"enemies":"3 Sentries","floor":6.0,"turns":2.0},{"damage":29.0,"enemies":"Gremlin Nob","floor":10.0,"turns":4.0},{"damage":9.0,"enemies":"The Mushroom Lair","floor":11.0,"turns":3.0},{"damage":3.0,"enemies":"Jaw Worm","floor":13.0,"turns":4.0},{"damage":51.0,"enemies":"The Guardian","floor":16.0,"turns":8.0},{"damage":10.0,"enemies":"Chosen","floor":18.0,"turns":4.0},{"damage":28.0,"enemies":"Book of Stabbing","floor":23.0,"turns":3.0},{"damage":16.0,"enemies":"Shell Parasite","floor":25.0,"turns":3.0},{"damage":35.0,"enemies":"Gremlin Leader","floor":27.0,"turns":3.0},{"damage":25.0,"enemies":"Slavers","floor":31.0,"turns":5.0},{"damage":72.0,"enemies":"Automaton","floor":33.0,"turns":10.0},{"damage":6.0,"enemies":"Orb Walker","floor":35.0,"turns":2.0},{"damage":9.0,"enemies":"3 Shapes","floor":37.0,"turns":4.0},{"damage":7.0,"enemies":"Writhing Mass","floor":39.0,"turns":2.0},{"damage":40,"enemies":"Nemesis","floor":40,"turns":3},{"damage":18,"enemies":"Transient","floor":42,"turns":4},{"damage":86,"enemies":"Time Eater","floor":50,"turns":9}],"seed_played":"-3882419983672233260","potions_obtained":[{"floor":4.0,"key":"Poison Potion"},{"floor":11.0,"key":"Energy Potion"},{"floor":18.0,"key":"FairyPotion"},{"floor":25.0,"key":"Dexterity Potion"},{"floor":39.0,"key":"Poison Potion"}],"is_trial":false,"path_per_floor":["M","?","?","M","$","E","R","?","T","E","?","R","M","$","R","B",null,"M","?","?","$","?","E","R","M","T","E","T","?","$","E","R","B",null,"M","$","M","$","M","E","R","M","T","?","R","$","?","?","R","B",null],"character_chosen":"IRONCLAD","items_purchased":["Shrug It Off","Flex","Evolve"],"campfire_rested":2,"item_purchase_floors":[5,5,36],"current_hp_per_floor":[80,82,82,88,88,94,94,94,101,78,75,75,78,78,78,33,101,97,97,97,97,97,75,75,65,65,36,36,36,36,17,47,8,101,101,101,98,98,99,67,67,57,57,57,57,57,57,57,85,16],"gold":100,"neow_bonus":"THREE_ENEMY_KILL","is_prod":false,"is_daily":false,"chose_seed":false,"campfire_upgraded":6,"win_rate":0,"timestamp":1565719965,"path_taken":["M","?","?","M","$","E","R","?","T","E","?","R","M","$","R","BOSS","M","?","?","$","?","E","R","M","T","E","?","?","$","E","R","BOSS","M","$","M","$","M","E","R","?","T","?","R","$","?","?","R","BOSS"],"build_version":"2019-07-17","purchased_purges":4,"victory":true,"max_hp_per_floor":[80,94,94,94,94,94,94,94,101,101,101,101,101,101,101,101,101,101,101,101,101,101,101,101,101,101,101,101,101,101,101,101,101,101,101,101,101,101,101,101,101,101,101,101,101,101,96,96,96,96],"card_choices":[{"not_picked":["Rage","Perfected Strike"],"picked":"Flex","floor":1.0},{"not_picked":["Anger","Sword Boomerang","Intimidate"],"picked":"SKIP","floor":4.0},{"not_picked":["Corruption","Thunderclap"],"picked":"Combust","floor":6.0},{"not_picked":["Ghostly Armor","Sword Boomerang"],"picked":"Dropkick","floor":10.0},{"not_picked":["Twin Strike","Wild Strike","Pummel"],"picked":"SKIP","floor":13.0},{"not_picked":["Impervious","Feed"],"picked":"Offering","floor":16.0},{"not_picked":["Corruption","Anger+1","Combust+1"],"picked":"SKIP","floor":18.0},{"not_picked":["Perfected Strike","Second Wind","Warcry+1"],"picked":"SKIP","floor":23.0},{"not_picked":["Armaments","Power Through","Heavy Blade"],"picked":"SKIP","floor":25.0},{"not_picked":["Clash","Perfected Strike+1","Sword Boomerang"],"picked":"SKIP","floor":27.0},{"not_picked":["Anger+1","Disarm+1","Heavy Blade+1"],"picked":"SKIP","floor":31.0},{"not_picked":["Iron Wave+1","Second Wind"],"picked":"Dropkick+1","floor":35.0},{"not_picked":["Entrench+1","Blood for Blood+1","Heavy Blade+1"],"picked":"SKIP","floor":37.0},{"not_picked":["Ghostly Armor+1","Heavy Blade+1"],"picked":"Bloodletting+1","floor":39.0},{"not_picked":["Body Slam+1","Anger+1"],"picked":"Second Wind","floor":40},{"not_picked":["Sever Soul+1","Havoc+1"],"picked":"Metallicize+1","floor":42}],"player_experience":298052,"relics_obtained":[{"floor":6.0,"key":"Bronze Scales"},{"floor":9.0,"key":"Strawberry"},{"floor":10.0,"key":"Happy Flower"},{"floor":11.0,"key":"Odd Mushroom"},{"floor":23.0,"key":"Pantograph"},{"floor":26.0,"key":"Blue Candle"},{"floor":27.0,"key":"Molten Egg 2"},{"floor":28.0,"key":"War Paint"},{"floor":31.0,"key":"Blood Vial"},{"floor":40,"key":"Kunai"},{"floor":43,"key":"Question Card"}],"event_choices":[{"damage_healed":0.0,"max_hp_gain":0.0,"max_hp_loss":0.0,"gold_gain":0.0,"event_name":"Scrap Ooze","player_choice":"Success","floor":2.0,"gold_loss":0.0,"damage_taken":12.0,"relics_obtained":["Mango"]},{"damage_healed":0.0,"max_hp_gain":0.0,"max_hp_loss":0.0,"gold_gain":0.0,"cards_transformed":["Defend_R"],"event_name":"Living Wall","player_choice":"Change","floor":3.0,"gold_loss":0.0,"damage_taken":0.0,"cards_obtained":["Metallicize"]},{"cards_removed":["Defend_R"],"damage_healed":0.0,"max_hp_gain":0.0,"max_hp_loss":0.0,"gold_gain":0.0,"event_name":"The Cleric","player_choice":"Card Removal","floor":8.0,"gold_loss":50.0,"damage_taken":0.0},{"damage_healed":0.0,"max_hp_gain":0.0,"max_hp_loss":0.0,"gold_gain":0.0,"event_name":"Mushrooms","player_choice":"Fought Mushrooms","floor":11.0,"gold_loss":0.0,"damage_taken":0.0},{"damage_healed":0.0,"max_hp_gain":0.0,"max_hp_loss":0.0,"gold_gain":0.0,"event_name":"Cursed Tome","player_choice":"Ignored","floor":19.0,"gold_loss":0.0,"damage_taken":0.0},{"damage_healed":0.0,"max_hp_gain":0.0,"max_hp_loss":0.0,"gold_gain":0.0,"event_name":"Ghosts","player_choice":"Ignored","floor":22.0,"gold_loss":0.0,"damage_taken":0.0},{"damage_healed":0.0,"max_hp_gain":0.0,"max_hp_loss":0.0,"gold_gain":100.0,"event_name":"The Joust","player_choice":"Bet on Murderer","floor":29.0,"gold_loss":50.0,"damage_taken":0.0},{"damage_healed":0,"gold_gain":0,"player_choice":"Paid","damage_taken":0,"relics_obtained":["Red Mask"],"max_hp_gain":0,"max_hp_loss":0,"event_name":"Tomb of Lord Red Mask","floor":44,"gold_loss":82},{"damage_healed":0,"gold_gain":0,"player_choice":"Max HP","damage_taken":0,"max_hp_gain":0,"max_hp_loss":5,"event_name":"Winding Halls","floor":47,"gold_loss":0},{"damage_healed":0,"gold_gain":100,"player_choice":"Pray","damage_taken":0,"max_hp_gain":0,"max_hp_loss":0,"event_name":"Golden Shrine","floor":48,"gold_loss":0}],"is_beta":false,"boss_relics":[{"not_picked":["Sozu","White Beast Statue"],"picked":"Empty Cage"},{"not_picked":["Mark of Pain","Busted Crown"],"picked":"Astrolabe"}],"items_purged_floors":[14,21,30,36],"is_endless":false,"potions_floor_spawned":[4,11,18,25,39,40,42],"ascension_level":0}