{"gold_per_floor":[364,74,74,74,94,94,94,94,142,217,217,217],"floor_reached":12,"playtime":657,"items_purged":["Strike_G"],"score":80,"play_id":"b3893f37-3470-4367-86e9-8e24957d8504","local_time":"20190702234000","is_ascension_mode":true,"campfire_choices":[{"data":"Well Laid Plans","floor":7,"key":"SMITH"}],"neow_cost":"PERCENT_DAMAGE","seed_source_timestamp":61802066899642,"circlet_count":0,"master_deck":["Strike_G","Strike_G","Strike_G","Defend_G","Defend_G","Defend_G","Defend_G+1","Defend_G+1","Survivor","Neutralize","Flying Knee","Well Laid Plans+1","PiercingWail"],"relics":["Ring of the Snake","Juzu Bracelet","Strawberry","Paper Crane"],"potions_floor_usage":[12],"damage_taken":[{"damage":0,"enemies":"Cultist","floor":1,"turns":4},{"damage":0,"enemies":"2 Louse","floor":5,"turns":4},{"damage":38,"enemies":"Lagavulin Event","floor":12,"turns":9}],"seed_played":"5983552536575157139","potions_obtained":[{"floor":5,"key":"Ancient Potion"}],"is_trial":false,"path_per_floor":["M","$","?","?","M","?","R","$","T","?","T","?"],"character_chosen":"THE_SILENT","items_purchased":["Juzu Bracelet","Well Laid Plans"],"campfire_rested":0,"item_purchase_floors":[2,2],"current_hp_per_floor":[49,49,49,35,35,35,35,35,42,31,31,0],"gold":217,"neow_bonus":"TWO_FIFTY_GOLD","is_prod":false,"is_daily":false,"chose_seed":false,"campfire_upgraded":1,"win_rate":0,"timestamp":1562125200,"path_taken":["M","$","?","?","M","?","R","$","T","?","?","?"],"build_version":"2019-07-01","purchased_purges":1,"victory":false,"max_hp_per_floor":[70,70,70,70,70,70,70,70,77,77,77,77],"card_choices":[{"not_picked":["Deadly Poison","Dagger Throw"],"picked":"Flying Knee","floor":1},{"not_picked":["Deadly Poison","Backflip"],"picked":"PiercingWail","floor":5}],"player_experience":180529,"relics_obtained":[{"floor":9,"key":"Strawberry"},{"floor":11,"key":"Paper Crane"}],"event_choices":[{"cards_removed":["Strike_G"],"damage_healed":0,"gold_gain":0,"player_choice":"Purged","damage_taken":0,"max_hp_gain":0,"max_hp_loss":0,"event_name":"Purifier","floor":3,"gold_loss":0},{"damage_healed":0,"gold_gain":0,"player_choice":"Entered Light","damage_taken":14,"max_hp_gain":0,"max_hp_loss":0,"event_name":"Shining Light","floor":4,"gold_loss":0,"cards_upgraded":["Defend_G","Defend_G"]},{"damage_healed":0,"gold_gain":0,"player_choice":"Bought 0 Potions","damage_taken":0,"max_hp_gain":0,"max_hp_loss":0,"event_name":"The Woman in Blue","floor":6,"gold_loss":0},{"damage_healed":0,"gold_gain":75,"player_choice":"Gather Gold","damage_taken":11,"max_hp_gain":0,"max_hp_loss":0,"event_name":"World of Goop","floor":10,"gold_loss":0},{"damage_healed":0,"gold_gain":0,"player_choice":"Searched \u00272\u0027 times","damage_taken":0,"max_hp_gain":0,"max_hp_loss":0,"event_name":"Dead Adventurer","floor":12,"gold_loss":0}],"is_beta":false,"boss_relics":[],"items_purged_floors":[2],"is_endless":false,"potions_floor_spawned":[5],"killed_by":"Lagavulin Event","ascension_level":5}