{"gold_per_floor":[114,114,124,49,49,49,76,76,103,122,137,137,163,182,182,182],"floor_reached":16,"playtime":1249,"items_purged":["Strike_R"],"score":174,"play_id":"8e08796a-55af-440b-a605-c98389096a21","local_time":"20180823102737","is_ascension_mode":true,"campfire_choices":[{"data":"Entrench","floor":6,"key":"SMITH"},{"data":"Feed","floor":8,"key":"SMITH"},{"floor":15,"key":"REST"}],"neow_cost":"CURSE","seed_source_timestamp":435127354043241,"circlet_count":0,"master_deck":["Strike_R","Strike_R","Strike_R","Defend_R","Defend_R","Defend_R+1","Bash","Feed+1","Flame Barrier+1","Entrench+1","Shrug It Off","Intimidate","Body Slam"],"relics":["Burning Blood","Oddly Smooth Stone","Bag of Marbles","War Paint"],"potions_floor_usage":[7,13,13],"damage_taken":[{"damage":0,"enemies":"Small Slimes","floor":1,"turns":3},{"damage":6,"enemies":"2 Louse","floor":3,"turns":3},{"damage":55,"enemies":"Lagavulin","floor":7,"turns":9},{"damage":6,"enemies":"Cultist","floor":10,"turns":3},{"damage":0,"enemies":"3 Louse","floor":11,"turns":3},{"damage":5,"enemies":"Gremlin Nob","floor":13,"turns":3},{"damage":23,"enemies":"Exordium Thugs","floor":14,"turns":10},{"damage":71,"enemies":"Hexaghost","floor":16,"turns":16}],"seed_played":"2116939082446908647","potions_obtained":[{"floor":1,"key":"PowerPotion"},{"floor":3,"key":"Strength Potion"},{"floor":10,"key":"SteroidPotion"}],"is_trial":false,"path_per_floor":["M","?","M","$","?","R","E","R","T","M","M","?","E","M","R"],"character_chosen":"IRONCLAD","items_purchased":[],"campfire_rested":1,"item_purchase_floors":[],"current_hp_per_floor":[81,81,84,84,84,84,38,38,38,42,52,45,50,37,68,0],"gold":182,"neow_bonus":"THREE_RARE_CARDS","is_prod":false,"is_daily":false,"chose_seed":false,"campfire_upgraded":2,"win_rate":0,"timestamp":1535045257,"path_taken":["M","?","M","$","?","R","E","R","T","M","M","?","E","?","R","BOSS"],"build_version":"2018-08-16","purchased_purges":1,"victory":false,"max_hp_per_floor":[83,83,86,86,86,86,89,89,89,93,97,97,101,105,105,105],"card_choices":[{"not_picked":["Demon Form","Impervious"],"picked":"Feed","floor":0},{"not_picked":["Shockwave","Rampage"],"picked":"Flame Barrier","floor":1},{"not_picked":["Headbutt","Perfected Strike"],"picked":"Entrench","floor":3},{"not_picked":["Sword Boomerang","Thunderclap"],"picked":"Shrug It Off","floor":7},{"not_picked":["Heavy Blade","Twin Strike","Pommel Strike"],"picked":"SKIP","floor":10},{"not_picked":["Rupture","Uppercut","Clothesline"],"picked":"SKIP","floor":11},{"not_picked":["Bludgeon","Dual Wield"],"picked":"Intimidate","floor":13},{"not_picked":["Havoc","Disarm"],"picked":"Body Slam","floor":14}],"player_experience":710643,"relics_obtained":[{"floor":7,"key":"Oddly Smooth Stone"},{"floor":9,"key":"Bag of Marbles"},{"floor":13,"key":"War Paint"}],"event_choices":[{"event_name":"Living Wall","player_choice":"Forget","floor":2,"damage_taken":0},{"event_name":"Bonfire Elementals","player_choice":"BASIC","floor":5,"damage_taken":0},{"event_name":"Golden Wing","player_choice":"Card Removal","floor":12,"damage_taken":0}],"is_beta":false,"boss_relics":[],"items_purged_floors":[4],"is_endless":false,"potions_floor_spawned":[1,3,10],"killed_by":"Hexaghost","ascension_level":7}