{"gold_per_floor":[144,189,189,234,0,90,90,135,160,26,71,116,206,251,251,551,551,596,106,151,151,196,196,286,286,286,586,586],"floor_reached":28,"playtime":2478,"items_purged":["Defend_B","Strike_B","Strike_B"],"score":275,"play_id":"ca97d76b-d27b-40e3-b9a7-eab4b8e75b27","local_time":"20190801132919","daily_mods":["Allstar","Red Cards","Midas"],"is_ascension_mode":false,"campfire_choices":[{"floor":7.0,"key":"REST"},{"floor":15.0,"key":"REST"},{"floor":23.0,"key":"REST"},{"floor":25.0,"key":"REST"}],"neow_cost":"","seed_source_timestamp":0,"circlet_count":0,"master_deck":["Strike_B","Strike_B","Defend_B","Defend_B","Defend_B","Zap","Dualcast","Madness","Secret Weapon","PanicButton","Impatience","Mind Blast","Power Through","Coolheaded","Armaments+1","Core Surge","Evolve","Ball Lightning","Shrug It Off","Inflame","Cleave","Loop","Coolheaded","Biased Cognition","Headbutt","Dark Shackles","Armaments+1","Skim","Echo Form","Ball Lightning"],"special_seed":18108,"relics":["Cracked Core","Cables","Centennial Puzzle","Happy Flower","Blood Vial","Black Star","Shuriken","Ornamental Fan","Sundial","Ginger","Nunchaku","Question Card"],"potions_floor_usage":[28],"damage_taken":[{"damage":2.0,"enemies":"2 Louse","floor":1.0,"turns":3.0},{"damage":1.0,"enemies":"Cultist","floor":2.0,"turns":3.0},{"damage":0.0,"enemies":"Small Slimes","floor":4.0,"turns":3.0},{"damage":30.0,"enemies":"Gremlin Nob","floor":6.0,"turns":4.0},{"damage":4.0,"enemies":"Gremlin Gang","floor":8.0,"turns":3.0},{"damage":13.0,"enemies":"2 Fungi Beasts","floor":11.0,"turns":3.0},{"damage":7.0,"enemies":"Blue Slaver","floor":12.0,"turns":3.0},{"damage":4.0,"enemies":"3 Sentries","floor":13.0,"turns":4.0},{"damage":5.0,"enemies":"Lots of Slimes","floor":14.0,"turns":2.0},{"damage":32.0,"enemies":"Hexaghost","floor":16.0,"turns":10.0},{"damage":5.0,"enemies":"Shell Parasite","floor":18.0,"turns":4.0},{"damage":2.0,"enemies":"Chosen","floor":20.0,"turns":3.0},{"damage":7.0,"enemies":"Centurion and Healer","floor":22.0,"turns":5.0},{"damage":23.0,"enemies":"Slavers","floor":24.0,"turns":4.0},{"damage":12.0,"enemies":"Colosseum Slavers","floor":27.0,"turns":4.0},{"damage":40.0,"enemies":"Colosseum Nobs","floor":27.0,"turns":4.0},{"damage":31,"enemies":"Gremlin Leader","floor":28,"turns":2}],"seed_played":"4558501401576301004","potions_obtained":[{"floor":1.0,"key":"SpeedPotion"},{"floor":4.0,"key":"Dexterity Potion"},{"floor":6.0,"key":"Block Potion"},{"floor":11.0,"key":"SteroidPotion"},{"floor":20.0,"key":"GamblersBrew"},{"floor":27.0,"key":"Ancient Potion"}],"is_trial":false,"path_per_floor":["M","M","?","M","$","E","R","M","T","$","M","M","E","M","R","B",null,"M","$","M","?","M","R","E","R","T","?","E"],"character_chosen":"DEFECT","items_purchased":["Core Surge","Evolve","Inflame","Headbutt","Dark Shackles","Shuriken"],"campfire_rested":4,"item_purchase_floors":[5,5,10,19,19,19],"current_hp_per_floor":[73,72,72,72,72,42,64,60,60,60,47,40,36,33,55,25,75,70,70,70,70,65,75,52,74,74,25,0],"gold":586,"neow_bonus":"","is_prod":false,"is_daily":true,"chose_seed":false,"campfire_upgraded":0,"win_rate":0,"timestamp":1564658959,"path_taken":["M","M","?","M","$","E","R","M","T","$","M","M","E","?","R","BOSS","M","$","M","?","?","R","E","R","T","?","E"],"build_version":"2019-07-18","purchased_purges":3,"victory":false,"max_hp_per_floor":[75,75,75,75,75,75,75,75,75,75,75,75,75,75,75,75,75,75,75,75,75,75,75,75,75,75,75,75],"card_choices":[{"not_picked":["Static Discharge","Cold Snap"],"picked":"Power Through","floor":1.0},{"not_picked":["Bloodletting","Steam Power"],"picked":"Coolheaded","floor":2.0},{"not_picked":["Bloodletting","Scrape"],"picked":"Armaments","floor":4.0},{"not_picked":["Conserve Battery","Flex"],"picked":"Ball Lightning","floor":6.0},{"not_picked":["Go for the Eyes","Redo"],"picked":"Shrug It Off","floor":8.0},{"not_picked":["Sword Boomerang","Darkness","Compile Driver"],"picked":"SKIP","floor":11.0},{"not_picked":["True Grit","Heavy Blade"],"picked":"Cleave","floor":12.0},{"not_picked":["Blood for Blood","Melter"],"picked":"Loop","floor":13.0},{"not_picked":["Steam","Twin Strike"],"picked":"Coolheaded","floor":14.0},{"not_picked":["Hyperbeam","Thunder Strike"],"picked":"Biased Cognition","floor":16.0},{"not_picked":["Metallicize","Rebound","Fusion+1"],"picked":"SKIP","floor":18.0},{"not_picked":["Perfected Strike","Twin Strike"],"picked":"Armaments+1","floor":20.0},{"not_picked":["Thunderclap+1","Turbo"],"picked":"Skim","floor":22.0},{"not_picked":["Defragment+1","Iron Wave"],"picked":"Echo Form","floor":24.0},{"not_picked":["Anger","Stack"],"picked":"Ball Lightning","floor":27.0}],"player_experience":502181,"relics_obtained":[{"floor":6.0,"key":"Centennial Puzzle"},{"floor":9.0,"key":"Happy Flower"},{"floor":13.0,"key":"Blood Vial"},{"floor":24.0,"key":"Ornamental Fan"},{"floor":24.0,"key":"Sundial"},{"floor":26.0,"key":"Ginger"},{"floor":27.0,"key":"Nunchaku"},{"floor":27.0,"key":"Question Card"}],"event_choices":[{"damage_healed":0.0,"max_hp_gain":0.0,"max_hp_loss":0.0,"gold_gain":0.0,"event_name":"WeMeetAgain","player_choice":"Gave Potion","floor":3.0,"gold_loss":0.0,"damage_taken":0.0,"relics_obtained":["Cables"]},{"damage_healed":0.0,"max_hp_gain":0.0,"max_hp_loss":0.0,"gold_gain":0.0,"event_name":"Upgrade Shrine","player_choice":"Upgraded","floor":21.0,"gold_loss":0.0,"damage_taken":0.0,"cards_upgraded":["Armaments"]},{"damage_healed":0.0,"max_hp_gain":0.0,"max_hp_loss":0.0,"gold_gain":0.0,"event_name":"Colosseum","player_choice":"Fight","floor":27.0,"gold_loss":0.0,"damage_taken":0.0},{"damage_healed":0.0,"max_hp_gain":0.0,"max_hp_loss":0.0,"gold_gain":0.0,"event_name":"Colosseum","player_choice":"Fought Nobs","floor":27.0,"gold_loss":0.0,"damage_taken":0.0}],"is_beta":true,"boss_relics":[{"not_picked":["Runic Pyramid","Runic Dome"],"picked":"Black Star"}],"items_purged_floors":[5,10,19],"is_endless":false,"potions_floor_spawned":[1,4,6,11,20,27],"killed_by":"Gremlin Leader","ascension_level":0}