{"gold_per_floor":[112,112,37,58,8,8,39,63,63,88,88,128,128,149,149,272,272,288,288,66,84,84,84,84],"floor_reached":24,"playtime":1967,"items_purged":["Injury"],"score":296,"play_id":"4b38c77d-d10c-41a9-8c68-b0b58db42c03","local_time":"20180831140408","is_ascension_mode":true,"campfire_choices":[{"data":"Chill","floor":6,"key":"SMITH"},{"data":"Sweeping Beam","floor":11,"key":"SMITH"},{"data":"Coolheaded","floor":13,"key":"SMITH"},{"floor":15,"key":"REST"},{"data":"Blizzard","floor":23,"key":"SMITH"}],"neow_cost":"NONE","seed_source_timestamp":376548641132936,"circlet_count":0,"master_deck":["Strike_B","Strike_B","Strike_B","Defend_B","Defend_B","Zap","Dualcast","Defragment+1","Consume+1","Conserve Battery+1","Stack","Chill+1","Cold Snap","Sweeping Beam+1","Leap","Coolheaded+1","Creative AI+1","Blizzard+1","Machine Learning+1","Cold Snap","Self Repair+1","BootSequence","Turbo","Capacitor+1","Coolheaded"],"relics":["Astrolabe","Golden Idol","Frozen Egg 2","Potion Belt","Blood Vial","Orrery","DataDisk"],"potions_floor_usage":[12,24,24],"damage_taken":[{"damage":12,"enemies":"Jaw Worm","floor":1,"turns":3},{"damage":2,"enemies":"2 Louse","floor":4,"turns":2},{"damage":9,"enemies":"Lagavulin","floor":7,"turns":8},{"damage":0,"enemies":"Cultist","floor":8,"turns":4},{"damage":6,"enemies":"3 Louse","floor":10,"turns":3},{"damage":27,"enemies":"Gremlin Nob","floor":12,"turns":6},{"damage":0,"enemies":"Large Slime","floor":14,"turns":9},{"damage":30,"enemies":"The Guardian","floor":16,"turns":12},{"damage":6,"enemies":"Shell Parasite","floor":18,"turns":9},{"damage":13,"enemies":"Chosen","floor":21,"turns":8},{"damage":11,"enemies":"Colosseum Slavers","floor":24,"turns":6},{"damage":73,"enemies":"Colosseum Nobs","floor":24,"turns":5}],"seed_played":"-9014405062331361097","potions_obtained":[{"floor":1,"key":"SteroidPotion"},{"floor":8,"key":"PowerPotion"},{"floor":14,"key":"Block Potion"},{"floor":18,"key":"AttackPotion"}],"is_trial":false,"path_per_floor":["M","?","$","M","$","R","E","M","T","M","R","E","R","M","R","B",null,"M","?","$","M","$","R"],"character_chosen":"DEFECT","items_purchased":["Cold Snap","DataDisk","Capacitor+1"],"campfire_rested":1,"item_purchase_floors":[5,20,20],"current_hp_per_floor":[56,56,56,54,54,54,45,45,45,39,39,12,12,14,36,8,58,64,64,64,63,63,63,0],"gold":84,"neow_bonus":"BOSS_RELIC","is_prod":false,"is_daily":false,"chose_seed":false,"campfire_upgraded":4,"win_rate":0,"timestamp":1535749448,"path_taken":["M","?","$","M","?","R","E","M","T","M","R","E","R","M","R","BOSS","M","?","$","?","?","R","?"],"build_version":"2018-08-30","purchased_purges":1,"victory":false,"max_hp_per_floor":[75,75,75,75,75,75,75,75,75,75,75,75,75,75,75,75,75,75,75,75,75,75,75,75],"card_choices":[{"not_picked":["Double Energy","Redo"],"picked":"Stack","floor":1},{"not_picked":["Hello World","Go for the Eyes"],"picked":"Chill","floor":4},{"not_picked":["Scrape","Hologram"],"picked":"Sweeping Beam","floor":7},{"not_picked":["Stack","Turbo"],"picked":"Leap","floor":8},{"not_picked":["Go for the Eyes","Barrage"],"picked":"Coolheaded","floor":10},{"not_picked":["Go for the Eyes","Darkness"],"picked":"Creative AI+1","floor":12},{"not_picked":["Sweeping Beam","Gash"],"picked":"Blizzard","floor":14},{"not_picked":["Fission","Seek"],"picked":"Machine Learning+1","floor":16},{"not_picked":["Sunder","Skim"],"picked":"Cold Snap","floor":17},{"not_picked":["Stack","Beam Cell"],"picked":"Self Repair+1","floor":17},{"not_picked":["FTL","Gash"],"picked":"BootSequence","floor":17},{"not_picked":["Beam Cell","Gash"],"picked":"Turbo","floor":17},{"not_picked":["Chaos","Steam+1","Rebound"],"picked":"SKIP","floor":18},{"not_picked":["Fission","Compile Driver"],"picked":"Coolheaded","floor":21}],"player_experience":742054,"relics_obtained":[{"floor":7,"key":"Frozen Egg 2"},{"floor":9,"key":"Potion Belt"},{"floor":12,"key":"Blood Vial"}],"event_choices":[{"event_name":"Golden Idol","player_choice":"Take Wound","floor":2,"damage_taken":0},{"event_name":"Ghosts","player_choice":"Ignored","floor":19,"damage_taken":0},{"event_name":"Colosseum","player_choice":"Fight","floor":24,"damage_taken":0},{"event_name":"Colosseum","player_choice":"Fought Nobs","floor":24,"damage_taken":0}],"is_beta":false,"boss_relics":[{"not_picked":["Cursed Key","Pandora\u0027s Box"],"picked":"Orrery"}],"items_purged_floors":[3],"is_endless":false,"potions_floor_spawned":[1,8,14,18],"killed_by":"Colosseum Nobs","ascension_level":9}