{"gold_per_floor":[113,38,51,67,78,78,89,105,105,124,124,143,143,174,174,269,269,282,282,302,318,330,330,330],"floor_reached":24,"playtime":1231,"items_purged":["Strike_B"],"score":280,"play_id":"2e6d0cdc-3039-46ef-ae8f-08a5e694acc9","local_time":"20180817122618","is_ascension_mode":true,"campfire_choices":[{"data":"Doom and Gloom","floor":6,"key":"SMITH"},{"floor":11,"key":"REST"},{"floor":13,"key":"REST"},{"data":"Buffer","floor":15,"key":"SMITH"},{"floor":23,"key":"REST"}],"neow_cost":"NONE","seed_source_timestamp":119035779517957,"circlet_count":0,"master_deck":["Strike_B","Strike_B","Strike_B","Defend_B","Defend_B","Defend_B","Defend_B","Zap","Dualcast+1","Doom and Gloom+1","Stack","Hologram+1","Doom and Gloom","Rebound","Turbo","Stack","Sweeping Beam","Buffer+1","Melter","Seek","Consume","Ghostly","Ghostly","Ghostly","Ghostly","Ghostly"],"relics":["Orrery","Cables","War Paint","Black Star"],"potions_floor_usage":[16],"damage_taken":[{"damage":9,"enemies":"Jaw Worm","floor":1,"turns":4},{"damage":13,"enemies":"Small Slimes","floor":3,"turns":2},{"damage":1,"enemies":"Cultist","floor":4,"turns":3},{"damage":17,"enemies":"Blue Slaver","floor":5,"turns":4},{"damage":12,"enemies":"3 Louse","floor":7,"turns":2},{"damage":7,"enemies":"2 Fungi Beasts","floor":8,"turns":3},{"damage":0,"enemies":"Exordium Wildlife","floor":10,"turns":3},{"damage":0,"enemies":"Large Slime","floor":12,"turns":4},{"damage":3,"enemies":"Gremlin Nob","floor":14,"turns":4},{"damage":20,"enemies":"Hexaghost","floor":16,"turns":8},{"damage":0,"enemies":"Spheric Guardian","floor":18,"turns":2},{"damage":9,"enemies":"Chosen","floor":20,"turns":6},{"damage":6,"enemies":"Snake Plant","floor":21,"turns":4},{"damage":19,"enemies":"Shelled Parasite and Fungi","floor":22,"turns":6},{"damage":25,"enemies":"Gremlin Leader","floor":24,"turns":3}],"seed_played":"7128945338705412457","potions_obtained":[{"floor":5,"key":"SkillPotion"},{"floor":10,"key":"FairyPotion"},{"floor":16,"key":"Block Potion"},{"floor":20,"key":"Energy Potion"},{"floor":21,"key":"FocusPotion"}],"is_trial":false,"path_per_floor":["M","$","M","M","M","R","M","M","T","M","R","M","R","E","R","B",null,"M","?","M","M","M","R"],"character_chosen":"DEFECT","items_purchased":[],"campfire_rested":3,"item_purchase_floors":[],"current_hp_per_floor":[66,66,53,52,35,35,23,16,16,16,38,38,60,57,57,37,66,66,37,28,22,3,14,0],"gold":330,"neow_bonus":"BOSS_RELIC","is_prod":false,"is_daily":false,"chose_seed":false,"campfire_upgraded":2,"win_rate":0,"timestamp":1534533978,"path_taken":["M","$","M","M","M","R","M","M","T","M","R","M","R","E","R","BOSS","M","?","M","M","M","R","E"],"build_version":"2018-08-16","purchased_purges":1,"victory":false,"max_hp_per_floor":[75,75,75,75,75,75,75,75,75,75,75,75,75,75,75,75,75,75,37,37,37,37,37,37],"card_choices":[{"not_picked":["Coolheaded","Reinforced Body"],"picked":"Doom and Gloom","floor":0},{"not_picked":["Hologram","Static Discharge"],"picked":"Stack","floor":0},{"not_picked":["Recycle","Cold Snap"],"picked":"Hologram","floor":0},{"not_picked":["Ball Lightning","Conserve Battery"],"picked":"Doom and Gloom","floor":0},{"not_picked":["Compile Driver","Fusion","Hologram"],"picked":"SKIP","floor":1},{"not_picked":["Ball Lightning","Storm"],"picked":"Rebound","floor":3},{"not_picked":["Streamline","Storm"],"picked":"Turbo","floor":4},{"not_picked":["Steam","Beam Cell","Turbo"],"picked":"SKIP","floor":5},{"not_picked":["Scrape","Reprogram"],"picked":"Stack","floor":7},{"not_picked":["Ball Lightning","Gash"],"picked":"Sweeping Beam","floor":8},{"not_picked":["Tempest","Reprogram","Compile Driver"],"picked":"SKIP","floor":10},{"not_picked":["Streamline","Steam"],"picked":"Buffer","floor":12},{"not_picked":["Steam","Go for the Eyes"],"picked":"Melter","floor":14},{"not_picked":["Rainbow","Electrodynamics"],"picked":"Seek","floor":16},{"not_picked":["Coolheaded","Storm"],"picked":"Consume","floor":18},{"not_picked":["Sweeping Beam","Reinforced Body+1","Stack+1"],"picked":"SKIP","floor":20},{"not_picked":["Compile Driver","Barrage","Leap"],"picked":"SKIP","floor":21},{"not_picked":["Cold Snap","Conserve Battery","Amplify"],"picked":"SKIP","floor":22}],"player_experience":657645,"relics_obtained":[{"floor":9,"key":"Cables"},{"floor":14,"key":"War Paint"}],"event_choices":[{"event_name":"Ghosts","player_choice":"Became a Ghost","floor":19,"damage_taken":0}],"is_beta":false,"boss_relics":[{"not_picked":["Nuclear Battery","Runic Pyramid"],"picked":"Black Star"}],"items_purged_floors":[2],"is_endless":false,"potions_floor_spawned":[5,10,16,20,21],"killed_by":"Gremlin Leader","ascension_level":5}