{"gold_per_floor":[115,133,58,58,233,233,248,278,278,278,278,309,309,323,323,449,449,464,483,124,140,158,158,173,173,173,187,187,205,205,205],"floor_reached":31,"playtime":1787,"items_purged":["Strike_R","Doubt"],"score":396,"play_id":"092589a8-e21f-469c-88d5-e0f397a425b2","local_time":"20180918191754","is_ascension_mode":true,"campfire_choices":[{"data":"Bludgeon","floor":6,"key":"SMITH"},{"data":"True Grit","floor":11,"key":"SMITH"},{"data":"Bludgeon","floor":15,"key":"SMITH"},{"data":"Bloodletting","floor":23,"key":"SMITH"},{"floor":25,"key":"REST"},{"floor":28,"key":"REST"}],"neow_cost":"NONE","seed_source_timestamp":21624387046356,"circlet_count":0,"master_deck":["Strike_R","Strike_R","Strike_R","Defend_R","Defend_R","Defend_R","Defend_R","Bash","AscendersBane","Bludgeon+1","Cleave","Headbutt","True Grit+1","Injury","Bludgeon+1","Feed","Bloodletting+1","Headbutt+1","Reaper"],"relics":["Black Blood","Bottled Flame","The Courier","Golden Idol","Ancient Tea Set","Nunchaku","Pen Nib","Lee\u0027s Waffle","Turnip"],"potions_floor_usage":[24,31,31,31],"damage_taken":[{"damage":0,"enemies":"Small Slimes","floor":1,"turns":2},{"damage":0,"enemies":"Cultist","floor":2,"turns":2},{"damage":2,"enemies":"Jaw Worm","floor":7,"turns":3},{"damage":16,"enemies":"Gremlin Nob","floor":8,"turns":3},{"damage":26,"enemies":"3 Sentries","floor":12,"turns":10},{"damage":5,"enemies":"2 Fungi Beasts","floor":14,"turns":3},{"damage":9,"enemies":"Slime Boss","floor":16,"turns":5},{"damage":2,"enemies":"Spheric Guardian","floor":18,"turns":3},{"damage":44,"enemies":"Shell Parasite","floor":19,"turns":5},{"damage":24,"enemies":"Cultist and Chosen","floor":21,"turns":4},{"damage":41,"enemies":"Shelled Parasite and Fungi","floor":22,"turns":6},{"damage":43,"enemies":"Centurion and Healer","floor":24,"turns":6},{"damage":31,"enemies":"3 Cultists","floor":27,"turns":5},{"damage":9,"enemies":"Cultist and Chosen","floor":29,"turns":3},{"damage":86,"enemies":"Slavers","floor":31,"turns":5}],"seed_played":"2812215221178559255","potions_obtained":[{"floor":2,"key":"LiquidBronze"},{"floor":12,"key":"BloodPotion"},{"floor":16,"key":"PowerPotion"},{"floor":27,"key":"GamblersBrew"}],"is_trial":false,"path_per_floor":["M","M","$","?","?","R","M","E","T","?","R","E","T","M","R","B",null,"M","M","$","M","M","R","M","R","T","M","R","M","?"],"character_chosen":"IRONCLAD","items_purchased":["Pen Nib","Lee\u0027s Waffle"],"campfire_rested":2,"item_purchase_floors":[20,20],"current_hp_per_floor":[78,80,80,80,80,80,80,70,70,70,70,50,50,51,51,48,72,80,46,87,76,48,48,15,42,42,24,52,64,64,0],"gold":205,"neow_bonus":"ONE_RANDOM_RARE_CARD","is_prod":false,"is_daily":false,"chose_seed":false,"campfire_upgraded":4,"win_rate":0,"timestamp":1537323474,"path_taken":["M","M","$","?","?","R","?","E","T","?","R","E","?","M","R","BOSS","M","M","$","M","M","R","M","R","T","?","R","M","?","E"],"build_version":"2018-09-06","purchased_purges":2,"victory":false,"max_hp_per_floor":[80,80,80,80,80,80,80,80,80,80,80,80,80,80,80,80,80,80,80,87,90,93,93,93,93,93,96,96,99,99,99],"card_choices":[{"not_picked":["Flex","Sword Boomerang"],"picked":"Cleave","floor":1},{"not_picked":["Anger","Metallicize"],"picked":"Headbutt","floor":2},{"not_picked":["Clothesline","Sentinel"],"picked":"True Grit","floor":7},{"not_picked":["Wild Strike","True Grit","Clash"],"picked":"SKIP","floor":8},{"not_picked":["Shockwave","Pommel Strike"],"picked":"Bludgeon","floor":12},{"not_picked":["Havoc","Searing Blow","Flex"],"picked":"SKIP","floor":14},{"not_picked":["Fiend Fire","Brutality"],"picked":"Feed","floor":16},{"not_picked":["Warcry","Sword Boomerang","Blood for Blood"],"picked":"SKIP","floor":18},{"not_picked":["True Grit","Clash"],"picked":"Bloodletting","floor":19},{"not_picked":["Wild Strike+1","Sentinel","Twin Strike+1"],"picked":"SKIP","floor":21},{"not_picked":["Twin Strike","Spot Weakness","Metallicize"],"picked":"SKIP","floor":22},{"not_picked":["Clothesline","Twin Strike"],"picked":"Headbutt+1","floor":24},{"not_picked":["Heavy Blade","Headbutt+1"],"picked":"Reaper","floor":27},{"not_picked":["Heavy Blade","Combust","Sword Boomerang"],"picked":"SKIP","floor":29}],"player_experience":823719,"relics_obtained":[{"floor":8,"key":"Bottled Flame"},{"floor":9,"key":"The Courier"},{"floor":12,"key":"Ancient Tea Set"},{"floor":13,"key":"Nunchaku"},{"floor":26,"key":"Turnip"}],"event_choices":[{"event_name":"Living Wall","player_choice":"Forget","floor":4,"damage_taken":0},{"event_name":"Liars Game","player_choice":"agreed","floor":5,"damage_taken":0},{"event_name":"Golden Idol","player_choice":"Take Wound","floor":10,"damage_taken":0},{"event_name":"Vampires","player_choice":"Ignored","floor":30,"damage_taken":0}],"is_beta":false,"boss_relics":[{"not_picked":["Astrolabe","White Beast Statue"],"picked":"Black Blood"}],"items_purged_floors":[3,20],"is_endless":false,"potions_floor_spawned":[2,12,16,22,27,29],"killed_by":"Slavers","ascension_level":10}