{"gold_per_floor":[118,193,41,53,53,53,78,49,49,61,1],"floor_reached":11,"playtime":285,"items_purged":["Defend_B"],"score":135,"play_id":"9868118a-af23-49a0-8e89-6b976aed542f","local_time":"20190503183127","is_ascension_mode":true,"campfire_choices":[{"data":"Chaos","floor":6,"key":"SMITH"}],"neow_cost":"NONE","seed_source_timestamp":222769285693941,"circlet_count":0,"master_deck":["AscendersBane","Strike_B","Strike_B","Strike_B","Defend_B","Defend_B","Defend_B","Zap","Dualcast","Chaos+1","Rip and Tear","Streamline","Chaos","Compile Driver","Pain"],"relics":["Cursed Key","Centennial Puzzle","Bottled Lightning"],"potions_floor_usage":[11],"damage_taken":[{"damage":2,"enemies":"Cultist","floor":1,"turns":4},{"damage":4,"enemies":"Jaw Worm","floor":4,"turns":4},{"damage":40,"enemies":"3 Sentries","floor":7,"turns":7},{"damage":0,"enemies":"2 Louse","floor":10,"turns":1},{"damage":16,"enemies":"Looter","floor":11,"turns":3}],"seed_played":"6784639996914130016","potions_obtained":[{"floor":10,"key":"Weak Potion"}],"is_trial":false,"path_per_floor":["M","?","$","M","?","R","E","$","T","M","M"],"character_chosen":"DEFECT","items_purchased":["Rip and Tear","Compile Driver"],"campfire_rested":0,"item_purchase_floors":[3,8],"current_hp_per_floor":[62,51,51,47,47,47,7,7,7,7,0],"gold":1,"neow_bonus":"BOSS_RELIC","is_prod":false,"is_daily":false,"chose_seed":false,"campfire_upgraded":1,"win_rate":0,"timestamp":1556933487,"path_taken":["M","?","?","M","?","R","E","$","T","M","M"],"build_version":"2019-01-23","purchased_purges":1,"victory":false,"max_hp_per_floor":[71,71,71,71,71,71,71,71,71,71,71],"card_choices":[{"not_picked":["Leap","Redo"],"picked":"Chaos","floor":1},{"not_picked":["Sweeping Beam","Hyperbeam"],"picked":"Streamline","floor":4},{"not_picked":["Hologram","Thunder Strike"],"picked":"Chaos","floor":7},{"not_picked":["Heatsinks","Force Field","Go for the Eyes"],"picked":"SKIP","floor":10}],"player_experience":1327922,"relics_obtained":[{"floor":7,"key":"Centennial Puzzle"},{"floor":9,"key":"Bottled Lightning"}],"event_choices":[{"damage_healed":0,"gold_gain":75,"player_choice":"Gather Gold","damage_taken":11,"max_hp_gain":0,"max_hp_loss":0,"event_name":"World of Goop","floor":2,"gold_loss":0},{"cards_removed":["Strike_B"],"damage_healed":0,"gold_gain":0,"player_choice":"Forget","damage_taken":0,"max_hp_gain":0,"max_hp_loss":0,"event_name":"Living Wall","floor":5,"gold_loss":0}],"is_beta":false,"boss_relics":[],"items_purged_floors":[3],"is_endless":false,"potions_floor_spawned":[10],"killed_by":"Looter","ascension_level":18}