{"gold_per_floor":[118,129,129,129,129,161,181,210,210,136,153,153,153,153],"floor_reached":14,"playtime":733,"items_purged":[],"score":196,"play_id":"c6151d5c-6b9a-4635-b968-50e9ca6b9622","local_time":"20190815225416","is_ascension_mode":true,"campfire_choices":[{"floor":13,"key":"REST"}],"neow_cost":"NONE","seed_source_timestamp":1469078051479122,"circlet_count":0,"master_deck":["AscendersBane","Strike_G","Strike_G","Strike_G","Strike_G","Defend_G","Defend_G","Defend_G","Defend_G","Defend_G","Survivor","Neutralize","Dagger Spray","Dagger Spray","Noxious Fumes","All Out Attack","Concentrate+1"],"relics":["Ring of the Snake","Bronze Scales","Pear","Toxic Egg 2","Ninja Scroll","The Courier"],"potions_floor_usage":[6,14],"damage_taken":[{"damage":0,"enemies":"2 Louse","floor":1,"turns":4},{"damage":1,"enemies":"Small Slimes","floor":2,"turns":4},{"damage":24,"enemies":"Gremlin Nob","floor":6,"turns":4},{"damage":3,"enemies":"Cultist","floor":7,"turns":4},{"damage":45,"enemies":"Lagavulin","floor":8,"turns":9},{"damage":0,"enemies":"2 Fungi Beasts","floor":11,"turns":2},{"damage":27,"enemies":"3 Sentries","floor":14,"turns":6}],"seed_played":"2102833415376167275","potions_obtained":[{"floor":2,"key":"FearPotion"},{"floor":11,"key":"SneckoOil"}],"is_trial":false,"path_per_floor":["M","M","?","?","?","E","M","E","T","?","M","?","R","E"],"character_chosen":"THE_SILENT","items_purchased":[],"campfire_rested":1,"item_purchase_floors":[],"current_hp_per_floor":[59,58,63,63,63,49,46,1,1,1,1,1,25,0],"gold":153,"neow_bonus":"RANDOM_COMMON_RELIC","is_prod":false,"is_daily":false,"chose_seed":false,"campfire_upgraded":0,"win_rate":0,"timestamp":1565924056,"path_taken":["M","M","?","?","?","E","?","E","T","?","M","?","R","E"],"build_version":"2019-07-17","purchased_purges":0,"victory":false,"max_hp_per_floor":[66,66,71,71,71,81,81,81,81,81,81,81,81,81],"card_choices":[{"not_picked":["Eviscerate","Cloak And Dagger"],"picked":"Dagger Spray","floor":1},{"not_picked":["Blade Dance","Underhanded Strike"],"picked":"Dagger Spray","floor":2},{"not_picked":["Quick Slash","Crippling Poison"],"picked":"Noxious Fumes","floor":6},{"not_picked":["Flechettes","Choke","Underhanded Strike"],"picked":"SKIP","floor":7},{"not_picked":["Flechettes","Choke","Underhanded Strike"],"picked":"SKIP","floor":7},{"not_picked":["Blur","Slice"],"picked":"All Out Attack","floor":8},{"not_picked":["Slice","Outmaneuver+1"],"picked":"Concentrate+1","floor":11}],"player_experience":554844,"relics_obtained":[{"floor":6,"key":"Pear"},{"floor":8,"key":"Toxic Egg 2"},{"floor":9,"key":"Ninja Scroll"}],"event_choices":[{"damage_healed":0,"gold_gain":0,"player_choice":"Donut","damage_taken":0,"max_hp_gain":5,"max_hp_loss":0,"event_name":"Big Fish","floor":3,"gold_loss":0},{"damage_healed":0,"gold_gain":0,"player_choice":"Ignored","damage_taken":0,"max_hp_gain":0,"max_hp_loss":0,"event_name":"Liars Game","floor":4,"gold_loss":0},{"cards_removed":["Strike_G"],"damage_healed":0,"gold_gain":0,"player_choice":"Offered Basic","damage_taken":0,"max_hp_gain":0,"max_hp_loss":0,"event_name":"Bonfire Elementals","floor":5,"gold_loss":0},{"damage_healed":0,"gold_gain":0,"player_choice":"Left Gold","damage_taken":0,"max_hp_gain":0,"max_hp_loss":0,"event_name":"World of Goop","floor":10,"gold_loss":74},{"damage_healed":0,"gold_gain":0,"player_choice":"Searched \u00271\u0027 times","damage_taken":0,"relics_obtained":["The Courier"],"max_hp_gain":0,"max_hp_loss":0,"event_name":"Dead Adventurer","floor":12,"gold_loss":0}],"is_beta":false,"boss_relics":[],"items_purged_floors":[],"is_endless":false,"potions_floor_spawned":[2,11],"killed_by":"3 Sentries","ascension_level":20}