{"gold_per_floor":[118,135,8,18,18,48,61,71,98,111,286,298,298,328,328,427,427,443,295,313,326,326,326,361,361,361,379,397,397,411,445,445,541,541,558,577,631,631,645,223,223,242,242,242,92,92,92,108,108,108],"floor_reached":51,"playtime":1826,"items_purged":["Doubt","Doubt","Defend_R","Defend_R"],"score":791,"play_id":"f73bf182-d3e7-4a8a-a55a-77e025b2e577","local_time":"20190111102800","is_ascension_mode":false,"campfire_choices":[{"data":"Perfected Strike","floor":13,"key":"SMITH"},{"data":"Bash","floor":15,"key":"SMITH"},{"data":"Perfected Strike","floor":23,"key":"SMITH"},{"data":"Pommel Strike","floor":25,"key":"SMITH"},{"data":"Twin Strike","floor":29,"key":"SMITH"},{"data":"Wild Strike","floor":32,"key":"SMITH"},{"data":"Pommel Strike","floor":44,"key":"SMITH"},{"floor":46,"key":"REST"},{"floor":49,"key":"REST"}],"neow_cost":"CURSE","seed_source_timestamp":243973064368720,"circlet_count":0,"master_deck":["Strike_R","Strike_R+1","Strike_R","Strike_R","Strike_R","Defend_R","Bash+1","Twin Strike","Armaments+1","Perfected Strike+1","Twin Strike+1","Pommel Strike+1","Thunderclap","Twin Strike","Perfected Strike+1","Wild Strike+1","Headbutt","Pommel Strike+1","Pommel Strike+1","Madness","Madness"],"relics":["Burning Blood","Magic Flower","Shuriken","Pen Nib","Bronze Scales","Velvet Choker","Lantern","Frozen Egg 2","Ancient Tea Set","Runic Dome","Gambling Chip","Pear","Vajra"],"potions_floor_usage":[18,20,28,33,33,50,50],"damage_taken":[{"damage":10,"enemies":"Jaw Worm","floor":1,"turns":5},{"damage":2,"enemies":"2 Louse","floor":2,"turns":3},{"damage":0,"enemies":"Small Slimes","floor":4,"turns":2},{"damage":19,"enemies":"Gremlin Nob","floor":6,"turns":4},{"damage":1,"enemies":"2 Fungi Beasts","floor":7,"turns":4},{"damage":14,"enemies":"Exordium Thugs","floor":8,"turns":6},{"damage":5,"enemies":"Looter","floor":10,"turns":2},{"damage":6,"enemies":"Exordium Wildlife","floor":12,"turns":2},{"damage":44,"enemies":"The Guardian","floor":16,"turns":8},{"damage":0,"enemies":"Spheric Guardian","floor":18,"turns":3},{"damage":0,"enemies":"3 Byrds","floor":20,"turns":2},{"damage":23,"enemies":"Centurion and Healer","floor":21,"turns":4},{"damage":28,"enemies":"Book of Stabbing","floor":24,"turns":3},{"damage":0,"enemies":"Snake Plant","floor":27,"turns":1},{"damage":11,"enemies":"3 Cultists","floor":28,"turns":4},{"damage":0,"enemies":"Snecko","floor":30,"turns":2},{"damage":0,"enemies":"Gremlin Leader","floor":31,"turns":2},{"damage":23,"enemies":"Champ","floor":33,"turns":5},{"damage":8,"enemies":"3 Shapes","floor":35,"turns":2},{"damage":36,"enemies":"3 Darklings","floor":36,"turns":3},{"damage":15,"enemies":"2 Orb Walkers","floor":37,"turns":3},{"damage":15,"enemies":"Writhing Mass","floor":39,"turns":2},{"damage":19,"enemies":"Spire Growth","floor":42,"turns":2},{"damage":0,"enemies":"4 Shapes","floor":48,"turns":2},{"damage":47,"enemies":"Time Eater","floor":50,"turns":3}],"seed_played":"-6426690779644087392","potions_obtained":[{"floor":6,"key":"LiquidBronze"},{"floor":7,"key":"GamblersBrew"},{"floor":8,"key":"Explosive Potion"},{"floor":12,"key":"Fire Potion"},{"floor":21,"key":"FearPotion"},{"floor":24,"key":"Regen Potion"},{"floor":28,"key":"LiquidBronze"},{"floor":36,"key":"BloodPotion"},{"floor":37,"key":"Strength Potion"},{"floor":48,"key":"Swift Potion"}],"is_trial":false,"path_per_floor":["M","M","$","M","?","E","M","M","T","M","?","M","R","?","R","B",null,"M","$","M","M","?","R","E","R","T","M","M","R","M","E","R","B",null,"M","M","?","?","M","$","?","M","T","R","$","R","?","M","R","B",null],"character_chosen":"IRONCLAD","items_purchased":["Armaments","Thunderclap","Pommel Strike","Pear"],"campfire_rested":2,"item_purchase_floors":[3,19,40,40],"current_hp_per_floor":[79,80,80,80,64,54,62,57,57,61,61,64,64,64,64,29,80,80,80,80,66,66,66,47,47,47,56,73,73,80,80,80,66,80,80,53,47,47,41,51,51,41,41,41,41,68,57,66,90,52],"gold":108,"neow_bonus":"ONE_RARE_RELIC","is_prod":false,"is_daily":false,"chose_seed":false,"campfire_upgraded":7,"win_rate":0,"timestamp":1547231280,"path_taken":["M","M","$","M","?","E","M","M","T","M","?","M","R","?","R","BOSS","M","$","M","M","?","R","E","R","T","M","M","R","M","E","R","BOSS","M","M","?","?","M","$","?","M","T","R","$","R","?","M","R","BOSS"],"build_version":"2019-01-10","purchased_purges":4,"victory":true,"max_hp_per_floor":[80,80,80,80,80,80,80,80,80,80,80,80,80,80,80,80,80,80,80,80,80,80,80,80,80,80,80,80,80,80,80,80,80,80,80,80,80,80,80,90,90,90,90,90,90,90,90,90,90,90],"card_choices":[{"not_picked":["True Grit","Flex","Clothesline"],"picked":"SKIP","floor":1},{"not_picked":["Heavy Blade","Iron Wave"],"picked":"Twin Strike","floor":2},{"not_picked":["Burning Pact","Ghostly Armor"],"picked":"Perfected Strike","floor":4},{"not_picked":["Infernal Blade","Reckless Charge","True Grit"],"picked":"SKIP","floor":6},{"not_picked":["Clash","Anger","Havoc"],"picked":"SKIP","floor":7},{"not_picked":["Warcry","Havoc","Iron Wave"],"picked":"SKIP","floor":8},{"not_picked":["Thunderclap","Sword Boomerang"],"picked":"Twin Strike","floor":10},{"not_picked":["Feed","Havoc","Fire Breathing"],"picked":"SKIP","floor":12},{"not_picked":["Shrug It Off","Headbutt"],"picked":"Pommel Strike","floor":18},{"not_picked":["Thunderclap","Power Through"],"picked":"Twin Strike","floor":20},{"not_picked":["Iron Wave","Bloodletting"],"picked":"Perfected Strike","floor":21},{"not_picked":["Searing Blow","Clothesline","Sword Boomerang+1"],"picked":"SKIP","floor":24},{"not_picked":["Iron Wave","Intimidate+1","Body Slam"],"picked":"SKIP","floor":27},{"not_picked":["Battle Trance","Armaments","Body Slam+1"],"picked":"SKIP","floor":28},{"not_picked":["Juggernaut+1","Feel No Pain+1","Flex"],"picked":"SKIP","floor":30},{"not_picked":["Corruption+1","Searing Blow"],"picked":"Wild Strike","floor":31},{"not_picked":["Body Slam","Clothesline+1"],"picked":"Headbutt","floor":35},{"not_picked":["Cleave","Thunderclap","Evolve+1"],"picked":"SKIP","floor":36},{"not_picked":["Clash","Carnage","Corruption+1"],"picked":"SKIP","floor":39},{"not_picked":["Fire Breathing+1","Pummel+1"],"picked":"Pommel Strike+1","floor":42},{"not_picked":["Body Slam+1","Infernal Blade","Searing Blow"],"picked":"SKIP","floor":48}],"player_experience":1099336,"relics_obtained":[{"floor":6,"key":"Shuriken"},{"floor":9,"key":"Pen Nib"},{"floor":24,"key":"Lantern"},{"floor":26,"key":"Frozen Egg 2"},{"floor":31,"key":"Ancient Tea Set"},{"floor":37,"key":"Gambling Chip"},{"floor":43,"key":"Vajra"}],"event_choices":[{"damage_healed":0,"gold_gain":0,"player_choice":"Entered Light","damage_taken":16,"max_hp_gain":0,"max_hp_loss":0,"event_name":"Shining Light","floor":5,"gold_loss":0,"cards_upgraded":["Armaments","Strike_R"]},{"damage_healed":0,"gold_gain":175,"player_choice":"AGREE","damage_taken":0,"max_hp_gain":0,"max_hp_loss":0,"event_name":"Liars Game","floor":11,"gold_loss":0,"cards_obtained":["Doubt"]},{"damage_healed":0,"gold_gain":30,"player_choice":"Searched \u00272\u0027 times","damage_taken":0,"relics_obtained":["Bronze Scales"],"max_hp_gain":0,"max_hp_loss":0,"event_name":"Dead Adventurer","floor":14,"gold_loss":0},{"cards_removed":["Defend_R"],"damage_healed":0,"gold_gain":0,"player_choice":"Elegance","damage_taken":0,"max_hp_gain":0,"max_hp_loss":0,"event_name":"Back to Basics","floor":22,"gold_loss":0},{"damage_healed":0,"gold_gain":0,"player_choice":"Fight","damage_taken":0,"max_hp_gain":0,"max_hp_loss":0,"event_name":"Mysterious Sphere","floor":37,"gold_loss":0},{"damage_healed":0,"gold_gain":0,"player_choice":"Memory 1","damage_taken":0,"max_hp_gain":0,"max_hp_loss":0,"event_name":"SensoryStone","floor":38,"gold_loss":0},{"damage_healed":0,"gold_gain":0,"player_choice":"Ignored","damage_taken":0,"max_hp_gain":0,"max_hp_loss":0,"event_name":"Tomb of Lord Red Mask","floor":41,"gold_loss":0},{"damage_healed":0,"gold_gain":0,"player_choice":"Embrace Madness","damage_taken":11,"max_hp_gain":0,"max_hp_loss":0,"event_name":"Winding Halls","floor":47,"gold_loss":0,"cards_obtained":["Madness","Madness"]}],"is_beta":false,"boss_relics":[{"not_picked":["Snecko Eye","Cursed Key"],"picked":"Velvet Choker"},{"not_picked":["Runic Pyramid","Coffee Dripper"],"picked":"Runic Dome"}],"items_purged_floors":[3,19,40,45],"is_endless":false,"potions_floor_spawned":[6,7,8,12,16,21,24,27,28,36,37,48],"ascension_level":0}