{"gold_per_floor":[114,134,150,170,95,130,130,130,157,157,184,200,210,222,222,222],"floor_reached":16,"playtime":666,"items_purged":["Strike_B"],"score":114,"play_id":"7e440d77-ac1c-4c9d-bca3-5ed9f844c5ef","local_time":"20181130170419","is_ascension_mode":false,"campfire_choices":[{"floor":7,"key":"RECALL"},{"floor":10,"key":"REST"},{"floor":15,"key":"REST"}],"neow_cost":"PERCENT_DAMAGE","seed_source_timestamp":387102823541087,"circlet_count":0,"master_deck":["Strike_B","Strike_B","Strike_B","Defend_B","Defend_B","Defend_B","Defend_B","Zap","Dualcast","Hyperbeam","Turbo","Hologram","Fusion","Conserve Battery","Beam Cell","Conserve Battery","Hologram","Skim"],"relics":["Cracked Core","Art of War","Boot"],"potions_floor_usage":[6,16],"damage_taken":[{"damage":0,"enemies":"Small Slimes","floor":1,"turns":2},{"damage":0,"enemies":"2 Louse","floor":2,"turns":1},{"damage":0,"enemies":"Cultist","floor":3,"turns":2},{"damage":0,"enemies":"Exordium Wildlife","floor":4,"turns":1},{"damage":15,"enemies":"Lagavulin","floor":6,"turns":7},{"damage":31,"enemies":"Gremlin Nob","floor":11,"turns":5},{"damage":2,"enemies":"Blue Slaver","floor":12,"turns":3},{"damage":0,"enemies":"Large Slime","floor":13,"turns":2},{"damage":0,"enemies":"2 Fungi Beasts","floor":14,"turns":2},{"damage":55,"enemies":"Hexaghost","floor":16,"turns":11}],"seed_played":"8277824521780548083","potions_obtained":[{"floor":2,"key":"FearPotion"},{"floor":3,"key":"SteroidPotion"},{"floor":12,"key":"SteroidPotion"},{"floor":13,"key":"Energy Potion"},{"floor":14,"key":"Energy Potion"}],"is_trial":false,"path_per_floor":["M","M","M","M","$","E","R","?","T","R","E","M","M","M","R","B"],"character_chosen":"DEFECT","items_purchased":[],"campfire_rested":2,"item_purchase_floors":[],"current_hp_per_floor":[54,54,54,54,54,39,39,39,39,61,30,28,28,28,50,0],"gold":222,"neow_bonus":"THREE_RARE_CARDS","is_prod":false,"is_daily":false,"chose_seed":false,"campfire_upgraded":0,"win_rate":0,"timestamp":1543626259,"path_taken":["M","M","M","M","$","E","R","?","T","R","E","M","M","M","R","BOSS"],"build_version":"2018-11-15","purchased_purges":1,"victory":false,"max_hp_per_floor":[75,75,75,75,75,75,75,75,75,75,75,75,75,75,75,75],"card_choices":[{"not_picked":["Echo Form","Multi-Cast"],"picked":"Hyperbeam","floor":0},{"not_picked":["Recycle","Leap"],"picked":"Turbo","floor":1},{"not_picked":["Redo","Conserve Battery"],"picked":"Hologram","floor":2},{"not_picked":["Chill","Ball Lightning","Lockon"],"picked":"SKIP","floor":3},{"not_picked":["Glacier","Multi-Cast"],"picked":"Fusion","floor":4},{"not_picked":["Cold Snap","Tempest"],"picked":"Conserve Battery","floor":6},{"not_picked":["Barrage","Hologram"],"picked":"Beam Cell","floor":11},{"not_picked":["Hologram","Auto Shields"],"picked":"Conserve Battery","floor":12},{"not_picked":["Gash","Sweeping Beam"],"picked":"Hologram","floor":13},{"not_picked":["Hologram","Melter"],"picked":"Skim","floor":14}],"player_experience":1021516,"relics_obtained":[{"floor":6,"key":"Art of War"},{"floor":11,"key":"Boot"}],"event_choices":[{"damage_healed":0,"gold_gain":0,"player_choice":"Ignored","damage_taken":0,"max_hp_gain":0,"max_hp_loss":0,"event_name":"Liars Game","floor":8,"gold_loss":0}],"is_beta":false,"boss_relics":[],"items_purged_floors":[5],"is_endless":false,"potions_floor_spawned":[2,3,12,13,14],"killed_by":"Hexaghost","ascension_level":0}