{"gold_per_floor":[113,113,113,128,83,114,130,148,175,195,212,312,61,81,81,179,179,192,210,229,229,249,249,276,122,122,47,47,77,77,89,89,190,190,209,0,100,100,114,114,114,131,155,172,172,47,63,63,63,63],"floor_reached":50,"playtime":4061,"items_purged":["Strike_B","Strike_B","Strike_B"],"score":539,"play_id":"8c47ad58-6a16-4b77-b1fe-15beec36ffe9","local_time":"20190814120831","is_ascension_mode":false,"campfire_choices":[{"floor":15,"key":"REST"},{"data":"Electrodynamics","floor":23,"key":"SMITH"},{"data":"Consume","floor":30,"key":"SMITH"},{"floor":32,"key":"REST"},{"floor":40,"key":"REST"},{"data":"Static Discharge","floor":41,"key":"SMITH"},{"data":"Rainbow","floor":45,"key":"SMITH"},{"floor":49,"key":"REST"}],"neow_cost":"NONE","seed_source_timestamp":2880852770200,"circlet_count":0,"master_deck":["Strike_B","Defend_B","Defend_B","Defend_B","Defend_B","Zap","Dualcast","Cold Snap","Gash","PanicButton","Go for the Eyes","Coolheaded","Blizzard","Conserve Battery","Beam Cell","Static Discharge+1","Defragment","Gash","Blind","Seek","Electrodynamics+1","Parasite","Gash","Beam Cell","Zap","Barrage","All For One","FTL+1","Auto Shields","Stack","Consume+1","Gash","Creative AI+1","Rainbow+1","Madness","Madness"],"relics":["Cracked Core","Omamori","Lantern","Centennial Puzzle","Calling Bell","Bag of Preparation","Meat on the Bone","WingedGreaves","Pantograph","Frozen Egg 2","Tiny Chest","Runic Pyramid","Red Mask","Incense Burner","Anchor"],"potions_floor_usage":[16,16,19,22,33,33,50],"damage_taken":[{"damage":1,"enemies":"Jaw Worm","floor":1,"turns":4},{"damage":1,"enemies":"Cultist","floor":4,"turns":3},{"damage":16,"enemies":"Lagavulin","floor":6,"turns":9},{"damage":0,"enemies":"Small Slimes","floor":7,"turns":2},{"damage":3,"enemies":"Gremlin Gang","floor":8,"turns":4},{"damage":1,"enemies":"2 Fungi Beasts","floor":10,"turns":3},{"damage":6,"enemies":"Red Slaver","floor":11,"turns":2},{"damage":2,"enemies":"Large Slime","floor":14,"turns":6},{"damage":5,"enemies":"The Guardian","floor":16,"turns":14},{"damage":5,"enemies":"Chosen","floor":18,"turns":5},{"damage":11,"enemies":"Spheric Guardian","floor":19,"turns":4},{"damage":18,"enemies":"Centurion and Healer","floor":20,"turns":8},{"damage":7,"enemies":"Snake Plant","floor":22,"turns":4},{"damage":25,"enemies":"Book of Stabbing","floor":24,"turns":5},{"damage":25,"enemies":"Snecko","floor":31,"turns":4},{"damage":44,"enemies":"Champ","floor":33,"turns":12},{"damage":3,"enemies":"3 Shapes","floor":35,"turns":8},{"damage":30,"enemies":"Mind Bloom Boss Battle","floor":37,"turns":10},{"damage":30,"enemies":"3 Darklings","floor":39,"turns":4},{"damage":16,"enemies":"Maw","floor":42,"turns":9},{"damage":0,"enemies":"4 Shapes","floor":44,"turns":2},{"damage":10,"enemies":"Sphere and 2 Shapes","floor":47,"turns":5},{"damage":75,"enemies":"Time Eater","floor":50,"turns":11}],"seed_played":"47776723905522873","potions_obtained":[{"floor":1,"key":"Swift Potion"},{"floor":4,"key":"EssenceOfSteel"},{"floor":8,"key":"Swift Potion"},{"floor":20,"key":"Regen Potion"},{"floor":24,"key":"Explosive Potion"},{"floor":31,"key":"SpeedPotion"},{"floor":35,"key":"SpeedPotion"},{"floor":37,"key":"LiquidBronze"}],"is_trial":false,"path_per_floor":["M","?","?","M","$","E","M","M","T","M","M","?","$","M","R","B",null,"M","M","M","?","M","R","E","$","T","$","?","?","R","M","R","B",null,"M","?","?","?","M","R","R","M","T","M","R","$","M","?","R","B"],"character_chosen":"DEFECT","items_purchased":["Coolheaded","Defragment","Gash","Blind","Stack","Consume"],"campfire_rested":4,"item_purchase_floors":[5,13,13,13,25,27],"current_hp_per_floor":[74,56,56,55,55,39,39,36,36,35,29,29,29,27,49,44,75,70,59,41,41,43,43,30,30,30,30,30,30,30,17,39,32,75,72,72,45,45,27,49,49,45,45,45,45,45,47,38,60,0],"gold":63,"neow_bonus":"THREE_CARDS","is_prod":false,"is_daily":false,"chose_seed":false,"campfire_upgraded":4,"win_rate":0.0,"timestamp":1565755711,"path_taken":["M","?","?","M","$","E","M","?","T","?","M","?","$","M","R","BOSS","M","?","?","?","?","R","E","$","T","?","?","?","R","M","R","BOSS","M","?","?","?","M","R","R","?","T","M","R","?","M","?","R","BOSS"],"build_version":"2019-07-17","purchased_purges":3,"victory":false,"max_hp_per_floor":[75,75,75,75,75,75,75,75,75,75,75,75,75,75,75,75,75,75,75,75,75,75,75,75,75,75,75,75,75,75,75,75,75,75,75,75,75,75,75,75,75,75,75,75,75,75,75,75,75,75],"card_choices":[{"not_picked":["Double Energy","Heatsinks"],"picked":"Cold Snap","floor":0},{"not_picked":["Genetic Algorithm","Rebound"],"picked":"Gash","floor":1},{"not_picked":["Turbo","Streamline"],"picked":"Go for the Eyes","floor":4},{"not_picked":["Core Surge","Force Field"],"picked":"Blizzard","floor":6},{"not_picked":["Compile Driver","Reprogram"],"picked":"Conserve Battery","floor":7},{"not_picked":["Barrage","Go for the Eyes","Conserve Battery"],"picked":"SKIP","floor":8},{"not_picked":["Conserve Battery","Double Energy"],"picked":"Beam Cell","floor":10},{"not_picked":["Leap","Blizzard"],"picked":"Static Discharge","floor":11},{"not_picked":["Steam","Go for the Eyes"],"picked":"Seek","floor":14},{"not_picked":["Hyperbeam","Multi-Cast"],"picked":"Electrodynamics","floor":16},{"not_picked":["Compile Driver","Sunder"],"picked":"Gash","floor":18},{"not_picked":["Leap","Go for the Eyes"],"picked":"Steam","floor":19},{"not_picked":["Leap","Redo"],"picked":"Beam Cell","floor":20},{"not_picked":["Hyperbeam","Turbo"],"picked":"FTL+1","floor":22},{"not_picked":["Cold Snap","Turbo"],"picked":"Auto Shields","floor":24},{"not_picked":["Compile Driver","Undo"],"picked":"Gash","floor":31},{"not_picked":["Machine Learning+1","Reboot"],"picked":"Creative AI+1","floor":33},{"not_picked":["Conserve Battery","Undo","Stack"],"picked":"SKIP","floor":35},{"not_picked":["Redo","Cold Snap+1"],"picked":"Rainbow","floor":37},{"not_picked":["Streamline","Barrage","Fusion"],"picked":"SKIP","floor":39},{"not_picked":["Go for the Eyes","Glacier","Steam+1"],"picked":"SKIP","floor":42},{"not_picked":["Beam Cell+1","Doom and Gloom+1","Auto Shields+1"],"picked":"SKIP","floor":44},{"not_picked":["Loop+1","Sunder","Consume+1"],"picked":"SKIP","floor":47}],"player_experience":118148,"relics_obtained":[{"floor":6,"key":"Lantern"},{"floor":9,"key":"Centennial Puzzle"},{"floor":17,"key":"Bag of Preparation"},{"floor":17,"key":"Meat on the Bone"},{"floor":17,"key":"WingedGreaves"},{"floor":24,"key":"Pantograph"},{"floor":26,"key":"Frozen Egg 2"},{"floor":37,"key":"Incense Burner"},{"floor":43,"key":"Anchor"}],"event_choices":[{"damage_healed":0,"gold_gain":0,"player_choice":"Success","damage_taken":18,"relics_obtained":["Omamori"],"max_hp_gain":0,"max_hp_loss":0,"event_name":"Scrap Ooze","floor":2,"gold_loss":0},{"damage_healed":0,"gold_gain":0,"player_choice":"1 cards matched","damage_taken":0,"max_hp_gain":0,"max_hp_loss":0,"event_name":"Match and Keep!","floor":3,"gold_loss":0,"cards_obtained":["PanicButton"]},{"damage_healed":0,"gold_gain":100,"player_choice":"Pray","damage_taken":0,"max_hp_gain":0,"max_hp_loss":0,"event_name":"Golden Shrine","floor":12,"gold_loss":0},{"damage_healed":0,"gold_gain":0,"player_choice":"3 cards matched","damage_taken":0,"max_hp_gain":0,"max_hp_loss":0,"event_name":"Match and Keep!","floor":21,"gold_loss":0,"cards_obtained":["Zap","Barrage","All For One"]},{"damage_healed":0,"gold_gain":0,"player_choice":"Opened","damage_taken":0,"relics_obtained":["Tiny Chest"],"max_hp_gain":0,"max_hp_loss":0,"event_name":"The Mausoleum","floor":29,"gold_loss":0},{"damage_healed":0,"gold_gain":0,"player_choice":"Paid","damage_taken":0,"relics_obtained":["Red Mask"],"max_hp_gain":0,"max_hp_loss":0,"event_name":"Tomb of Lord Red Mask","floor":36,"gold_loss":209},{"damage_healed":0,"gold_gain":0,"player_choice":"Fight","damage_taken":0,"max_hp_gain":0,"max_hp_loss":0,"event_name":"MindBloom","floor":37,"gold_loss":0},{"cards_removed":["Steam"],"damage_healed":0,"gold_gain":0,"player_choice":"Removed Skill","damage_taken":0,"max_hp_gain":0,"max_hp_loss":0,"event_name":"Falling","floor":38,"gold_loss":0},{"damage_healed":0,"gold_gain":0,"player_choice":"Embrace Madness","damage_taken":9,"max_hp_gain":0,"max_hp_loss":0,"event_name":"Winding Halls","floor":48,"gold_loss":0,"cards_obtained":["Madness","Madness"]}],"is_beta":false,"boss_relics":[{"not_picked":["Philosopher\u0027s Stone","Nuclear Battery"],"picked":"Calling Bell"},{"not_picked":["Eternal Feather","Runic Dome"],"picked":"Runic Pyramid"}],"items_purged_floors":[13,25,46],"is_endless":false,"potions_floor_spawned":[1,4,8,14,20,24,31,35,37],"killed_by":"Time Eater","ascension_level":0}