{"gold_per_floor":[110,110,30,30,42,42,56,68,92,92,92,92,104,114,114,210,210,228,244,244,169,169,244,244,259,259,83,96,96,111,211,211,311,311,329,329,329,347,347,347,367,380,380,399,399,444,444,31,31,31],"floor_reached":51,"playtime":1113,"items_purged":["Parasite","Sentinel","Defend_R+1"],"score":687,"play_id":"56d4434b-c947-4c93-8a0b-da2e0c010676","local_time":"20190807114923","is_ascension_mode":false,"campfire_choices":[{"data":"Whirlwind","floor":6.0,"key":"SMITH"},{"data":"Bash","floor":11.0,"key":"SMITH"},{"data":"Flex","floor":15.0,"key":"SMITH"},{"data":"Double Tap","floor":24.0,"key":"SMITH"},{"data":"Whirlwind","floor":29.0,"key":"SMITH"},{"data":"Bite","floor":32.0,"key":"SMITH"},{"data":"Bite","floor":40.0,"key":"SMITH"},{"data":"Bite","floor":45.0,"key":"SMITH"},{"floor":47.0,"key":"REST"},{"data":"Bite","floor":49.0,"key":"SMITH"}],"neow_cost":"NONE","seed_source_timestamp":736607734974584,"circlet_count":0,"master_deck":["Defend_R+1","Bash+1","Dropkick","Whirlwind+1","Thunderclap","Thunderclap","Flex+1","Flex+1","Double Tap+1","Whirlwind+1","Bite+1","Bite+1","Bite+1","Bite+1","Bite+1","Pommel Strike+1","Whirlwind+1"],"special_seed":0,"relics":["Burning Blood","Dream Catcher","War Paint","Busted Crown","Thread and Needle","Mango","Bottled Flame","Velvet Choker","The Courier","Omamori","Pear","Strawberry"],"potions_floor_usage":[50,50],"damage_taken":[{"damage":6.0,"enemies":"Cultist","floor":1.0,"turns":3.0},{"damage":3.0,"enemies":"Small Slimes","floor":5.0,"turns":3.0},{"damage":10.0,"enemies":"Jaw Worm","floor":7.0,"turns":3.0},{"damage":12.0,"enemies":"Blue Slaver","floor":8.0,"turns":2.0},{"damage":0.0,"enemies":"Exordium Thugs","floor":13.0,"turns":1.0},{"damage":0.0,"enemies":"3 Louse","floor":14.0,"turns":1.0},{"damage":55.0,"enemies":"Hexaghost","floor":16.0,"turns":6.0},{"damage":12.0,"enemies":"Shell Parasite","floor":18.0,"turns":3.0},{"damage":20.0,"enemies":"2 Thieves","floor":19.0,"turns":2.0},{"damage":10.0,"enemies":"Cultist and Chosen","floor":25.0,"turns":2.0},{"damage":17.0,"enemies":"Snake Plant","floor":28.0,"turns":3.0},{"damage":0.0,"enemies":"Centurion and Healer","floor":30.0,"turns":2.0},{"damage":0.0,"enemies":"Colosseum Slavers","floor":31.0,"turns":1.0},{"damage":3.0,"enemies":"Colosseum Nobs","floor":31.0,"turns":2.0},{"damage":79.0,"enemies":"Automaton","floor":33.0,"turns":7.0},{"damage":11.0,"enemies":"Orb Walker","floor":35.0,"turns":2.0},{"damage":0.0,"enemies":"3 Shapes","floor":38.0,"turns":1.0},{"damage":0.0,"enemies":"3 Darklings","floor":41.0,"turns":1.0},{"damage":2.0,"enemies":"Transient","floor":42.0,"turns":5.0},{"damage":28.0,"enemies":"Writhing Mass","floor":44.0,"turns":3.0},{"damage":107,"enemies":"Awakened One","floor":50,"turns":7}],"seed_played":"7555746398671884062","potions_obtained":[{"floor":1.0,"key":"FearPotion"},{"floor":8.0,"key":"GamblersBrew"},{"floor":14.0,"key":"AttackPotion"},{"floor":19.0,"key":"FearPotion"},{"floor":28.0,"key":"Fire Potion"},{"floor":30.0,"key":"Energy Potion"},{"floor":31.0,"key":"LiquidBronze"},{"floor":35.0,"key":"SteroidPotion"},{"floor":42.0,"key":"SkillPotion"},{"floor":44.0,"key":"Energy Potion"}],"is_trial":false,"path_per_floor":["M","?","$","?","M","R","M","M","T","?","R","?","M","M","R","B",null,"M","M","?","$","?","?","R","M","T","$","M","R","M","?","R","B",null,"M","?","?","M","?","R","M","M","T","M","R","T","R","$","R","B",null],"character_chosen":"IRONCLAD","items_purchased":["Whirlwind","Whirlwind","Pear","Strawberry"],"campfire_rested":1,"item_purchase_floors":[3,27,48,48],"current_hp_per_floor":[80,64,64,64,67,67,63,57,57,39,39,59,65,71,71,22,80,74,60,60,60,53,48,48,44,44,44,39,39,45,67,67,11,67,62,62,62,67,67,67,67,67,67,51,51,51,67,84,84,16],"gold":31,"neow_bonus":"TRANSFORM_CARD","is_prod":false,"is_daily":false,"chose_seed":false,"campfire_upgraded":9,"win_rate":0,"timestamp":1565192963,"path_taken":["M","?","$","?","M","R","M","M","T","?","R","?","?","M","R","BOSS","M","M","?","?","?","?","R","?","T","$","M","R","M","?","R","BOSS","M","?","?","M","?","R","?","M","T","?","R","?","R","$","R","BOSS"],"build_version":"2019-07-17","purchased_purges":3,"victory":true,"max_hp_per_floor":[80,80,80,80,80,80,80,80,80,80,80,80,80,80,80,80,80,80,80,80,77,53,53,53,53,53,53,53,53,53,67,67,67,67,67,67,67,67,67,67,67,67,67,67,67,67,67,84,84,84],"card_choices":[{"not_picked":["Second Wind","Sword Boomerang"],"picked":"Dropkick","floor":1.0},{"not_picked":["Pommel Strike","Power Through"],"picked":"Thunderclap","floor":5.0},{"not_picked":["Metallicize","Uppercut"],"picked":"Thunderclap","floor":7.0},{"not_picked":["Pommel Strike","Wild Strike"],"picked":"Flex","floor":8.0},{"not_picked":["Infernal Blade","Flame Barrier","Rage"],"picked":"SKIP","floor":13.0},{"not_picked":["Rage","Sword Boomerang"],"picked":"Flex","floor":14.0},{"not_picked":["Bludgeon","Brutality"],"picked":"Double Tap","floor":16.0},{"not_picked":["Thunderclap"],"picked":"SKIP","floor":18.0},{"not_picked":["Sentinel"],"picked":"SKIP","floor":19.0},{"not_picked":[],"picked":"Pommel Strike+1","floor":25.0},{"not_picked":["Searing Blow"],"picked":"SKIP","floor":28.0},{"not_picked":["Infernal Blade"],"picked":"SKIP","floor":30.0},{"not_picked":["Evolve+1"],"picked":"SKIP","floor":35.0},{"not_picked":["Perfected Strike"],"picked":"SKIP","floor":38.0},{"not_picked":["Perfected Strike"],"picked":"SKIP","floor":41.0},{"not_picked":["Sword Boomerang"],"picked":"SKIP","floor":42.0},{"not_picked":["Perfected Strike"],"picked":"SKIP","floor":44.0}],"player_experience":395287,"relics_obtained":[{"floor":9.0,"key":"Dream Catcher"},{"floor":26.0,"key":"Thread and Needle"},{"floor":31.0,"key":"Mango"},{"floor":31.0,"key":"Bottled Flame"},{"floor":43.0,"key":"The Courier"},{"floor":46.0,"key":"Omamori"}],"event_choices":[{"damage_healed":0.0,"max_hp_gain":0.0,"max_hp_loss":0.0,"gold_gain":0.0,"event_name":"Shining Light","player_choice":"Entered Light","floor":2.0,"gold_loss":0.0,"damage_taken":16.0,"cards_upgraded":["Strike_R","Defend_R"]},{"cards_removed":["Defend_R"],"damage_healed":0.0,"max_hp_gain":0.0,"max_hp_loss":0.0,"gold_gain":0.0,"event_name":"Living Wall","player_choice":"Forget","floor":4.0,"gold_loss":0.0,"damage_taken":0.0},{"damage_healed":0.0,"max_hp_gain":0.0,"max_hp_loss":0.0,"gold_gain":0.0,"event_name":"Scrap Ooze","player_choice":"Success","floor":10.0,"gold_loss":0.0,"damage_taken":18.0,"relics_obtained":["War Paint"]},{"damage_healed":20.0,"max_hp_gain":0.0,"max_hp_loss":0.0,"gold_gain":0.0,"event_name":"Mushrooms","player_choice":"Healed and dodged fight","floor":12.0,"gold_loss":0.0,"damage_taken":0.0,"cards_obtained":["Parasite"]},{"damage_healed":0.0,"max_hp_gain":0.0,"max_hp_loss":0.0,"gold_gain":0.0,"event_name":"Duplicator","player_choice":"Copied","floor":20.0,"gold_loss":0.0,"damage_taken":0.0,"cards_obtained":["Whirlwind"]},{"damage_healed":0.0,"max_hp_gain":0.0,"max_hp_loss":24.0,"gold_gain":0.0,"event_name":"Vampires","player_choice":"Became a vampire","floor":22.0,"gold_loss":0.0,"damage_taken":0.0,"cards_obtained":["Bite","Bite","Bite","Bite","Bite"]},{"damage_healed":0.0,"max_hp_gain":0.0,"max_hp_loss":0.0,"gold_gain":75.0,"event_name":"FaceTrader","player_choice":"Touch","floor":23.0,"gold_loss":0.0,"damage_taken":5.0},{"damage_healed":0.0,"max_hp_gain":0.0,"max_hp_loss":0.0,"gold_gain":0.0,"event_name":"Colosseum","player_choice":"Fight","floor":31.0,"gold_loss":0.0,"damage_taken":0.0},{"damage_healed":0.0,"max_hp_gain":0.0,"max_hp_loss":0.0,"gold_gain":0.0,"event_name":"Colosseum","player_choice":"Fought Nobs","floor":31.0,"gold_loss":0.0,"damage_taken":0.0},{"damage_healed":0.0,"max_hp_gain":0.0,"max_hp_loss":0.0,"gold_gain":0.0,"event_name":"Mysterious Sphere","player_choice":"Ignored","floor":36.0,"gold_loss":0.0,"damage_taken":0.0},{"damage_healed":0.0,"max_hp_gain":0.0,"max_hp_loss":0.0,"gold_gain":0.0,"event_name":"Tomb of Lord Red Mask","player_choice":"Ignored","floor":37.0,"gold_loss":0.0,"damage_taken":0.0},{"damage_healed":0.0,"max_hp_gain":0.0,"max_hp_loss":0.0,"gold_gain":0.0,"event_name":"Accursed Blacksmith","player_choice":"Forge","floor":39.0,"gold_loss":0.0,"damage_taken":0.0,"cards_upgraded":["Bite"]}],"is_beta":false,"boss_relics":[{"not_picked":["Mark of Pain","Fusion Hammer"],"picked":"Busted Crown"},{"not_picked":["Runic Pyramid","Coffee Dripper"],"picked":"Velvet Choker"}],"items_purged_floors":[21,27,48],"is_endless":false,"potions_floor_spawned":[1,8,14,19,28,30,31,35,42,44],"ascension_level":0}