{"gold_per_floor":[114,130,149,149,15,43,43,43,43,43,69,79,79,98,98,172,172,172],"floor_reached":18,"playtime":743,"items_purged":["Strike_R"],"score":415,"play_id":"a8d340c4-3f07-4064-a4b8-f32ccaf5c468","local_time":"20190323093914","is_ascension_mode":true,"campfire_choices":[{"data":"Carnage","floor":7.0,"key":"SMITH"},{"data":"Bash","floor":10,"key":"SMITH"},{"floor":15,"key":"REST"}],"neow_cost":"CURSE","seed_source_timestamp":0,"circlet_count":0,"master_deck":["AscendersBane","Strike_R","Strike_R","Strike_R","Strike_R","Defend_R","Defend_R","Defend_R","Defend_R","Bash+1","Shrug It Off","Carnage+1","True Grit","Shrug It Off","Parasite","Body Slam","Reaper","Injury","Doubt","Injury"],"special_seed":0,"relics":["Burning Blood","Calipers","Singing Bowl","Ancient Tea Set","Question Card","Calling Bell","Dream Catcher","Mummified Hand","FossilizedHelix"],"potions_floor_usage":[16],"damage_taken":[{"damage":6.0,"enemies":"Jaw Worm","floor":1.0,"turns":7.0},{"damage":4.0,"enemies":"2 Louse","floor":2.0,"turns":4.0},{"damage":3.0,"enemies":"Small Slimes","floor":3.0,"turns":6.0},{"damage":33.0,"enemies":"3 Sentries","floor":6.0,"turns":12.0},{"damage":32,"enemies":"Gremlin Nob","floor":11,"turns":4},{"damage":4,"enemies":"2 Fungi Beasts","floor":12,"turns":4},{"damage":6,"enemies":"Looter","floor":14,"turns":3},{"damage":40,"enemies":"The Guardian","floor":16,"turns":12},{"damage":69,"enemies":"Shell Parasite","floor":18,"turns":11}],"seed_played":"4960918631339527834","potions_obtained":[{"floor":1.0,"key":"EssenceOfSteel"},{"floor":14,"key":"LiquidBronze"},{"floor":16,"key":"Fire Potion"}],"is_trial":false,"path_per_floor":["M","M","M","?","$","E","R","?","T","R","E","M","?","M","R","B",null,"M"],"character_chosen":"IRONCLAD","items_purchased":["True Grit"],"campfire_rested":1,"item_purchase_floors":[5],"current_hp_per_floor":[68,70,73,66,66,41,41,41,41,41,17,19,38,38,61,27,66,0],"gold":172,"neow_bonus":"ONE_RARE_RELIC","is_prod":false,"is_daily":false,"chose_seed":false,"campfire_upgraded":2,"win_rate":0,"timestamp":1553359154,"path_taken":["M","M","M","?","$","E","R","?","T","R","E","M","?","M","R","BOSS","M"],"build_version":"2019-01-23","purchased_purges":1,"victory":false,"max_hp_per_floor":[75,75,75,75,75,77,77,77,77,77,79,79,79,79,79,79,79,79],"card_choices":[{"not_picked":["True Grit","Headbutt"],"picked":"Shrug It Off","floor":1.0},{"not_picked":["Combust","Pommel Strike","Heavy Blade"],"picked":"SKIP","floor":2.0},{"not_picked":["Seeing Red","Headbutt"],"picked":"Carnage","floor":3.0},{"not_picked":["Corruption","Anger","Thunderclap"],"picked":"Singing Bowl","floor":6.0},{"not_picked":["Pommel Strike","Clash","Thunderclap"],"picked":"Singing Bowl","floor":11},{"not_picked":["Clothesline","Inflame","Rage"],"picked":"Shrug It Off","floor":12},{"not_picked":["Hemokinesis","Clothesline","Sever Soul"],"picked":"Body Slam","floor":14},{"not_picked":["Exhume","Double Tap","Demon Form"],"picked":"Reaper","floor":16}],"player_experience":1244465,"relics_obtained":[{"floor":6.0,"key":"Singing Bowl"},{"floor":9,"key":"Ancient Tea Set"},{"floor":11,"key":"Question Card"},{"floor":17,"key":"Dream Catcher"},{"floor":17,"key":"Mummified Hand"},{"floor":17,"key":"FossilizedHelix"}],"event_choices":[{"cards_removed":["Clumsy"],"damage_healed":0.0,"max_hp_gain":0.0,"max_hp_loss":0.0,"gold_gain":0.0,"event_name":"Golden Wing","player_choice":"Card Removal","floor":4.0,"gold_loss":0.0,"damage_taken":7.0},{"damage_healed":0,"gold_gain":0,"player_choice":"Searched \u00270\u0027 times","damage_taken":0,"max_hp_gain":0,"max_hp_loss":0,"event_name":"Dead Adventurer","floor":8,"gold_loss":0},{"damage_healed":19,"gold_gain":0,"player_choice":"Healed and dodged fight","damage_taken":0,"max_hp_gain":0,"max_hp_loss":0,"event_name":"Mushrooms","floor":13,"gold_loss":0,"cards_obtained":["Parasite"]}],"is_beta":false,"boss_relics":[{"not_picked":["Tiny House","Orrery"],"picked":"Calling Bell"}],"items_purged_floors":[5],"is_endless":false,"potions_floor_spawned":[1,14,16],"killed_by":"Shell Parasite","ascension_level":17}