{"gold_per_floor":[117,127,137,62,62,62,62,62,62,62,137,137,154,182,182,286,286,303,218,218,231,50,81,81],"floor_reached":24,"playtime":1234,"items_purged":["Defend_G","Defend_G"],"score":212,"play_id":"576a23c0-6112-4be8-b643-a6b742034d69","local_time":"20181201230343","is_ascension_mode":false,"campfire_choices":[{"floor":6,"key":"RECALL"},{"data":"Blade Dance","floor":10,"key":"SMITH"},{"floor":12,"key":"REST"},{"floor":15,"key":"REST"}],"neow_cost":"NONE","seed_source_timestamp":18372467704783,"circlet_count":0,"master_deck":["Defend_G","Defend_G","Defend_G","Strike_G","Strike_G+1","Strike_G","Strike_G","Survivor","Neutralize","Choke+1","Blade Dance+1","Masterful Stab","Envenom+1","Terror"],"relics":["Ring of the Snake","Omamori","Bag of Preparation","WristBlade","Paper Crane","Meat on the Bone"],"potions_floor_usage":[14,16],"damage_taken":[{"damage":0,"enemies":"2 Louse","floor":1,"turns":3},{"damage":0,"enemies":"Jaw Worm","floor":2,"turns":4},{"damage":0,"enemies":"Cultist","floor":3,"turns":3},{"damage":1,"enemies":"Red Slaver","floor":13,"turns":2},{"damage":21,"enemies":"Lagavulin","floor":14,"turns":7},{"damage":49,"enemies":"The Guardian","floor":16,"turns":12},{"damage":14,"enemies":"Spheric Guardian","floor":18,"turns":4},{"damage":0,"enemies":"Chosen","floor":21,"turns":3},{"damage":41,"enemies":"Gremlin Leader","floor":23,"turns":7},{"damage":15,"enemies":"Sentry and Sphere","floor":24,"turns":3}],"seed_played":"2497197479497950397","potions_obtained":[{"floor":1,"key":"LiquidBronze"},{"floor":3,"key":"Swift Potion"}],"is_trial":false,"path_per_floor":["M","M","M","$","?","R","?","$","T","R","?","R","M","E","R","B",null,"M","?","?","M","$","E","M"],"character_chosen":"THE_SILENT","items_purchased":["Terror"],"campfire_rested":2,"item_purchase_floors":[22],"current_hp_per_floor":[70,70,70,70,56,56,49,49,49,49,38,59,58,37,58,9,70,56,56,56,56,56,15,0],"gold":81,"neow_bonus":"RANDOM_COMMON_RELIC","is_prod":false,"is_daily":false,"chose_seed":false,"campfire_upgraded":1,"win_rate":0,"timestamp":1543734223,"path_taken":["M","M","M","$","?","R","?","$","T","R","?","R","M","E","R","BOSS","M","?","?","M","$","E","M"],"build_version":"2018-11-15","purchased_purges":2,"victory":false,"max_hp_per_floor":[70,70,70,70,70,70,70,70,70,70,70,70,70,70,70,70,70,70,70,70,70,70,70,70],"card_choices":[{"not_picked":["Dash","Dagger Spray"],"picked":"Choke","floor":1},{"not_picked":["Underhanded Strike","Dagger Throw"],"picked":"Blade Dance","floor":2},{"not_picked":["Bouncing Flask","Flying Knee","Dodge and Roll"],"picked":"SKIP","floor":3},{"not_picked":["Outmaneuver","PiercingWail"],"picked":"Masterful Stab","floor":13},{"not_picked":["Bane","Unload","Flying Knee"],"picked":"SKIP","floor":14},{"not_picked":["Corpse Explosion","Bullet Time"],"picked":"Envenom","floor":16},{"not_picked":["Setup","Backflip","Outmaneuver"],"picked":"SKIP","floor":18},{"not_picked":["Backflip","PiercingWail","Dodge and Roll"],"picked":"SKIP","floor":21},{"not_picked":["Bane","Catalyst","Quick Slash"],"picked":"SKIP","floor":23}],"player_experience":1029581,"relics_obtained":[{"floor":14,"key":"Bag of Preparation"},{"floor":23,"key":"Meat on the Bone"}],"event_choices":[{"damage_healed":0,"gold_gain":0,"player_choice":"Entered Light","damage_taken":14,"max_hp_gain":0,"max_hp_loss":0,"event_name":"Shining Light","floor":5,"gold_loss":0,"cards_upgraded":["Choke","Strike_G"]},{"cards_removed":["Strike_G"],"damage_healed":0,"gold_gain":0,"player_choice":"Card Removal","damage_taken":7,"max_hp_gain":0,"max_hp_loss":0,"event_name":"Golden Wing","floor":7,"gold_loss":0},{"damage_healed":0,"gold_gain":75,"player_choice":"Gather Gold","damage_taken":11,"max_hp_gain":0,"max_hp_loss":0,"event_name":"World of Goop","floor":11,"gold_loss":0},{"damage_healed":0,"gold_gain":0,"player_choice":"Obtained Relic","damage_taken":0,"relics_obtained":["Paper Crane"],"max_hp_gain":0,"max_hp_loss":0,"event_name":"Addict","floor":19,"gold_loss":85},{"damage_healed":0,"gold_gain":0,"player_choice":"Upgraded","damage_taken":0,"max_hp_gain":0,"max_hp_loss":0,"event_name":"Upgrade Shrine","floor":20,"gold_loss":0,"cards_upgraded":["Envenom"]}],"is_beta":false,"boss_relics":[{"not_picked":["Orrery","Ectoplasm"],"picked":"WristBlade"}],"items_purged_floors":[4,22],"is_endless":false,"potions_floor_spawned":[1,3],"killed_by":"Sentry and Sphere","ascension_level":0}