{"gold_per_floor":[113,131,149,99,118,118,135,135,135,135,45,56,56,56,56,56],"floor_reached":16,"playtime":234,"items_purged":["Defend_B"],"score":92,"play_id":"f764b2d3-8e40-4d20-8a78-60e9274af9e6","local_time":"20181225114920","is_ascension_mode":false,"campfire_choices":[{"data":"Sweeping Beam","floor":6,"key":"SMITH"},{"data":"Beam Cell","floor":10,"key":"SMITH"},{"data":"Streamline","floor":13,"key":"SMITH"},{"floor":15,"key":"REST"}],"neow_cost":"NONE","seed_source_timestamp":673417606324378,"circlet_count":0,"master_deck":["Strike_B","Strike_B","Strike_B","Strike_B","Defend_B","Zap","Dualcast","Sweeping Beam+1","Beam Cell+1","Doom and Gloom","Streamline+1"],"relics":["Cracked Core","NeowsBlessing","The Courier","Art of War"],"potions_floor_usage":[],"damage_taken":[{"damage":0,"enemies":"2 Louse","floor":1,"turns":1},{"damage":0,"enemies":"Jaw Worm","floor":2,"turns":1},{"damage":0,"enemies":"Cultist","floor":3,"turns":1},{"damage":6,"enemies":"Red Slaver","floor":5,"turns":3},{"damage":2,"enemies":"Blue Slaver","floor":7,"turns":2},{"damage":8,"enemies":"Lots of Slimes","floor":12,"turns":2},{"damage":0,"enemies":"Slime Boss","floor":16,"turns":1}],"seed_played":"-5858296110012817762","potions_obtained":[{"floor":3,"key":"AttackPotion"}],"is_trial":false,"path_per_floor":["M","M","M","?","M","R","M","?","T","R","$","M","R","T","R","B"],"character_chosen":"DEFECT","items_purchased":["Doom and Gloom"],"campfire_rested":1,"item_purchase_floors":[11],"current_hp_per_floor":[75,75,75,75,69,69,67,67,67,67,67,59,59,59,75,75],"gold":56,"neow_bonus":"THREE_ENEMY_KILL","is_prod":false,"is_daily":false,"chose_seed":false,"campfire_upgraded":3,"win_rate":0,"timestamp":1545767360,"path_taken":["M","M","M","?","M","R","M","?","T","R","$","M","R","?","R","BOSS"],"build_version":"2018-12-20","purchased_purges":1,"victory":false,"max_hp_per_floor":[75,75,75,75,75,75,75,75,75,75,75,75,75,75,75,75],"card_choices":[{"not_picked":["Leap","Compile Driver"],"picked":"Sweeping Beam","floor":1},{"not_picked":["Redo","Hologram"],"picked":"Beam Cell","floor":2},{"not_picked":["Chill","Coolheaded","Darkness"],"picked":"SKIP","floor":3},{"not_picked":["Compile Driver","BootSequence","Turbo"],"picked":"SKIP","floor":5},{"not_picked":["Redo","Cold Snap","Thunder Strike"],"picked":"SKIP","floor":7},{"not_picked":["Storm","Capacitor"],"picked":"Streamline","floor":12}],"player_experience":1068091,"relics_obtained":[{"floor":9,"key":"The Courier"},{"floor":14,"key":"Art of War"}],"event_choices":[{"cards_removed":["Defend_B"],"damage_healed":0,"gold_gain":0,"player_choice":"Card Removal","damage_taken":0,"max_hp_gain":0,"max_hp_loss":0,"event_name":"The Cleric","floor":4,"gold_loss":50},{"cards_removed":["Defend_B"],"damage_healed":0,"gold_gain":0,"player_choice":"Forget","damage_taken":0,"max_hp_gain":0,"max_hp_loss":0,"event_name":"Living Wall","floor":8,"gold_loss":0}],"is_beta":false,"boss_relics":[],"items_purged_floors":[11],"is_endless":false,"potions_floor_spawned":[3],"killed_by":"Slime Boss","ascension_level":0}