{"gold_per_floor":[109,121,121,121,139,139,166,166,212,227,227,243,276,276,276,353,353,369,385,398,398,398,425,425,454,503,144,159,159,159,159,159,238,238,253,253,253,271,52,52,85,166,192,192,192,192,220,220,220,220],"floor_reached":51,"playtime":2712,"items_purged":["Writhe","Bash+1"],"score":1482,"play_id":"033e5a57-321d-4d71-a12a-eb7a138ab3c3","local_time":"20190707015259","is_ascension_mode":true,"campfire_choices":[{"data":"Bash","floor":6.0,"key":"SMITH"},{"data":"Perfected Strike","floor":8.0,"key":"SMITH"},{"data":"Perfected Strike","floor":15.0,"key":"SMITH"},{"data":"Perfected Strike","floor":24.0,"key":"SMITH"},{"data":"Immolate","floor":29.0,"key":"SMITH"},{"data":"Pommel Strike","floor":32.0,"key":"SMITH"},{"data":"Dual Wield","floor":40,"key":"SMITH"},{"data":"Thunderclap","floor":44,"key":"SMITH"},{"data":"Twin Strike","floor":46,"key":"SMITH"},{"data":"Wild Strike","floor":49,"key":"SMITH"}],"neow_cost":"NONE","seed_source_timestamp":413330171414122,"circlet_count":0,"master_deck":["AscendersBane","Strike_R","Strike_R","Strike_R","Strike_R","Strike_R","Defend_R+1","Defend_R+1","Defend_R+1","Headbutt+1","Perfected Strike+1","Wild Strike","Thunderclap+1","Perfected Strike+1","Wild Strike+1","Twin Strike+1","Perfected Strike+1","Immolate+1","Pommel Strike+1","Dual Wield+1","Necronomicurse","Perfected Strike+1","Master of Strategy+1","Shrug It Off+1","Ghostly+1","Ghostly+1","Ghostly+1","Exhume+1","Transmutation+1","Deep Breath+1","Deep Breath+1","Twin Strike+1","Exhume+1","Pommel Strike+1"],"special_seed":0,"relics":["Burning Blood","NeowsBlessing","Blood Vial","Juzu Bracelet","Strawberry","Velvet Choker","Necronomicon","Toxic Egg 2","Darkstone Periapt","Anchor","War Paint","Membership Card","Lizard Tail","Molten Egg 2","Smiling Mask","Pear","Bronze Scales","Pen Nib"],"potions_floor_usage":[50],"damage_taken":[{"damage":0.0,"enemies":"Jaw Worm","floor":1.0,"turns":1.0},{"damage":0.0,"enemies":"Small Slimes","floor":2.0,"turns":1.0},{"damage":0.0,"enemies":"Cultist","floor":5.0,"turns":1.0},{"damage":20.0,"enemies":"3 Sentries","floor":7.0,"turns":6.0},{"damage":3.0,"enemies":"Blue Slaver","floor":10.0,"turns":2.0},{"damage":11.0,"enemies":"Looter","floor":12.0,"turns":2.0},{"damage":20.0,"enemies":"Lagavulin","floor":13.0,"turns":3.0},{"damage":0.0,"enemies":"Lots of Slimes","floor":14.0,"turns":1.0},{"damage":0.0,"enemies":"Slime Boss","floor":16.0,"turns":4.0},{"damage":0.0,"enemies":"Spheric Guardian","floor":18.0,"turns":1.0},{"damage":6.0,"enemies":"3 Byrds","floor":19.0,"turns":3.0},{"damage":18.0,"enemies":"Shelled Parasite and Fungi","floor":20.0,"turns":3.0},{"damage":28.0,"enemies":"Slavers","floor":23.0,"turns":3.0},{"damage":30.0,"enemies":"Book of Stabbing","floor":25.0,"turns":3.0},{"damage":0.0,"enemies":"Snake Plant","floor":28.0,"turns":1.0},{"damage":16.0,"enemies":"Automaton","floor":33.0,"turns":4.0},{"damage":0.0,"enemies":"Orb Walker","floor":35.0,"turns":2.0},{"damage":0.0,"enemies":"3 Shapes","floor":38.0,"turns":2.0},{"damage":4,"enemies":"Nemesis","floor":41,"turns":5},{"damage":3,"enemies":"Reptomancer","floor":47,"turns":3},{"damage":11,"enemies":"Awakened One","floor":50,"turns":6}],"seed_played":"-5973138553141115565","potions_obtained":[{"floor":1.0,"key":"SmokeBomb"},{"floor":5.0,"key":"Poison Potion"},{"floor":10.0,"key":"Dexterity Potion"},{"floor":13.0,"key":"Weak Potion"},{"floor":16.0,"key":"BloodPotion"},{"floor":18.0,"key":"Block Potion"},{"floor":35.0,"key":"Ancient Potion"},{"floor":41,"key":"AttackPotion"}],"is_trial":false,"path_per_floor":["M","M","?","?","M","R","E","R","T","M","?","M","E","M","R","B",null,"M","M","M","?","?","E","R","E","T","$","M","R","?","?","R","B",null,"M","?","?","M","$","R","E","T","T","R","?","R","E","?","R","B",null],"character_chosen":"IRONCLAD","items_purchased":["Membership Card","Master of Strategy+1","Molten Egg 2","Twin Strike+1"],"campfire_rested":0,"item_purchase_floors":[27,27,39,39],"current_hp_per_floor":[74,75,75,75,75,75,61,61,61,66,43,40,35,43,43,51,74,82,82,70,49,49,49,49,27,27,27,35,35,35,35,35,27,38,41,41,31,39,39,39,41,51,51,51,51,51,51,48,48,43],"gold":220,"neow_bonus":"THREE_ENEMY_KILL","is_prod":false,"is_daily":false,"chose_seed":false,"campfire_upgraded":10,"win_rate":0,"timestamp":1562478779,"path_taken":["M","M","?","?","M","R","E","R","T","M","?","M","E","M","R","BOSS","M","M","M","?","?","E","R","E","T","$","M","R","?","?","R","BOSS","M","?","?","M","$","R","E","?","T","R","?","R","E","?","R","BOSS"],"build_version":"2019-07-05","purchased_purges":2,"victory":true,"max_hp_per_floor":[75,75,75,75,75,75,75,75,75,75,75,75,82,82,82,82,82,82,82,82,82,82,82,82,82,82,82,82,82,82,41,41,41,41,41,41,41,41,41,41,41,51,51,51,51,51,51,48,48,48],"card_choices":[{"not_picked":["Sentinel","Twin Strike"],"picked":"Headbutt","floor":1.0},{"not_picked":["Wild Strike","Evolve"],"picked":"Perfected Strike","floor":2.0},{"not_picked":["Rupture","Searing Blow"],"picked":"Thunderclap","floor":5.0},{"not_picked":["Headbutt","Anger"],"picked":"Perfected Strike","floor":7.0},{"not_picked":["Shrug It Off","Second Wind"],"picked":"Wild Strike","floor":10.0},{"not_picked":["Armaments","Havoc"],"picked":"Twin Strike","floor":12.0},{"not_picked":["Thunderclap","Rampage"],"picked":"Perfected Strike","floor":13.0},{"not_picked":["Bludgeon","Barricade"],"picked":"Immolate","floor":16.0},{"not_picked":["Headbutt","Heavy Blade"],"picked":"Pommel Strike","floor":18.0},{"not_picked":["Sword Boomerang","Uppercut","Clothesline"],"picked":"SKIP","floor":19.0},{"not_picked":["Clash","Intimidate"],"picked":"Dual Wield","floor":20.0},{"not_picked":["Headbutt","Iron Wave"],"picked":"Perfected Strike","floor":23.0},{"not_picked":["Sword Boomerang","Berserk","Rampage"],"picked":"SKIP","floor":25.0},{"not_picked":["Ghostly Armor+1","Iron Wave"],"picked":"Wild Strike","floor":28.0},{"not_picked":["Fiend Fire","Juggernaut"],"picked":"Exhume+1","floor":33.0},{"not_picked":["Spot Weakness+1","Heavy Blade","Dropkick"],"picked":"SKIP","floor":35.0},{"not_picked":["Good Instincts+1","The Bomb+1"],"picked":"Transmutation+1","floor":37.0},{"not_picked":["Metamorphosis+1","Trip+1"],"picked":"Deep Breath+1","floor":37.0},{"not_picked":["Jack Of All Trades+1","Dramatic Entrance"],"picked":"Deep Breath+1","floor":37.0},{"not_picked":["Anger","Intimidate+1","Metallicize"],"picked":"SKIP","floor":38.0},{"not_picked":["Clash+1","Dual Wield+1"],"picked":"Exhume+1","floor":41},{"not_picked":["Heavy Blade+1","Flame Barrier+1"],"picked":"Pommel Strike+1","floor":47}],"player_experience":204786,"relics_obtained":[{"floor":7.0,"key":"Blood Vial"},{"floor":9.0,"key":"Juzu Bracelet"},{"floor":13.0,"key":"Strawberry"},{"floor":21.0,"key":"Necronomicon"},{"floor":23.0,"key":"Darkstone Periapt"},{"floor":25.0,"key":"Anchor"},{"floor":26.0,"key":"War Paint"},{"floor":41,"key":"Smiling Mask"},{"floor":42,"key":"Pear"},{"floor":43,"key":"Bronze Scales"},{"floor":47,"key":"Pen Nib"}],"event_choices":[{"damage_healed":0.0,"max_hp_gain":0.0,"max_hp_loss":0.0,"gold_gain":0.0,"event_name":"Living Wall","player_choice":"Grow","floor":3.0,"gold_loss":0.0,"damage_taken":0.0,"cards_upgraded":["Perfected Strike"]},{"damage_healed":0.0,"max_hp_gain":0.0,"max_hp_loss":0.0,"gold_gain":0.0,"event_name":"Match and Keep!","player_choice":"1 cards matched","floor":4.0,"gold_loss":0.0,"damage_taken":0.0,"cards_obtained":["Wild Strike"]},{"damage_healed":0.0,"max_hp_gain":0.0,"max_hp_loss":0.0,"gold_gain":0.0,"event_name":"Shining Light","player_choice":"Entered Light","floor":11.0,"gold_loss":0.0,"damage_taken":23.0,"cards_upgraded":["Headbutt","Defend_R"]},{"damage_healed":0.0,"max_hp_gain":0.0,"max_hp_loss":0.0,"gold_gain":0.0,"event_name":"Cursed Tome","player_choice":"Obtained Book","floor":21.0,"gold_loss":0.0,"damage_taken":21.0},{"damage_healed":0.0,"max_hp_gain":0.0,"max_hp_loss":0.0,"gold_gain":0.0,"event_name":"The Mausoleum","player_choice":"Opened","floor":22.0,"gold_loss":0.0,"damage_taken":0.0,"relics_obtained":["Toxic Egg 2"],"cards_obtained":["Writhe"]},{"damage_healed":0.0,"max_hp_gain":0.0,"max_hp_loss":0.0,"gold_gain":0.0,"cards_transformed":["Defend_R"],"event_name":"Transmorgrifier","player_choice":"Transformed","floor":30.0,"gold_loss":0.0,"damage_taken":0.0,"cards_obtained":["Shrug It Off"]},{"damage_healed":0.0,"max_hp_gain":0.0,"max_hp_loss":41.0,"gold_gain":0.0,"event_name":"Ghosts","player_choice":"Became a Ghost","floor":31.0,"gold_loss":0.0,"damage_taken":0.0,"cards_obtained":["Ghostly","Ghostly","Ghostly"]},{"damage_healed":0.0,"max_hp_gain":0.0,"max_hp_loss":0.0,"gold_gain":0.0,"event_name":"Tomb of Lord Red Mask","player_choice":"Ignored","floor":36.0,"gold_loss":0.0,"damage_taken":0.0},{"damage_healed":0.0,"max_hp_gain":0.0,"max_hp_loss":0.0,"gold_gain":0.0,"event_name":"SensoryStone","player_choice":"Memory 3","floor":37.0,"gold_loss":0.0,"damage_taken":10.0},{"cards_removed":["Wild Strike"],"damage_healed":0,"gold_gain":0,"player_choice":"Removed Attack","damage_taken":0,"max_hp_gain":0,"max_hp_loss":0,"event_name":"Falling","floor":45,"gold_loss":0},{"damage_healed":0,"gold_gain":0,"player_choice":"Max HP","damage_taken":0,"max_hp_gain":0,"max_hp_loss":3,"event_name":"Winding Halls","floor":48,"gold_loss":0}],"is_beta":false,"boss_relics":[{"not_picked":["Black Star","Tiny House"],"picked":"Velvet Choker"},{"not_picked":["Eternal Feather","Runic Pyramid"],"picked":"Lizard Tail"}],"items_purged_floors":[27,39],"is_endless":false,"potions_floor_spawned":[1,5,10,13,16,18,19,35,41,47],"ascension_level":17}