{"gold_per_floor":[14,32,32,49,69,94,94,44,44,54,54,54,92,113,113,241,241,266,266,59,80,93,93],"floor_reached":23,"playtime":2138,"items_purged":[],"score":258,"play_id":"74f1328f-6fe8-4aec-9b73-bb1bc25545d4","local_time":"20190403173051","is_ascension_mode":true,"campfire_choices":[{"data":"Body Slam","floor":7,"key":"SMITH"},{"data":"Barricade","floor":11,"key":"SMITH"},{"data":"Body Slam","floor":15,"key":"SMITH"}],"neow_cost":"NO_GOLD","seed_source_timestamp":366560106483668,"circlet_count":0,"master_deck":["Strike_R","Strike_R","Strike_R","Defend_R","Defend_R","Defend_R","Defend_R","Bash","Body Slam+1","Shrug It Off","Barricade+1","Metallicize","Intimidate","Shrug It Off","Clothesline","Body Slam+1","Impervious","Battle Trance","Armaments"],"relics":["Black Blood","Paper Frog","Golden Idol","The Courier","Blood Vial","Bottled Tornado"],"potions_floor_usage":[6,6,13,16],"damage_taken":[{"damage":6,"enemies":"Cultist","floor":1,"turns":3},{"damage":8,"enemies":"2 Louse","floor":2,"turns":3},{"damage":1,"enemies":"Small Slimes","floor":4,"turns":4},{"damage":23,"enemies":"Exordium Thugs","floor":5,"turns":6},{"damage":10,"enemies":"3 Sentries","floor":6,"turns":16},{"damage":1,"enemies":"3 Louse","floor":10,"turns":6},{"damage":9,"enemies":"Gremlin Nob","floor":13,"turns":5},{"damage":11,"enemies":"Looter","floor":14,"turns":3},{"damage":21,"enemies":"Slime Boss","floor":16,"turns":7},{"damage":15,"enemies":"Shell Parasite","floor":18,"turns":6},{"damage":15,"enemies":"3 Byrds","floor":21,"turns":5},{"damage":13,"enemies":"Snake Plant","floor":22,"turns":6},{"damage":92,"enemies":"Gremlin Leader","floor":23,"turns":9}],"seed_played":"789860851177542853","potions_obtained":[{"floor":1,"key":"Energy Potion"},{"floor":4,"key":"Dexterity Potion"},{"floor":10,"key":"EssenceOfSteel"},{"floor":14,"key":"GamblersBrew"},{"floor":18,"key":"Explosive Potion"}],"is_trial":false,"path_per_floor":["M","M","?","M","M","E","R","?","T","M","R","?","E","M","R","B",null,"M","?","$","M","M","E"],"character_chosen":"IRONCLAD","items_purchased":["Bottled Tornado"],"campfire_rested":0,"item_purchase_floors":[20],"current_hp_per_floor":[96,94,94,96,79,75,75,75,75,80,80,56,53,48,48,33,96,91,91,91,88,87,0],"gold":93,"neow_bonus":"TWENTY_PERCENT_HP_BONUS","is_prod":false,"is_daily":false,"chose_seed":false,"campfire_upgraded":3,"win_rate":0,"timestamp":1554305451,"path_taken":["M","M","?","M","M","E","R","?","T","M","R","?","E","M","R","BOSS","M","?","$","M","M","E"],"build_version":"2019-03-15","purchased_purges":0,"victory":false,"max_hp_per_floor":[96,96,96,96,96,96,96,96,96,96,96,96,96,96,96,96,96,96,96,96,96,96,96],"card_choices":[{"not_picked":["Cleave","Infernal Blade"],"picked":"Body Slam","floor":1},{"not_picked":["Spot Weakness","Armaments"],"picked":"Shrug It Off","floor":2},{"not_picked":["Armaments","Dual Wield"],"picked":"Barricade","floor":4},{"not_picked":["Reckless Charge","Whirlwind"],"picked":"Metallicize","floor":5},{"not_picked":["Spot Weakness","Warcry"],"picked":"Intimidate","floor":6},{"not_picked":["Clash","Pommel Strike"],"picked":"Shrug It Off","floor":10},{"not_picked":["Clash","Offering"],"picked":"Clothesline","floor":13},{"not_picked":["Cleave","Limit Break"],"picked":"Body Slam","floor":14},{"not_picked":["Double Tap","Berserk"],"picked":"Impervious","floor":16},{"not_picked":["Flex","Cleave"],"picked":"Battle Trance","floor":18},{"not_picked":["Sever Soul","Combust"],"picked":"Armaments","floor":21},{"not_picked":["Iron Wave","Havoc","Twin Strike"],"picked":"SKIP","floor":22}],"player_experience":265107,"relics_obtained":[{"floor":6,"key":"Paper Frog"},{"floor":13,"key":"The Courier"}],"event_choices":[{"cards_removed":["Strike_R"],"damage_healed":0,"gold_gain":0,"player_choice":"Forget","damage_taken":0,"max_hp_gain":0,"max_hp_loss":0,"event_name":"Living Wall","floor":3,"gold_loss":0},{"cards_removed":["Strike_R"],"damage_healed":0,"gold_gain":0,"player_choice":"Card Removal","damage_taken":0,"max_hp_gain":0,"max_hp_loss":0,"event_name":"The Cleric","floor":8,"gold_loss":50},{"damage_healed":0,"gold_gain":0,"player_choice":"Take Damage","damage_taken":24,"relics_obtained":["Golden Idol"],"max_hp_gain":0,"max_hp_loss":0,"event_name":"Golden Idol","floor":12,"gold_loss":0},{"damage_healed":0,"gold_gain":0,"player_choice":"Gave Potion","damage_taken":0,"relics_obtained":["Blood Vial"],"max_hp_gain":0,"max_hp_loss":0,"event_name":"WeMeetAgain","floor":19,"gold_loss":0}],"is_beta":true,"boss_relics":[{"not_picked":["Busted Crown","Fusion Hammer"],"picked":"Black Blood"}],"items_purged_floors":[],"is_endless":false,"potions_floor_spawned":[1,4,10,14,18],"killed_by":"Gremlin Leader","ascension_level":3}