{"gold_per_floor":[116,66,85,99,99,99,125,125,125,125,125,125,125,140,140,239,239,249,259,273,273,372,372,401,401,475,495,506,506,506,516,516,614,614,627,642,28,28,28,28,28,45,45,73,73,98,115,144,144,144],"floor_reached":51,"playtime":4808,"items_purged":["Strike_B"],"score":971,"play_id":"2b6791d8-d21a-4462-a094-497d091bb126","local_time":"20190723221334","is_ascension_mode":true,"campfire_choices":[{"floor":6.0,"key":"DIG"},{"floor":8.0,"key":"DIG"},{"floor":11.0,"key":"DIG"},{"floor":13.0,"key":"DIG"},{"data":"Zap","floor":15.0,"key":"SMITH"},{"floor":23.0,"key":"REST"},{"data":"Buffer","floor":25.0,"key":"SMITH"},{"floor":30.0,"key":"REST"},{"data":"Beam Cell","floor":32.0,"key":"SMITH"},{"floor":40,"key":"DIG"},{"data":"Metamorphosis","floor":45,"key":"SMITH"},{"data":"Amplify","floor":49,"key":"SMITH"}],"neow_cost":"NONE","seed_source_timestamp":3240040899406900,"circlet_count":0,"master_deck":["Strike_B","Defend_B","Defend_B","Zap+1","Dualcast+1","Amplify+1","Gash","Gash","Go for the Eyes","Seek+1","Scrape","Buffer+1","Ball Lightning+1","BootSequence+1","Defragment+1","Beam Cell+1","Ball Lightning","Electrodynamics+1","Stack+1","All For One","Gash+1","Static Discharge+1","Panache+1","Metamorphosis+1","Impatience","Gash+1","Sweeping Beam+1","Buffer+1","Coolheaded+1","Biased Cognition+1"],"special_seed":0,"relics":["FrozenCore","Shovel","Ornamental Fan","Meat on the Bone","StoneCalendar","Ice Cream","Torii","White Beast Statue","Frozen Egg 2","Question Card","OrangePellets","Gambling Chip","Toxic Egg 2","Bottled Tornado","Peace Pipe","Ginger","Centennial Puzzle"],"potions_floor_usage":[42,44,44,44,50,50,50],"damage_taken":[{"damage":3.0,"enemies":"2 Louse","floor":1.0,"turns":3.0},{"damage":2.0,"enemies":"Jaw Worm","floor":3.0,"turns":2.0},{"damage":7.0,"enemies":"Small Slimes","floor":4.0,"turns":3.0},{"damage":30.0,"enemies":"Lagavulin","floor":7.0,"turns":5.0},{"damage":1.0,"enemies":"2 Fungi Beasts","floor":14.0,"turns":3.0},{"damage":29.0,"enemies":"The Guardian","floor":16.0,"turns":8.0},{"damage":1.0,"enemies":"Spheric Guardian","floor":18.0,"turns":3.0},{"damage":9.0,"enemies":"2 Thieves","floor":19.0,"turns":3.0},{"damage":11.0,"enemies":"Snecko","floor":20.0,"turns":5.0},{"damage":21.0,"enemies":"Gremlin Leader","floor":24.0,"turns":7.0},{"damage":2.0,"enemies":"Shelled Parasite and Fungi","floor":27.0,"turns":5.0},{"damage":32.0,"enemies":"Snake Plant","floor":28.0,"turns":5.0},{"damage":1.0,"enemies":"Sentry and Sphere","floor":31.0,"turns":3.0},{"damage":16.0,"enemies":"Collector","floor":33.0,"turns":7.0},{"damage":0.0,"enemies":"Orb Walker","floor":35.0,"turns":4.0},{"damage":10.0,"enemies":"3 Darklings","floor":36.0,"turns":3.0},{"damage":0,"enemies":"Maw","floor":42,"turns":5},{"damage":22,"enemies":"Nemesis","floor":44,"turns":5},{"damage":31,"enemies":"Giant Head","floor":46,"turns":7},{"damage":0,"enemies":"Spire Growth","floor":47,"turns":5},{"damage":0,"enemies":"Nemesis","floor":48,"turns":7},{"damage":15,"enemies":"Time Eater","floor":50,"turns":9}],"seed_played":"-19154634220486295","potions_obtained":[{"floor":1.0,"key":"Energy Potion"},{"floor":18.0,"key":"LiquidBronze"},{"floor":19.0,"key":"SteroidPotion"},{"floor":20.0,"key":"Regen Potion"},{"floor":24.0,"key":"GamblersBrew"},{"floor":27.0,"key":"SpeedPotion"},{"floor":28.0,"key":"Fire Potion"},{"floor":31.0,"key":"PowerPotion"},{"floor":33.0,"key":"Weak Potion"},{"floor":35.0,"key":"Dexterity Potion"},{"floor":36.0,"key":"Poison Potion"},{"floor":42,"key":"Poison Potion"},{"floor":44,"key":"SteroidPotion"},{"floor":46,"key":"Explosive Potion"},{"floor":47,"key":"SpeedPotion"},{"floor":48,"key":"Swift Potion"}],"is_trial":false,"path_per_floor":["M","?","M","M","T","R","E","R","T","?","R","?","R","M","R","B",null,"M","M","M","?","?","R","E","R","T","M","M","?","R","M","R","B",null,"M","M","$","?","?","R","$","M","T","E","R","E","M","E","R","B",null],"character_chosen":"DEFECT","items_purchased":["OrangePellets","Gambling Chip","Static Discharge+1"],"campfire_rested":2,"item_purchase_floors":[37,37,37],"current_hp_per_floor":[65,65,63,56,56,56,26,26,26,51,51,36,36,47,47,30,64,63,54,43,29,29,53,47,47,47,45,25,25,49,48,48,44,71,71,61,61,61,51,51,51,51,51,41,41,22,34,46,46,43],"gold":144,"neow_bonus":"TRANSFORM_CARD","is_prod":false,"is_daily":false,"chose_seed":false,"campfire_upgraded":5,"win_rate":0,"timestamp":1563912814,"path_taken":["M","?","M","M","?","R","E","R","T","?","R","?","R","M","R","BOSS","M","M","M","?","?","R","E","R","T","M","M","?","R","M","R","BOSS","M","M","$","?","?","R","$","M","T","E","R","E","M","E","R","BOSS"],"build_version":"2019-07-18","purchased_purges":1,"victory":true,"max_hp_per_floor":[75,75,75,75,75,75,75,75,75,75,75,75,75,75,75,75,75,75,75,75,80,80,80,80,80,80,80,80,80,80,80,80,80,80,80,80,80,80,80,80,80,80,80,80,80,80,80,80,80,80],"card_choices":[{"not_picked":["Recycle","Leap"],"picked":"Gash","floor":1.0},{"not_picked":["Cold Snap","Coolheaded"],"picked":"Gash","floor":3.0},{"not_picked":["Static Discharge","White Noise"],"picked":"Go for the Eyes","floor":4.0},{"not_picked":["Barrage","Rebound"],"picked":"Seek","floor":7.0},{"not_picked":["Leap","Redo"],"picked":"Scrape","floor":14.0},{"not_picked":["Reboot","Creative AI"],"picked":"Buffer","floor":16.0},{"not_picked":["Barrage","Genetic Algorithm+1"],"picked":"Ball Lightning+1","floor":18.0},{"not_picked":["Leap","Sweeping Beam","Chaos"],"picked":"SKIP","floor":19.0},{"not_picked":["Conserve Battery","Capacitor"],"picked":"BootSequence+1","floor":20.0},{"not_picked":["Force Field","Rainbow"],"picked":"Defragment+1","floor":24.0},{"not_picked":["Rebound","Streamline","Leap"],"picked":"Beam Cell","floor":27.0},{"not_picked":["Beam Cell","Meteor Strike","Compile Driver","Leap"],"picked":"SKIP","floor":28.0},{"not_picked":["Recycle","Auto Shields","Stack+1","Barrage+1"],"picked":"SKIP","floor":31.0},{"not_picked":["Recycle","Auto Shields","Barrage+1"],"picked":"Stack+1","floor":31.0},{"not_picked":["Hyperbeam","Thunder Strike","Electrodynamics+1"],"picked":"All For One","floor":33.0},{"not_picked":["Lockon+1","Reprogram+1","Hologram+1"],"picked":"Gash+1","floor":35.0},{"not_picked":["Melter+1","Double Energy","Doom and Gloom+1","Storm+1"],"picked":"SKIP","floor":36.0},{"not_picked":["Transmutation","Swift Strike","Master of Strategy"],"picked":"Panache+1","floor":39},{"not_picked":["Deep Breath","Dark Shackles","PanicButton"],"picked":"Metamorphosis","floor":39},{"not_picked":["Deep Breath","Dramatic Entrance","Swift Strike"],"picked":"Impatience","floor":39},{"not_picked":["Coolheaded+1","Barrage+1","Doom and Gloom"],"picked":"Gash+1","floor":42},{"not_picked":["Streamline+1","Hologram+1","Consume+1"],"picked":"Sweeping Beam+1","floor":44},{"not_picked":["Cold Snap","Barrage+1","Reprogram+1"],"picked":"Buffer+1","floor":46},{"not_picked":["Rebound+1","Compile Driver","Static Discharge+1"],"picked":"Coolheaded+1","floor":47},{"not_picked":["Redo+1","Sunder+1","Force Field+1"],"picked":"Biased Cognition+1","floor":48}],"player_experience":456174,"relics_obtained":[{"floor":5.0,"key":"Shovel"},{"floor":6.0,"key":"Ornamental Fan"},{"floor":7.0,"key":"Meat on the Bone"},{"floor":8.0,"key":"StoneCalendar"},{"floor":11.0,"key":"Ice Cream"},{"floor":13.0,"key":"Torii"},{"floor":24.0,"key":"Frozen Egg 2"},{"floor":26.0,"key":"Question Card"},{"floor":40,"key":"Toxic Egg 2"},{"floor":43,"key":"Bottled Tornado"},{"floor":44,"key":"Peace Pipe"},{"floor":46,"key":"Ginger"},{"floor":48,"key":"Centennial Puzzle"}],"event_choices":[{"cards_removed":["Defend_B"],"damage_healed":0.0,"max_hp_gain":0.0,"max_hp_loss":0.0,"gold_gain":0.0,"event_name":"The Cleric","player_choice":"Card Removal","floor":2.0,"gold_loss":50.0,"damage_taken":0.0},{"damage_healed":25.0,"max_hp_gain":0.0,"max_hp_loss":0.0,"gold_gain":0.0,"event_name":"Big Fish","player_choice":"Banana","floor":10.0,"gold_loss":0.0,"damage_taken":0.0},{"damage_healed":0.0,"max_hp_gain":0.0,"max_hp_loss":0.0,"gold_gain":0.0,"event_name":"Shining Light","player_choice":"Entered Light","floor":12.0,"gold_loss":0.0,"damage_taken":15.0,"cards_upgraded":["Seek","Dualcast"]},{"damage_healed":0.0,"max_hp_gain":5.0,"max_hp_loss":0.0,"gold_gain":0.0,"event_name":"Forgotten Altar","player_choice":"Shed Blood","floor":21.0,"gold_loss":0.0,"damage_taken":19.0},{"damage_healed":0.0,"max_hp_gain":0.0,"max_hp_loss":0.0,"gold_gain":99.0,"event_name":"Nest","player_choice":"Stole From Cult","floor":22.0,"gold_loss":0.0,"damage_taken":0.0},{"damage_healed":0.0,"max_hp_gain":0.0,"max_hp_loss":0.0,"gold_gain":0.0,"cards_transformed":["Strike_B","Defend_B"],"event_name":"Drug Dealer","player_choice":"Became Test Subject","floor":29.0,"gold_loss":0.0,"damage_taken":0.0,"cards_obtained":["Ball Lightning","Electrodynamics"]},{"damage_healed":0.0,"max_hp_gain":0.0,"max_hp_loss":0.0,"gold_gain":0.0,"event_name":"Mysterious Sphere","player_choice":"Ignored","floor":38.0,"gold_loss":0.0,"damage_taken":0.0},{"damage_healed":0,"gold_gain":0,"player_choice":"Memory 3","damage_taken":10,"max_hp_gain":0,"max_hp_loss":0,"event_name":"SensoryStone","floor":39,"gold_loss":0}],"is_beta":true,"boss_relics":[{"not_picked":["Ectoplasm","Runic Dome"],"picked":"White Beast Statue"},{"not_picked":["Sozu","Cursed Key"],"picked":"FrozenCore"}],"items_purged_floors":[37],"is_endless":false,"potions_floor_spawned":[1,18,19,20,24,27,28,31,33,35,36,42,44,46,47,48],"ascension_level":6}