{"gold_per_floor":[118,43,61,75,90,90,102,117,117,30,58,14,14,26,26,126,126,146,245,37,48,62,62,62,62,88,88,99,118,68,82,82,185,185,195,210,210],"floor_reached":37,"playtime":2947,"items_purged":["Defend_G","Reflex+1"],"score":550,"play_id":"edd7152b-71b5-4e03-99c5-6bed983fda17","local_time":"20190117193509","is_ascension_mode":true,"campfire_choices":[{"data":"Blade Dance","floor":6.0,"key":"SMITH"},{"floor":13.0,"key":"REST"},{"floor":15.0,"key":"DIG"},{"floor":23.0,"key":"DIG"},{"floor":25.0,"key":"DIG"},{"floor":27.0,"key":"DIG"},{"floor":32,"key":"REST"}],"neow_cost":"NONE","seed_source_timestamp":0,"circlet_count":0,"master_deck":["Defend_G","Defend_G","Defend_G","Strike_G","Strike_G","Strike_G","Survivor","Neutralize","Slice","Blade Dance+1","Venomology","Slice","Dramatic Entrance","Slice","Blade Dance","Bullet Time","Backstab+1","Grand Finale+1","Cloak And Dagger","Infinite Blades","Infinite Blades","Terror","After Image","Blade Dance+1","Slice","Backflip+1","Choke"],"special_seed":0,"relics":["WristBlade","Shovel","Ornamental Fan","Pear","Astrolabe","Membership Card","Prayer Wheel","Kunai","Bag of Marbles","Centennial Puzzle","Omamori","Runic Dome"],"potions_floor_usage":[33,33,33,33,36,37,37],"damage_taken":[{"damage":0.0,"enemies":"Cultist","floor":1.0,"turns":5.0},{"damage":3.0,"enemies":"Small Slimes","floor":3.0,"turns":4.0},{"damage":0.0,"enemies":"Jaw Worm","floor":4.0,"turns":3.0},{"damage":18.0,"enemies":"Large Slime","floor":5.0,"turns":7.0},{"damage":9.0,"enemies":"Exordium Thugs","floor":7.0,"turns":4.0},{"damage":5.0,"enemies":"3 Louse","floor":8.0,"turns":3.0},{"damage":18.0,"enemies":"Gremlin Nob","floor":11.0,"turns":3.0},{"damage":1.0,"enemies":"Large Slime","floor":14.0,"turns":4.0},{"damage":17.0,"enemies":"Hexaghost","floor":16.0,"turns":6.0},{"damage":0.0,"enemies":"Chosen","floor":18.0,"turns":4.0},{"damage":0.0,"enemies":"3 Byrds","floor":21.0,"turns":5.0},{"damage":20.0,"enemies":"Snecko","floor":22.0,"turns":5.0},{"damage":1.0,"enemies":"Centurion and Healer","floor":28.0,"turns":3.0},{"damage":0.0,"enemies":"3 Cultists","floor":29.0,"turns":3.0},{"damage":20.0,"enemies":"Snake Plant","floor":31.0,"turns":2.0},{"damage":29,"enemies":"Champ","floor":33,"turns":7},{"damage":29,"enemies":"3 Darklings","floor":35,"turns":6},{"damage":7,"enemies":"3 Shapes","floor":36,"turns":2},{"damage":30,"enemies":"Sphere and 2 Shapes","floor":37,"turns":4}],"seed_played":"1798567751236691505","potions_obtained":[{"floor":4.0,"key":"PowerPotion"},{"floor":8.0,"key":"Ancient Potion"},{"floor":16.0,"key":"FearPotion"},{"floor":21.0,"key":"SkillPotion"},{"floor":29.0,"key":"SteroidPotion"},{"floor":33,"key":"Swift Potion"},{"floor":35,"key":"FearPotion"}],"is_trial":false,"path_per_floor":["M","$","M","M","M","R","M","M","T","$","E","?","R","M","R","B",null,"M","?","$","M","M","R","?","R","T","R","M","M","$","M","R","B",null,"M","M","M"],"character_chosen":"THE_SILENT","items_purchased":["Dramatic Entrance","Membership Card"],"campfire_rested":2,"item_purchase_floors":[10,20],"current_hp_per_floor":[63,63,60,60,42,42,33,28,28,28,10,10,31,30,40,23,66,66,66,66,66,46,46,46,46,46,46,45,45,45,25,49,20,65,36,29,0],"gold":210,"neow_bonus":"BOSS_RELIC","is_prod":false,"is_daily":false,"chose_seed":false,"campfire_upgraded":1,"win_rate":0,"timestamp":1547782509,"path_taken":["M","$","M","M","M","R","M","?","T","$","E","?","R","M","R","BOSS","M","?","?","M","M","R","?","R","T","R","?","M","$","M","R","BOSS","M","M","M"],"build_version":"2019-01-10","purchased_purges":2,"victory":false,"max_hp_per_floor":[70,70,70,70,70,70,70,70,70,70,70,70,70,70,80,80,80,80,80,80,80,80,80,80,80,80,80,80,80,80,80,80,80,80,80,80,80],"card_choices":[{"not_picked":["Choke","Poisoned Stab"],"picked":"Slice","floor":1.0},{"not_picked":["Tactician","Leg Sweep","Poisoned Stab"],"picked":"SKIP","floor":3.0},{"not_picked":["Deflect","Heel Hook","Crippling Poison"],"picked":"SKIP","floor":4.0},{"not_picked":["Sucker Punch","Backflip"],"picked":"Blade Dance","floor":5.0},{"not_picked":["Deadly Poison","Poisoned Stab"],"picked":"Venomology","floor":7.0},{"not_picked":["Reflex","Deflect"],"picked":"Slice","floor":8.0},{"not_picked":["Noxious Fumes","Dagger Spray"],"picked":"Slice","floor":11.0},{"not_picked":["Quick Slash","Caltrops"],"picked":"Blade Dance","floor":14.0},{"not_picked":["Envenom","Malaise"],"picked":"Bullet Time","floor":16.0},{"not_picked":["Flying Knee","Tactician"],"picked":"Cloak And Dagger","floor":18.0},{"not_picked":["Dodge and Roll","PiercingWail"],"picked":"Infinite Blades","floor":21.0},{"not_picked":["Dash","Bouncing Flask","Outmaneuver"],"picked":"SKIP","floor":22.0},{"not_picked":["Skewer","Acrobatics"],"picked":"Infinite Blades","floor":28.0},{"not_picked":["PiercingWail+1","Deflect","Quick Slash"],"picked":"SKIP","floor":28.0},{"not_picked":["Deadly Poison+1","Footwork+1"],"picked":"Terror","floor":29.0},{"not_picked":["Noxious Fumes","Deflect","Quick Slash"],"picked":"SKIP","floor":29.0},{"not_picked":["Dash","Acrobatics","Bouncing Flask"],"picked":"SKIP","floor":31.0},{"not_picked":["Acrobatics","All Out Attack","Caltrops"],"picked":"SKIP","floor":31.0},{"not_picked":["Burst","Malaise"],"picked":"After Image","floor":33},{"not_picked":["Predator","Heel Hook"],"picked":"Blade Dance+1","floor":35},{"not_picked":["Bouncing Flask+1","Flying Knee+1"],"picked":"Slice","floor":35},{"not_picked":["Distraction","Cloak And Dagger+1"],"picked":"Backflip+1","floor":36},{"not_picked":["Backstab","Calculated Gamble"],"picked":"Choke","floor":36}],"player_experience":1122324,"relics_obtained":[{"floor":9.0,"key":"Shovel"},{"floor":11.0,"key":"Ornamental Fan"},{"floor":15.0,"key":"Pear"},{"floor":23.0,"key":"Prayer Wheel"},{"floor":24.0,"key":"Kunai"},{"floor":25.0,"key":"Bag of Marbles"},{"floor":26.0,"key":"Centennial Puzzle"},{"floor":27.0,"key":"Omamori"}],"event_choices":[{"damage_healed":0.0,"max_hp_gain":0.0,"max_hp_loss":0.0,"gold_gain":0.0,"event_name":"World of Goop","player_choice":"Left Gold","floor":12.0,"gold_loss":44.0,"damage_taken":0.0},{"damage_healed":0.0,"max_hp_gain":0.0,"max_hp_loss":0.0,"gold_gain":99.0,"event_name":"Nest","player_choice":"Stole From Cult","floor":19.0,"gold_loss":0.0,"damage_taken":0.0},{"damage_healed":0.0,"max_hp_gain":0.0,"max_hp_loss":0.0,"gold_gain":0.0,"event_name":"Wheel of Change","player_choice":"Relic","floor":24.0,"gold_loss":0.0,"damage_taken":0.0}],"is_beta":false,"boss_relics":[{"not_picked":["HoveringKite","Pandora\u0027s Box"],"picked":"Astrolabe"},{"not_picked":["Orrery","Velvet Choker"],"picked":"Runic Dome"}],"items_purged_floors":[2,30],"is_endless":false,"potions_floor_spawned":[4,8,16,21,29,33,35],"killed_by":"Sphere and 2 Shapes","ascension_level":8}