{"gold_per_floor":[114,128,141,154,172,172,201,217,286,95,108,122,122,137,137,266,266,290,2,21,146,162,162,162],"floor_reached":24,"playtime":5347,"items_purged":["Strike_G"],"score":275,"play_id":"0baced8c-0afb-41de-a2fc-44e23f20ed33","local_time":"20180911224431","is_ascension_mode":true,"campfire_choices":[{"data":"Noxious Fumes","floor":6,"key":"SMITH"},{"floor":15,"key":"REST"},{"floor":23,"key":"REST"}],"neow_cost":"NONE","seed_source_timestamp":1259929525042233,"circlet_count":0,"master_deck":["Defend_G","Defend_G","Defend_G","Defend_G","Defend_G","Strike_G","Strike_G","Strike_G","Strike_G","Survivor","Neutralize","Acrobatics","Catalyst","Noxious Fumes+1","Dodge and Roll","Bane","Poisoned Stab","Footwork","Crippling Poison","Deadly Poison","Injury","Sucker Punch","Burst","Bane","Poisoned Stab","PiercingWail","Sucker Punch","Backflip","Dash","Blur"],"relics":["Ring of the Snake","Lantern","Happy Flower","Mercury Hourglass","Golden Idol","Orrery","The Specimen","Shovel","Bottled Tornado"],"potions_floor_usage":[7,16,21,21,22],"damage_taken":[{"damage":0,"enemies":"2 Louse","floor":1,"turns":3},{"damage":1,"enemies":"Small Slimes","floor":2,"turns":4},{"damage":7,"enemies":"Cultist","floor":3,"turns":6},{"damage":5,"enemies":"3 Louse","floor":4,"turns":4},{"damage":6,"enemies":"2 Fungi Beasts","floor":5,"turns":5},{"damage":21,"enemies":"Lagavulin","floor":7,"turns":8},{"damage":4,"enemies":"Exordium Wildlife","floor":8,"turns":5},{"damage":0,"enemies":"Lots of Slimes","floor":11,"turns":2},{"damage":0,"enemies":"Looter","floor":12,"turns":3},{"damage":0,"enemies":"Large Slime","floor":14,"turns":4},{"damage":8,"enemies":"The Guardian","floor":16,"turns":7},{"damage":3,"enemies":"Chosen","floor":18,"turns":6},{"damage":5,"enemies":"Shell Parasite","floor":20,"turns":8},{"damage":14,"enemies":"Colosseum Slavers","floor":21,"turns":5},{"damage":21,"enemies":"Colosseum Nobs","floor":21,"turns":6},{"damage":7,"enemies":"Centurion and Healer","floor":22,"turns":6},{"damage":39,"enemies":"Slavers","floor":24,"turns":3}],"seed_played":"-2283919449221238165","potions_obtained":[{"floor":1,"key":"Regen Potion"},{"floor":3,"key":"GhostInAJar"},{"floor":8,"key":"Ancient Potion"},{"floor":11,"key":"PowerPotion"},{"floor":16,"key":"GhostInAJar"},{"floor":20,"key":"Poison Potion"}],"is_trial":false,"path_per_floor":["M","M","M","M","M","R","E","M","T","$","M","M","?","M","R","B",null,"M","$","M","?","M","R"],"character_chosen":"THE_SILENT","items_purchased":["Footwork","Crippling Poison","The Specimen"],"campfire_rested":2,"item_purchase_floors":[10,10,19],"current_hp_per_floor":[63,62,55,50,44,44,38,34,34,34,34,34,34,34,55,47,64,61,61,56,21,14,35,0],"gold":162,"neow_bonus":"RANDOM_COMMON_RELIC","is_prod":false,"is_daily":false,"chose_seed":false,"campfire_upgraded":1,"win_rate":0,"timestamp":1536731071,"path_taken":["M","M","M","M","M","R","E","M","T","$","M","M","?","?","R","BOSS","M","$","M","?","M","R","E"],"build_version":"2018-09-06","purchased_purges":1,"victory":false,"max_hp_per_floor":[70,70,70,70,70,70,70,70,70,70,70,70,70,70,70,70,70,70,70,70,70,70,70,70],"card_choices":[{"not_picked":["Expertise","Slice"],"picked":"Acrobatics","floor":1},{"not_picked":["Quick Slash","Poisoned Stab"],"picked":"Catalyst","floor":2},{"not_picked":["Slice","Dagger Spray"],"picked":"Noxious Fumes","floor":3},{"not_picked":["Cloak And Dagger","Finisher"],"picked":"Dodge and Roll","floor":4},{"not_picked":["Dagger Throw","Quick Slash","Setup"],"picked":"SKIP","floor":5},{"not_picked":["Dodge and Roll","Prepared"],"picked":"Bane","floor":7},{"not_picked":["Setup","Flying Knee"],"picked":"Poisoned Stab","floor":8},{"not_picked":["Outmaneuver","Heel Hook"],"picked":"Deadly Poison","floor":11},{"not_picked":["Choke","Deflect","Dagger Throw"],"picked":"SKIP","floor":12},{"not_picked":["Accuracy","Deflect"],"picked":"Sucker Punch","floor":14},{"not_picked":["Grand Finale","Unload"],"picked":"Burst","floor":16},{"not_picked":["Slice","Malaise"],"picked":"Bane","floor":17},{"not_picked":["Sucker Punch","Distraction"],"picked":"Poisoned Stab","floor":17},{"not_picked":["Quick Slash","Cloak And Dagger"],"picked":"PiercingWail","floor":17},{"not_picked":["Backstab","Heel Hook"],"picked":"Sucker Punch","floor":17},{"not_picked":["Prepared","Dodge and Roll"],"picked":"Backflip","floor":18},{"not_picked":["Flying Knee+1","Cloak And Dagger"],"picked":"Dash","floor":20},{"not_picked":["Prepared","PiercingWail"],"picked":"Blur","floor":22}],"player_experience":787333,"relics_obtained":[{"floor":7,"key":"Happy Flower"},{"floor":9,"key":"Mercury Hourglass"},{"floor":21,"key":"Shovel"},{"floor":21,"key":"Bottled Tornado"}],"event_choices":[{"event_name":"Golden Idol","player_choice":"Take Wound","floor":13,"damage_taken":0},{"event_name":"Colosseum","player_choice":"Fight","floor":21,"damage_taken":0},{"event_name":"Colosseum","player_choice":"Fought Nobs","floor":21,"damage_taken":0}],"is_beta":false,"boss_relics":[{"not_picked":["Runic Pyramid","Busted Crown"],"picked":"Orrery"}],"items_purged_floors":[10],"is_endless":false,"potions_floor_spawned":[1,3,8,11,14,16,20],"killed_by":"Slavers","ascension_level":7}