{"gold_per_floor":[115,169,181,106,118,118,146,146,146,12,40,40,56,72,72,175,175,191,191,191,206,218,218,230,230,230,230,246,266,279,6,6,103,103,115,21,21,21,41,41,52,72,72,102,102,137,137,60,60,60],"floor_reached":50,"playtime":3943,"items_purged":["Strike_B","Strike_B","Strike_B+1"],"score":591,"play_id":"fb4a8a97-807d-41b9-96ba-2c68a1f3c494","local_time":"20190426154957","is_ascension_mode":true,"campfire_choices":[{"data":"Zap","floor":6.0,"key":"SMITH"},{"data":"Ball Lightning","floor":8.0,"key":"SMITH"},{"data":"Static Discharge","floor":12.0,"key":"SMITH"},{"data":"Ball Lightning","floor":15.0,"key":"SMITH"},{"data":"Coolheaded","floor":23.0,"key":"SMITH"},{"data":"Double Energy","floor":25.0,"key":"SMITH"},{"data":"Ball Lightning","floor":27.0,"key":"SMITH"},{"floor":32,"key":"REST"},{"data":"Barrage","floor":40,"key":"SMITH"},{"floor":45,"key":"REST"},{"data":"Seek","floor":49,"key":"SMITH"}],"neow_cost":"NONE","seed_source_timestamp":0,"circlet_count":0,"master_deck":["Defend_B+1","Defend_B+1","Defend_B+1","Defend_B+1","Zap+1","Ball Lightning+1","BootSequence+1","FTL","Static Discharge+1","Coolheaded+1","Ball Lightning+1","Capacitor+1","Electrodynamics+1","Ball Lightning+1","Barrage+1","Double Energy+1","Leap+1","Biased Cognition+1","Barrage+1","FTL+1","Auto Shields+1","Hologram","Finesse+1","Undo+1","Seek+1","Echo Form+1","Defragment+1"],"special_seed":0,"relics":["Cracked Core","Vajra","Lantern","Question Card","Mercury Hourglass","Frozen Egg 2","Inserter","Matryoshka","Regal Pillow","Orrery","War Paint","Juzu Bracelet","Ginger","Bronze Scales"],"potions_floor_usage":[30,30,30,33,38,44,44],"damage_taken":[{"damage":1.0,"enemies":"Cultist","floor":1.0,"turns":3.0},{"damage":0.0,"enemies":"Small Slimes","floor":3.0,"turns":2.0},{"damage":0.0,"enemies":"2 Louse","floor":5.0,"turns":2.0},{"damage":7.0,"enemies":"Gremlin Nob","floor":7.0,"turns":3.0},{"damage":15.0,"enemies":"Lagavulin","floor":11.0,"turns":5.0},{"damage":0.0,"enemies":"Gremlin Gang","floor":13.0,"turns":3.0},{"damage":0.0,"enemies":"3 Louse","floor":14.0,"turns":2.0},{"damage":12.0,"enemies":"Slime Boss","floor":16.0,"turns":6.0},{"damage":13.0,"enemies":"2 Thieves","floor":18.0,"turns":3.0},{"damage":0.0,"enemies":"3 Byrds","floor":21.0,"turns":2.0},{"damage":14.0,"enemies":"Snake Plant","floor":22.0,"turns":2.0},{"damage":1.0,"enemies":"3 Cultists","floor":24.0,"turns":3.0},{"damage":14.0,"enemies":"Shelled Parasite and Fungi","floor":28.0,"turns":3.0},{"damage":27.0,"enemies":"Sentry and Sphere","floor":29.0,"turns":4.0},{"damage":0,"enemies":"Snecko","floor":30,"turns":3},{"damage":27,"enemies":"Champ","floor":33,"turns":8},{"damage":1,"enemies":"Orb Walker","floor":35,"turns":2},{"damage":0,"enemies":"3 Darklings","floor":38,"turns":2},{"damage":11,"enemies":"4 Shapes","floor":39,"turns":3},{"damage":0,"enemies":"Jaw Worm Horde","floor":41,"turns":3},{"damage":44,"enemies":"Transient","floor":42,"turns":5},{"damage":4,"enemies":"Reptomancer","floor":44,"turns":4},{"damage":13,"enemies":"Giant Head","floor":46,"turns":6},{"damage":49,"enemies":"Time Eater","floor":50,"turns":4}],"seed_played":"8064170311467844561","potions_obtained":[{"floor":5.0,"key":"SpeedPotion"},{"floor":7.0,"key":"SmokeBomb"},{"floor":14.0,"key":"SkillPotion"},{"floor":28.0,"key":"Strength Potion"},{"floor":29,"key":"EntropicBrew"},{"floor":30,"key":"Poison Potion"},{"floor":39,"key":"SpeedPotion"},{"floor":41,"key":"FocusPotion"},{"floor":42,"key":"Dexterity Potion"}],"is_trial":false,"path_per_floor":["M","T","M","$","M","R","E","R","T","$","E","R","M","M","R","B",null,"M","?","?","M","M","R","M","R","T","R","M","M","M","$","R","B",null,"M","$","?","M","M","R","M","M","T","E","R","E","?","$","R","B"],"character_chosen":"DEFECT","items_purchased":["Static Discharge","Regal Pillow","Finesse","Defragment+1"],"campfire_rested":2,"item_purchase_floors":[10,31,36,48],"current_hp_per_floor":[74,74,74,74,74,74,67,67,67,67,52,52,52,52,52,40,75,62,62,62,62,48,48,47,47,47,47,33,6,6,6,43,16,75,74,74,74,74,63,63,63,19,19,15,52,39,39,39,39,0],"gold":60,"neow_bonus":"RANDOM_COMMON_RELIC","is_prod":false,"is_daily":false,"chose_seed":false,"campfire_upgraded":9,"win_rate":0,"timestamp":1556286597,"path_taken":["M","?","?","$","M","R","E","R","T","?","E","R","M","M","R","BOSS","M","?","?","?","M","R","M","R","T","R","M","M","M","$","R","BOSS","M","$","?","M","M","R","M","M","T","E","R","E","?","$","R","BOSS"],"build_version":"2019-04-23","purchased_purges":3,"victory":false,"max_hp_per_floor":[75,75,75,75,75,75,75,75,75,75,75,75,75,75,75,75,75,75,75,75,75,75,75,75,75,75,75,75,75,75,75,75,75,75,75,75,75,75,75,75,75,75,75,75,75,75,75,75,75,75],"card_choices":[{"not_picked":["Redo","Blizzard"],"picked":"Ball Lightning","floor":1.0},{"not_picked":["Streamline","Steam"],"picked":"BootSequence","floor":3.0},{"not_picked":["Compile Driver","Darkness","Stack"],"picked":"SKIP","floor":5.0},{"not_picked":["Storm","Go for the Eyes"],"picked":"FTL","floor":7.0},{"not_picked":["Blizzard","Heatsinks","Cold Snap"],"picked":"Coolheaded","floor":11.0},{"not_picked":["Amplify","Barrage","Storm+1"],"picked":"Ball Lightning","floor":13.0},{"not_picked":["Darkness","Rebound","Ball Lightning"],"picked":"Capacitor+1","floor":14.0},{"not_picked":["Echo Form+1","Core Surge","Fission"],"picked":"Electrodynamics+1","floor":16.0},{"not_picked":["Streamline","Sunder","Compile Driver"],"picked":"Ball Lightning","floor":18.0},{"not_picked":["Turbo","Scrape","Hello World+1","Steam Power"],"picked":"SKIP","floor":21.0},{"not_picked":["Reboot","Hologram+1","Beam Cell+1"],"picked":"Barrage+1","floor":22.0},{"not_picked":["Beam Cell","Rebound","Sweeping Beam"],"picked":"Double Energy","floor":24.0},{"not_picked":["Go for the Eyes","Reinforced Body","White Noise"],"picked":"Leap+1","floor":28.0},{"not_picked":["Compile Driver+1","Cold Snap+1","Scrape","Sweeping Beam+1"],"picked":"SKIP","floor":29},{"not_picked":["Rebound","Heatsinks+1","Loop+1","Aggregate+1"],"picked":"SKIP","floor":30},{"not_picked":["Rainbow","Seek","Amplify"],"picked":"Biased Cognition+1","floor":33},{"not_picked":["Beam Cell","Genetic Algorithm+1","Fusion"],"picked":"Barrage","floor":34},{"not_picked":["Stack","Hologram","Beam Cell"],"picked":"FTL+1","floor":34},{"not_picked":["Doom and Gloom","BootSequence+1","Static Discharge+1"],"picked":"Auto Shields+1","floor":34},{"not_picked":["Darkness","Streamline+1","Compile Driver+1"],"picked":"Hologram","floor":34},{"not_picked":["Hologram+1","All For One","Go for the Eyes+1","Darkness+1"],"picked":"SKIP","floor":35},{"not_picked":["Loop+1","Compile Driver+1","Reinforced Body","Beam Cell+1"],"picked":"SKIP","floor":39},{"not_picked":["Aggregate+1","Coolheaded","Recycle+1"],"picked":"Undo+1","floor":41},{"not_picked":["Self Repair+1","Doom and Gloom+1","Beam Cell+1","Compile Driver"],"picked":"SKIP","floor":42},{"not_picked":["Capacitor+1","Double Energy+1","Cold Snap+1"],"picked":"Seek","floor":44},{"not_picked":["Force Field","Hyperbeam","Turbo","Hologram+1"],"picked":"SKIP","floor":46}],"player_experience":346392,"relics_obtained":[{"floor":2.0,"key":"Lantern"},{"floor":7.0,"key":"Question Card"},{"floor":9.0,"key":"Mercury Hourglass"},{"floor":11.0,"key":"Frozen Egg 2"},{"floor":26.0,"key":"Matryoshka"},{"floor":43,"key":"War Paint"},{"floor":43,"key":"Juzu Bracelet"},{"floor":44,"key":"Ginger"},{"floor":46,"key":"Bronze Scales"}],"event_choices":[{"damage_healed":0.0,"max_hp_gain":0.0,"max_hp_loss":0.0,"gold_gain":0.0,"event_name":"Back to Basics","player_choice":"Simplicity","floor":19.0,"gold_loss":0.0,"damage_taken":0.0,"cards_upgraded":["Strike_B","Strike_B","Defend_B","Defend_B","Defend_B","Defend_B"]},{"cards_removed":["Strike_B"],"damage_healed":0.0,"max_hp_gain":0.0,"max_hp_loss":0.0,"gold_gain":0.0,"event_name":"Purifier","player_choice":"Purged","floor":20.0,"gold_loss":0.0,"damage_taken":0.0},{"cards_removed":["Dualcast"],"damage_healed":0,"gold_gain":0,"player_choice":"Purged","damage_taken":0,"max_hp_gain":0,"max_hp_loss":0,"event_name":"Purifier","floor":37,"gold_loss":0},{"damage_healed":0,"gold_gain":0,"player_choice":"1 cards matched","damage_taken":0,"max_hp_gain":0,"max_hp_loss":0,"event_name":"Match and Keep!","floor":47,"gold_loss":0,"cards_obtained":["Echo Form"]}],"is_beta":true,"boss_relics":[{"not_picked":["FrozenCore","Astrolabe"],"picked":"Inserter"},{"not_picked":["Black Star","Busted Crown"],"picked":"Orrery"}],"items_purged_floors":[4,10,31],"is_endless":false,"potions_floor_spawned":[5,7,14,28,29,30,39,41,42],"killed_by":"Time Eater","ascension_level":3}