{"gold_per_floor":[19,19,19,32,47,47,73,83,83,83,97,107,107,107,107,107],"floor_reached":16,"playtime":1206,"items_purged":[],"score":147,"play_id":"1789ae71-da75-4a15-9e4b-3130d40bde51","local_time":"20190405140411","is_ascension_mode":true,"campfire_choices":[{"data":"Flame Barrier","floor":6.0,"key":"SMITH"},{"data":"Shrug It Off","floor":10,"key":"SMITH"},{"floor":15,"key":"REST"}],"neow_cost":"NO_GOLD","seed_source_timestamp":0,"circlet_count":0,"master_deck":["Strike_R","Strike_R","Strike_R","Defend_R","Defend_R","Bash","Flame Barrier+1","Impervious","Shrug It Off+1","Whirlwind","Evolve"],"special_seed":0,"relics":["Burning Blood","Pear","Paper Frog","Singing Bowl"],"potions_floor_usage":[7,16],"damage_taken":[{"damage":6.0,"enemies":"Small Slimes","floor":1.0,"turns":3.0},{"damage":11.0,"enemies":"2 Louse","floor":4.0,"turns":3.0},{"damage":7.0,"enemies":"Jaw Worm","floor":5.0,"turns":5.0},{"damage":54,"enemies":"3 Sentries","floor":7,"turns":14},{"damage":16,"enemies":"3 Louse","floor":8,"turns":3},{"damage":0,"enemies":"2 Fungi Beasts","floor":11,"turns":5},{"damage":8,"enemies":"Red Slaver","floor":12,"turns":4},{"damage":47,"enemies":"Hexaghost","floor":16,"turns":11}],"seed_played":"5252971329509755278","potions_obtained":[{"floor":4.0,"key":"FearPotion"},{"floor":12,"key":"Weak Potion"}],"is_trial":false,"path_per_floor":["M","?","?","M","M","R","E","M","T","R","M","M","?","?","R","B"],"character_chosen":"IRONCLAD","items_purchased":[],"campfire_rested":1,"item_purchase_floors":[],"current_hp_per_floor":[80,78,83,78,77,77,29,19,19,19,25,23,16,16,44,0],"gold":107,"neow_bonus":"REMOVE_TWO","is_prod":false,"is_daily":false,"chose_seed":false,"campfire_upgraded":2,"win_rate":0,"timestamp":1554465851,"path_taken":["M","?","?","M","M","R","E","M","T","R","?","M","?","?","R","BOSS"],"build_version":"2019-03-15","purchased_purges":0,"victory":false,"max_hp_per_floor":[80,90,95,95,95,95,95,95,95,95,95,95,95,95,95,95],"card_choices":[{"not_picked":["Clash","Flex","Headbutt"],"picked":"SKIP","floor":1.0},{"not_picked":["Warcry","Havoc"],"picked":"Flame Barrier","floor":4.0},{"not_picked":["Warcry","Body Slam"],"picked":"Impervious","floor":5.0},{"not_picked":["Sentinel","Iron Wave","Armaments"],"picked":"SKIP","floor":7},{"not_picked":["Perfected Strike","Corruption"],"picked":"Shrug It Off","floor":8},{"not_picked":["Power Through","Flex"],"picked":"Whirlwind","floor":11},{"not_picked":["Body Slam","Intimidate"],"picked":"Evolve","floor":12}],"player_experience":271894,"relics_obtained":[{"floor":7,"key":"Paper Frog"},{"floor":9,"key":"Singing Bowl"}],"event_choices":[{"damage_healed":0.0,"max_hp_gain":0.0,"max_hp_loss":0.0,"gold_gain":0.0,"event_name":"Scrap Ooze","player_choice":"Success","floor":2.0,"gold_loss":0.0,"damage_taken":12.0,"relics_obtained":["Pear"]},{"damage_healed":0.0,"max_hp_gain":5.0,"max_hp_loss":0.0,"gold_gain":0.0,"event_name":"Big Fish","player_choice":"Donut","floor":3.0,"gold_loss":0.0,"damage_taken":0.0},{"cards_removed":["Defend_R"],"damage_healed":0,"gold_gain":0,"player_choice":"Card Removal","damage_taken":7,"max_hp_gain":0,"max_hp_loss":0,"event_name":"Golden Wing","floor":13,"gold_loss":0},{"cards_removed":["Strike_R"],"damage_healed":0,"gold_gain":0,"player_choice":"Purged","damage_taken":0,"max_hp_gain":0,"max_hp_loss":0,"event_name":"Purifier","floor":14,"gold_loss":0}],"is_beta":true,"boss_relics":[],"items_purged_floors":[],"is_endless":false,"potions_floor_spawned":[4,12],"killed_by":"Hexaghost","ascension_level":4}