{"gold_per_floor":[168,14,26,37,37,37,53,53,53,53,13,13,13,13,13,113,113,126,126,225,210,210],"floor_reached":22,"playtime":1010,"items_purged":["Defend_B"],"score":232,"play_id":"c7a71e95-dcc6-4489-9391-cef1c356ee2f","local_time":"20190505221345","is_ascension_mode":true,"campfire_choices":[{"data":"Coolheaded","floor":6,"key":"SMITH"},{"data":"Capacitor","floor":8,"key":"SMITH"},{"data":"Coolheaded","floor":10,"key":"SMITH"},{"data":"Self Repair","floor":13,"key":"SMITH"},{"data":"BootSequence","floor":15,"key":"SMITH"}],"neow_cost":"NONE","seed_source_timestamp":358991557470022,"circlet_count":0,"master_deck":["Strike_B","Strike_B+1","Defend_B","Defend_B","Zap","Dualcast","Coolheaded+1","Coolheaded+1","Self Repair+1","Capacitor+1","BootSequence+1","Echo Form","Buffer","Machine Learning","Coolheaded+1"],"relics":["Tiny House","Mercury Hourglass","Oddly Smooth Stone","Ornamental Fan","Inserter"],"potions_floor_usage":[],"damage_taken":[{"damage":0,"enemies":"2 Louse","floor":1,"turns":2},{"damage":3,"enemies":"Cultist","floor":3,"turns":4},{"damage":8,"enemies":"Jaw Worm","floor":4,"turns":7},{"damage":0,"enemies":"2 Fungi Beasts","floor":7,"turns":4},{"damage":38,"enemies":"The Guardian","floor":16,"turns":18},{"damage":41,"enemies":"Chosen","floor":18,"turns":7},{"damage":18,"enemies":"2 Thieves","floor":21,"turns":5},{"damage":0,"enemies":"Centurion and Healer","floor":22,"turns":2}],"seed_played":"-1507778958526441628","potions_obtained":[{"floor":0,"key":"EntropicBrew"},{"floor":16,"key":"Regen Potion"},{"floor":21,"key":"EssenceOfSteel"}],"is_trial":false,"path_per_floor":["M","$","M","M","?","R","M","R","T","R","$","T","R","?","R","B",null,"M","?","?","M","M"],"character_chosen":"DEFECT","items_purchased":["Self Repair","BootSequence"],"campfire_rested":0,"item_purchase_floors":[2,11],"current_hp_per_floor":[73,73,77,76,76,76,80,80,80,80,80,80,80,73,73,45,71,40,40,40,42,42],"gold":210,"neow_bonus":"BOSS_RELIC","is_prod":false,"is_daily":false,"chose_seed":false,"campfire_upgraded":5,"win_rate":0,"timestamp":1557119625,"path_taken":["M","$","M","M","?","R","M","R","T","R","?","?","R","?","R","BOSS","M","?","?","M","?"],"build_version":"2019-01-23","purchased_purges":1,"victory":false,"max_hp_per_floor":[80,80,80,80,80,80,80,80,80,80,80,80,80,80,80,80,80,80,80,80,80,80],"card_choices":[{"not_picked":["Consume","Undo"],"picked":"Coolheaded","floor":0},{"not_picked":["Storm","Streamline"],"picked":"Coolheaded","floor":1},{"not_picked":["Leap","Reinforced Body","Recycle"],"picked":"SKIP","floor":3},{"not_picked":["Hello World","Chaos","Ball Lightning"],"picked":"SKIP","floor":4},{"not_picked":["Loop","Cold Snap"],"picked":"Capacitor","floor":7},{"not_picked":["Thunder Strike","Meteor Strike"],"picked":"Echo Form","floor":16},{"not_picked":["Reprogram","Redo","Conserve Battery"],"picked":"SKIP","floor":18},{"not_picked":["Undo","Compile Driver"],"picked":"Coolheaded+1","floor":21}],"player_experience":1334386,"relics_obtained":[{"floor":9,"key":"Oddly Smooth Stone"},{"floor":12,"key":"Ornamental Fan"}],"event_choices":[{"damage_healed":0,"gold_gain":0,"player_choice":"Gave Potion","damage_taken":0,"relics_obtained":["Mercury Hourglass"],"max_hp_gain":0,"max_hp_loss":0,"event_name":"WeMeetAgain","floor":5,"gold_loss":0},{"cards_removed":["Strike_B"],"damage_healed":0,"gold_gain":0,"player_choice":"Card Removal","damage_taken":7,"max_hp_gain":0,"max_hp_loss":0,"event_name":"Golden Wing","floor":14,"gold_loss":0},{"damage_healed":0,"gold_gain":0,"cards_transformed":["Defend_B","Strike_B"],"player_choice":"Became Test Subject","damage_taken":0,"max_hp_gain":0,"max_hp_loss":0,"event_name":"Drug Dealer","floor":19,"gold_loss":0,"cards_obtained":["Buffer","Machine Learning"]},{"damage_healed":0,"gold_gain":99,"player_choice":"Stole From Cult","damage_taken":0,"max_hp_gain":0,"max_hp_loss":0,"event_name":"Nest","floor":20,"gold_loss":0}],"is_beta":false,"boss_relics":[{"not_picked":["Busted Crown","Nuclear Battery"],"picked":"Inserter"}],"items_purged_floors":[2],"is_endless":false,"potions_floor_spawned":[16,21],"killed_by":"Centurion and Healer","ascension_level":7}