{"gold_per_floor":[11,31,44,57,70,104,116,134,134,144,144,67,67,82,82,177,177,193,213,41,61,61,61,61,61,61,61,75,75,94,119,119,209,209,223,223,241,366,387,387,403,403,427,445,778,68,68,68,68,68,68],"floor_reached":51,"playtime":1972,"items_purged":["Pain"],"score":1285,"play_id":"53d80a83-5348-4cbd-8d9a-1b3027ae6696","local_time":"20190710213251","is_ascension_mode":true,"campfire_choices":[{"floor":11.0,"key":"REST"},{"data":"Battle Trance","floor":15.0,"key":"SMITH"},{"data":"Armaments","floor":23.0,"key":"SMITH"},{"data":"Anger","floor":27.0,"key":"SMITH"},{"data":"J.A.X.","floor":29.0,"key":"SMITH"},{"floor":32.0,"key":"REST"},{"floor":40.0,"key":"REST"},{"floor":42.0,"key":"REST"},{"data":"Offering","floor":47.0,"key":"SMITH"},{"data":"Spot Weakness","floor":49.0,"key":"SMITH"}],"neow_cost":"NO_GOLD","seed_source_timestamp":0,"circlet_count":0,"master_deck":["AscendersBane","Strike_R","Strike_R+1","Strike_R","Defend_R","Defend_R+1","Defend_R+1","Defend_R","Bash+1","Battle Trance+1","Anger+1","Carnage","Headbutt","Spot Weakness+1","Shrug It Off","Clothesline","Iron Wave","Pommel Strike+1","Whirlwind+1","Sword Boomerang+1","Reaper+1","Armaments+1","Shrug It Off","Whirlwind+1","J.A.X.+1","Corruption+1","Offering+1","Heavy Blade+1","Feel No Pain","Shrug It Off","Shockwave","Impervious","Power Through"],"special_seed":0,"relics":["Burning Blood","Centennial Puzzle","Molten Egg 2","Mark of Pain","War Paint","WarpedTongs","Shuriken","Snecko Eye","Peace Pipe","Whetstone","Lee\u0027s Waffle","Kunai"],"potions_floor_usage":[],"damage_taken":[{"damage":6.0,"enemies":"Cultist","floor":1.0,"turns":3.0},{"damage":7.0,"enemies":"Jaw Worm","floor":2.0,"turns":2.0},{"damage":0.0,"enemies":"2 Louse","floor":3.0,"turns":2.0},{"damage":10.0,"enemies":"Large Slime","floor":4.0,"turns":5.0},{"damage":18.0,"enemies":"Lots of Slimes","floor":5.0,"turns":5.0},{"damage":42.0,"enemies":"3 Sentries","floor":6.0,"turns":6.0},{"damage":5.0,"enemies":"Gremlin Gang","floor":7.0,"turns":3.0},{"damage":13.0,"enemies":"Blue Slaver","floor":8.0,"turns":3.0},{"damage":4.0,"enemies":"Looter","floor":10.0,"turns":3.0},{"damage":0.0,"enemies":"2 Fungi Beasts","floor":14.0,"turns":2.0},{"damage":44.0,"enemies":"Slime Boss","floor":16.0,"turns":10.0},{"damage":17.0,"enemies":"2 Thieves","floor":18.0,"turns":3.0},{"damage":6.0,"enemies":"Spheric Guardian","floor":19.0,"turns":3.0},{"damage":22.0,"enemies":"Snake Plant","floor":21.0,"turns":6.0},{"damage":28.0,"enemies":"3 Cultists","floor":28.0,"turns":4.0},{"damage":8.0,"enemies":"Centurion and Healer","floor":30.0,"turns":5.0},{"damage":23.0,"enemies":"Snecko","floor":31.0,"turns":3.0},{"damage":40.0,"enemies":"Champ","floor":33.0,"turns":10.0},{"damage":10.0,"enemies":"3 Darklings","floor":35.0,"turns":3.0},{"damage":10.0,"enemies":"Orb Walker","floor":37.0,"turns":3.0},{"damage":20.0,"enemies":"Mind Bloom Boss Battle","floor":38.0,"turns":7.0},{"damage":60.0,"enemies":"4 Shapes","floor":39.0,"turns":8.0},{"damage":26.0,"enemies":"Writhing Mass","floor":41.0,"turns":5.0},{"damage":21.0,"enemies":"Transient","floor":44.0,"turns":6.0},{"damage":90.0,"enemies":"Awakened One","floor":50.0,"turns":10.0},{"damage":18,"enemies":"Time Eater","floor":51,"turns":6}],"seed_played":"-5449371497692888893","potions_obtained":[{"floor":1.0,"key":"Weak Potion"},{"floor":3.0,"key":"FearPotion"},{"floor":14.0,"key":"Swift Potion"},{"floor":16.0,"key":"Strength Potion"},{"floor":19.0,"key":"Energy Potion"},{"floor":28.0,"key":"Strength Potion"},{"floor":31.0,"key":"PowerPotion"},{"floor":36.0,"key":"BloodPotion"},{"floor":39.0,"key":"Poison Potion"},{"floor":44.0,"key":"PowerPotion"}],"is_trial":false,"path_per_floor":["M","M","M","M","M","E","M","M","T","M","R","$","?","M","R","B",null,"M","M","$","M","?","R","?","?","T","R","M","R","M","M","R","B",null,"M","?","M","?","M","R","M","R","T","M","?","$","R","?","R","B","B"],"character_chosen":"IRONCLAD","items_purchased":["Whirlwind+1","War Paint","Lee\u0027s Waffle","Kunai","Swift Potion","Power Through"],"campfire_rested":4,"item_purchase_floors":[12,20,46,46,46,46],"current_hp_per_floor":[68,67,73,69,57,21,22,15,15,17,39,39,39,45,45,7,53,50,50,50,34,34,34,34,34,34,34,28,28,38,21,41,16,55,57,57,53,39,15,35,20,40,40,25,25,75,75,75,75,18,0],"gold":68,"neow_bonus":"TRANSFORM_TWO_CARDS","is_prod":false,"is_daily":false,"chose_seed":false,"campfire_upgraded":6,"win_rate":0,"timestamp":1562761971,"path_taken":["M","M","M","M","M","E","M","M","T","M","R","$","?","M","R","BOSS","M","M","$","M","?","R","?","?","T","R","?","R","?","M","R","BOSS","M","?","?","?","M","R","M","R","T","M","?","$","R","?","R","BOSS","BOSS"],"build_version":"2019-07-05","purchased_purges":1,"victory":false,"max_hp_per_floor":[75,75,75,75,75,75,75,75,75,75,75,75,68,68,68,68,68,68,68,68,68,68,68,68,68,68,68,68,68,68,68,68,68,68,68,68,68,68,68,68,68,68,68,68,68,75,75,75,75,75,75],"card_choices":[{"not_picked":["Entrench","Havoc"],"picked":"Carnage","floor":1.0},{"not_picked":["Feel No Pain","Sword Boomerang"],"picked":"Headbutt","floor":2.0},{"not_picked":["Flame Barrier","Thunderclap"],"picked":"Spot Weakness","floor":3.0},{"not_picked":["Flame Barrier","Wild Strike"],"picked":"Shrug It Off","floor":4.0},{"not_picked":["Flex","Shrug It Off"],"picked":"Sword Boomerang","floor":5.0},{"not_picked":["Headbutt","Impervious"],"picked":"Clothesline","floor":6.0},{"not_picked":["Clothesline","Sword Boomerang","Clash"],"picked":"SKIP","floor":7.0},{"not_picked":["Warcry","Seeing Red"],"picked":"Iron Wave","floor":8.0},{"not_picked":["Cleave+1","Flex"],"picked":"Pommel Strike+1","floor":10.0},{"not_picked":["Headbutt+1","Hemokinesis+1"],"picked":"Sword Boomerang+1","floor":14.0},{"not_picked":["Dark Embrace","Barricade"],"picked":"Reaper+1","floor":16.0},{"not_picked":["Sword Boomerang+1","Clothesline+1"],"picked":"Armaments","floor":18.0},{"not_picked":["Anger+1","Blood for Blood+1"],"picked":"Shrug It Off","floor":19.0},{"not_picked":["Iron Wave+1","Sever Soul+1"],"picked":"Whirlwind+1","floor":21.0},{"not_picked":["Iron Wave+1","Clash+1","Warcry"],"picked":"SKIP","floor":28.0},{"not_picked":["Cleave+1","Headbutt+1","Flex"],"picked":"SKIP","floor":30.0},{"not_picked":["Flame Barrier","Blood for Blood+1"],"picked":"Corruption+1","floor":31.0},{"not_picked":["Juggernaut","Demon Form"],"picked":"Offering","floor":33.0},{"not_picked":["Clash+1","Warcry"],"picked":"Heavy Blade+1","floor":35.0},{"not_picked":["Thunderclap+1","Warcry","Twin Strike+1"],"picked":"SKIP","floor":37.0},{"not_picked":["Metallicize","Clash+1"],"picked":"Feel No Pain","floor":38.0},{"not_picked":["Dropkick+1","Clash+1"],"picked":"Shrug It Off","floor":39.0},{"not_picked":["Clash+1","Shrug It Off"],"picked":"Shockwave","floor":41.0},{"not_picked":["Twin Strike+1","Entrench"],"picked":"Impervious","floor":44.0}],"player_experience":762672,"relics_obtained":[{"floor":6.0,"key":"Centennial Puzzle"},{"floor":9.0,"key":"Molten Egg 2"},{"floor":26.0,"key":"Shuriken"},{"floor":38.0,"key":"Peace Pipe"},{"floor":43.0,"key":"Whetstone"}],"event_choices":[{"damage_healed":0.0,"max_hp_gain":0.0,"max_hp_loss":7.0,"gold_gain":0.0,"event_name":"Golden Idol","player_choice":"Lose Max HP","floor":13.0,"gold_loss":0.0,"damage_taken":0.0,"relics_obtained":["Golden Idol"]},{"damage_healed":0.0,"max_hp_gain":0.0,"max_hp_loss":0.0,"gold_gain":0.0,"event_name":"Drug Dealer","player_choice":"Obtain J.A.X.","floor":22.0,"gold_loss":0.0,"damage_taken":0.0,"cards_obtained":["J.A.X."]},{"damage_healed":0.0,"max_hp_gain":0.0,"max_hp_loss":0.0,"gold_gain":0.0,"event_name":"Accursed Blacksmith","player_choice":"Rummage","floor":25.0,"gold_loss":0.0,"damage_taken":0.0,"relics_obtained":["WarpedTongs"],"cards_obtained":["Pain"]},{"damage_healed":0.0,"max_hp_gain":0.0,"max_hp_loss":0.0,"gold_gain":0.0,"event_name":"Lab","player_choice":"Got Potions","floor":36.0,"gold_loss":0.0,"damage_taken":0.0},{"damage_healed":0.0,"max_hp_gain":0.0,"max_hp_loss":0.0,"gold_gain":0.0,"event_name":"MindBloom","player_choice":"Fight","floor":38.0,"gold_loss":0.0,"damage_taken":0.0},{"damage_healed":0.0,"max_hp_gain":0.0,"max_hp_loss":0.0,"gold_gain":333.0,"event_name":"The Moai Head","player_choice":"Gave Idol","floor":45.0,"relics_lost":["Golden Idol"],"gold_loss":0.0,"damage_taken":0.0},{"cards_removed":["Sword Boomerang"],"damage_healed":0.0,"max_hp_gain":0.0,"max_hp_loss":0.0,"gold_gain":0.0,"event_name":"Falling","player_choice":"Removed Attack","floor":48.0,"gold_loss":0.0,"damage_taken":0.0}],"is_beta":false,"boss_relics":[{"not_picked":["Coffee Dripper","White Beast Statue"],"picked":"Mark of Pain"},{"not_picked":["Velvet Choker","Runic Cube"],"picked":"Snecko Eye"}],"items_purged_floors":[46],"is_endless":false,"potions_floor_spawned":[1,3,6,14,16,19,21,28,31,37,39,44],"killed_by":"Time Eater","ascension_level":20}