{"gold_per_floor":[360,77,93,93,93,124,124,147,147,170,345,358,394,412,412,540,540,555,555,574,574],"floor_reached":21,"playtime":1903,"items_purged":[],"score":258,"play_id":"cd0164b3-4432-41b6-bfc8-7609a94e2f13","local_time":"20190701185502","is_ascension_mode":true,"campfire_choices":[{"floor":7.0,"key":"REST"},{"data":"Feel No Pain","floor":15.0,"key":"SMITH"}],"neow_cost":"PERCENT_DAMAGE","seed_source_timestamp":0,"circlet_count":0,"master_deck":["Bash","Clash","Bludgeon","Shrug It Off","Injury","Regret","Ghostly Armor","Clothesline","Intimidate","Doubt","Reaper","Sever Soul","Feel No Pain+1","Feed","Uppercut","True Grit","Seeing Red","Offering","Reckless Charge","Ghostly Armor","Impervious","Twin Strike","Reaper","Metallicize","Feel No Pain+1","Cleave+1"],"special_seed":0,"relics":["Burning Blood","Medical Kit","Golden Idol","Kunai","Matryoshka","Potion Belt","Meat on the Bone","Orichalcum","Pandora\u0027s Box"],"potions_floor_usage":[18],"damage_taken":[{"damage":4.0,"enemies":"2 Louse","floor":1.0,"turns":3.0},{"damage":8.0,"enemies":"Small Slimes","floor":3.0,"turns":3.0},{"damage":20.0,"enemies":"Gremlin Nob","floor":6.0,"turns":3.0},{"damage":3.0,"enemies":"Jaw Worm","floor":8.0,"turns":3.0},{"damage":32.0,"enemies":"Red Slaver","floor":10.0,"turns":6.0},{"damage":26.0,"enemies":"Gremlin Gang","floor":12.0,"turns":5.0},{"damage":33.0,"enemies":"3 Sentries","floor":13.0,"turns":8.0},{"damage":14.0,"enemies":"Exordium Wildlife","floor":14.0,"turns":6.0},{"damage":55.0,"enemies":"Hexaghost","floor":16.0,"turns":16.0},{"damage":23,"enemies":"2 Thieves","floor":18,"turns":5},{"damage":32,"enemies":"Shell Parasite","floor":20,"turns":8},{"damage":61,"enemies":"3 Cultists","floor":21,"turns":4}],"seed_played":"884986027869038252","potions_obtained":[{"floor":3.0,"key":"SteroidPotion"},{"floor":8.0,"key":"Regen Potion"},{"floor":13.0,"key":"Energy Potion"},{"floor":14.0,"key":"Dexterity Potion"},{"floor":20,"key":"Fire Potion"}],"is_trial":false,"path_per_floor":["M","$","M","?","?","E","R","M","T","M","?","M","E","M","R","B",null,"M","?","M","M"],"character_chosen":"IRONCLAD","items_purchased":["Bludgeon","Medical Kit"],"campfire_rested":1,"item_purchase_floors":[2,2],"current_hp_per_floor":[53,53,51,51,51,37,61,64,64,50,50,42,54,58,58,21,65,56,56,46,0],"gold":574,"neow_bonus":"TWO_FIFTY_GOLD","is_prod":false,"is_daily":false,"chose_seed":false,"campfire_upgraded":1,"win_rate":0,"timestamp":1562003702,"path_taken":["M","$","M","?","?","E","R","M","T","M","?","M","E","M","R","BOSS","M","?","M","?"],"build_version":"2019-01-23","purchased_purges":0,"victory":false,"max_hp_per_floor":[80,80,80,80,80,80,80,80,80,80,80,80,80,80,80,80,80,80,80,80,80],"card_choices":[{"not_picked":["Perfected Strike","Heavy Blade"],"picked":"Clash","floor":1.0},{"not_picked":["Anger","Thunderclap"],"picked":"Shrug It Off","floor":3.0},{"not_picked":["Clothesline","Double Tap"],"picked":"Ghostly Armor","floor":6.0},{"not_picked":["Twin Strike","Pommel Strike"],"picked":"Clothesline","floor":8.0},{"not_picked":["Headbutt","Hemokinesis"],"picked":"Intimidate","floor":10.0},{"not_picked":["True Grit","Perfected Strike"],"picked":"Reaper","floor":12.0},{"not_picked":["True Grit","Thunderclap"],"picked":"Sever Soul","floor":13.0},{"not_picked":["Armaments","Perfected Strike"],"picked":"Feel No Pain","floor":14.0},{"not_picked":["Berserk","Limit Break"],"picked":"Feed","floor":16.0},{"not_picked":["Havoc","True Grit"],"picked":"Metallicize","floor":18},{"not_picked":["Bloodletting+1","Warcry"],"picked":"Cleave+1","floor":20}],"player_experience":870023,"relics_obtained":[{"floor":6.0,"key":"Matryoshka"},{"floor":9.0,"key":"Potion Belt"},{"floor":9.0,"key":"Meat on the Bone"},{"floor":13.0,"key":"Orichalcum"}],"event_choices":[{"damage_healed":0.0,"max_hp_gain":0.0,"max_hp_loss":0.0,"gold_gain":0.0,"event_name":"Golden Idol","player_choice":"Take Wound","floor":4.0,"gold_loss":0.0,"damage_taken":0.0,"relics_obtained":["Golden Idol"],"cards_obtained":["Injury"]},{"damage_healed":0.0,"max_hp_gain":0.0,"max_hp_loss":0.0,"gold_gain":0.0,"event_name":"Big Fish","player_choice":"Box","floor":5.0,"gold_loss":0.0,"damage_taken":0.0,"relics_obtained":["Kunai"],"cards_obtained":["Regret"]},{"damage_healed":0.0,"max_hp_gain":0.0,"max_hp_loss":0.0,"gold_gain":175.0,"event_name":"Liars Game","player_choice":"AGREE","floor":11.0,"gold_loss":0.0,"damage_taken":0.0,"cards_obtained":["Doubt"]},{"damage_healed":0,"gold_gain":0,"player_choice":"Copied","damage_taken":0,"max_hp_gain":0,"max_hp_loss":0,"event_name":"Duplicator","floor":19,"gold_loss":0,"cards_obtained":["Feel No Pain"]}],"is_beta":false,"boss_relics":[{"not_picked":["Runic Cube","Black Blood"],"picked":"Pandora\u0027s Box"}],"items_purged_floors":[],"is_endless":false,"potions_floor_spawned":[3,8,13,14,20],"killed_by":"3 Cultists","ascension_level":7}