{"gold_per_floor":[214,214,214,62,62,62,72,23,46,46,46,59,70,3,3,107,107,107],"floor_reached":18,"playtime":840,"items_purged":["Defend_G"],"score":208,"play_id":"2d0dfd84-b02f-4695-9715-3df0ef3aa126","local_time":"20190715180057","is_ascension_mode":true,"campfire_choices":[{"data":"Neutralize","floor":6,"key":"SMITH"},{"data":"Poisoned Stab","floor":11,"key":"SMITH"},{"data":"Deadly Poison","floor":15,"key":"SMITH"}],"neow_cost":"NONE","seed_source_timestamp":9651007387841,"circlet_count":0,"master_deck":["Strike_G","Strike_G","Strike_G","Defend_G","Defend_G+1","Defend_G+1","Defend_G","Survivor","Neutralize+1","Deflect","Poisoned Stab+1","Deadly Poison+1","Flying Knee","Slice","Blur","Envenom"],"relics":["Ring of the Snake","Anchor","Centennial Puzzle","WristBlade"],"potions_floor_usage":[16,16,16],"damage_taken":[{"damage":0,"enemies":"Small Slimes","floor":1,"turns":3},{"damage":0,"enemies":"2 Louse","floor":7,"turns":2},{"damage":0,"enemies":"Cultist","floor":12,"turns":3},{"damage":0,"enemies":"Lots of Slimes","floor":13,"turns":5},{"damage":0,"enemies":"Hexaghost","floor":16,"turns":9},{"damage":0,"enemies":"3 Byrds","floor":18,"turns":1}],"seed_played":"5914664628800577066","potions_obtained":[{"floor":1,"key":"Block Potion"},{"floor":7,"key":"Regen Potion"},{"floor":13,"key":"Fire Potion"}],"is_trial":false,"path_per_floor":["M","?","?","$","?","R","M","$","T","?","R","M","M","$","R","B",null,"M"],"character_chosen":"THE_SILENT","items_purchased":["Deflect","Poisoned Stab","Flying Knee","Blur"],"campfire_rested":0,"item_purchase_floors":[4,4,8,14],"current_hp_per_floor":[70,63,49,49,46,46,46,46,46,46,46,46,46,46,46,61,70,70],"gold":107,"neow_bonus":"HUNDRED_GOLD","is_prod":false,"is_daily":false,"chose_seed":false,"campfire_upgraded":3,"win_rate":0,"timestamp":1563231657,"path_taken":["M","?","?","$","?","R","M","$","T","?","R","M","?","$","R","BOSS","M"],"build_version":"2019-07-05","purchased_purges":1,"victory":false,"max_hp_per_floor":[70,70,70,70,70,70,70,70,70,70,70,70,70,70,70,70,70,70],"card_choices":[{"not_picked":["Skewer","Setup","Concentrate"],"picked":"SKIP","floor":1},{"not_picked":["Sucker Punch","Predator"],"picked":"Deadly Poison","floor":7},{"not_picked":["Dodge and Roll","Underhanded Strike","Concentrate"],"picked":"SKIP","floor":12},{"not_picked":["All Out Attack","Prepared"],"picked":"Slice","floor":13},{"not_picked":["Adrenaline","After Image"],"picked":"Envenom","floor":16}],"player_experience":160761,"relics_obtained":[{"floor":9,"key":"Centennial Puzzle"}],"event_choices":[{"cards_removed":["Strike_G"],"damage_healed":0,"gold_gain":0,"player_choice":"Card Removal","damage_taken":7,"max_hp_gain":0,"max_hp_loss":0,"event_name":"Golden Wing","floor":2,"gold_loss":0},{"damage_healed":0,"gold_gain":0,"player_choice":"Entered Light","damage_taken":14,"max_hp_gain":0,"max_hp_loss":0,"event_name":"Shining Light","floor":3,"gold_loss":0,"cards_upgraded":["Defend_G","Defend_G"]},{"damage_healed":0,"gold_gain":0,"player_choice":"Success","damage_taken":3,"relics_obtained":["Anchor"],"max_hp_gain":0,"max_hp_loss":0,"event_name":"Scrap Ooze","floor":5,"gold_loss":0},{"cards_removed":["Strike_G"],"damage_healed":0,"gold_gain":0,"player_choice":"Purged","damage_taken":0,"max_hp_gain":0,"max_hp_loss":0,"event_name":"Purifier","floor":10,"gold_loss":0}],"is_beta":false,"boss_relics":[{"not_picked":["Snecko Eye","Empty Cage"],"picked":"WristBlade"}],"items_purged_floors":[4],"is_endless":false,"potions_floor_spawned":[1,7,13],"killed_by":"3 Byrds","ascension_level":1}