{"gold_per_floor":[116,40,40,40,58,58,70,99,99,99,118,68,68,68,68,172,172,187,218,218,228,143,143,156,156,156,166,166],"floor_reached":28,"playtime":1882,"items_purged":[],"score":227,"play_id":"f0c682b3-3906-48c8-bff6-4181bc518485","local_time":"20190709224209","is_ascension_mode":true,"campfire_choices":[{"data":"Shockwave","floor":6,"key":"SMITH"},{"data":"Armaments","floor":10,"key":"SMITH"},{"data":"Body Slam","floor":13,"key":"SMITH"},{"data":"True Grit","floor":15,"key":"SMITH"},{"data":"Double Tap","floor":23,"key":"SMITH"},{"floor":25,"key":"REST"}],"neow_cost":"NONE","seed_source_timestamp":17921453056424,"circlet_count":0,"master_deck":["Strike_R","Strike_R","Defend_R","Defend_R","Defend_R","Defend_R","Bash","Inflame","Shockwave+1","Body Slam+1","Armaments+1","True Grit+1","Double Tap+1","Evolve","Entrench+1"],"relics":["Burning Blood","Kunai","Matryoshka","Busted Crown","Red Mask","Regal Pillow","Blood Vial","Mummified Hand"],"potions_floor_usage":[8,16],"damage_taken":[{"damage":1,"enemies":"Cultist","floor":1,"turns":3},{"damage":13,"enemies":"2 Louse","floor":5,"turns":2},{"damage":5,"enemies":"Small Slimes","floor":7,"turns":4},{"damage":31,"enemies":"3 Sentries","floor":8,"turns":6},{"damage":15,"enemies":"2 Fungi Beasts","floor":11,"turns":5},{"damage":32,"enemies":"The Guardian","floor":16,"turns":13},{"damage":4,"enemies":"Chosen","floor":18,"turns":6},{"damage":41,"enemies":"Masked Bandits","floor":19,"turns":9},{"damage":3,"enemies":"Shell Parasite","floor":21,"turns":6},{"damage":21,"enemies":"Snecko","floor":24,"turns":7},{"damage":4,"enemies":"Chosen and Byrds","floor":27,"turns":8},{"damage":13,"enemies":"Centurion and Healer","floor":28,"turns":7}],"seed_played":"-3238682526950067590","potions_obtained":[{"floor":5,"key":"SpeedPotion"},{"floor":7,"key":"Explosive Potion"},{"floor":11,"key":"SpeedPotion"},{"floor":21,"key":"SteroidPotion"}],"is_trial":false,"path_per_floor":["M","$","?","$","M","R","M","E","T","R","M","$","R","?","R","B",null,"M","?","?","M","?","R","M","R","T","M","M"],"character_chosen":"IRONCLAD","items_purchased":["Inflame","True Grit"],"campfire_rested":1,"item_purchase_floors":[2,12],"current_hp_per_floor":[80,80,80,80,73,73,74,49,49,49,40,40,40,33,33,7,80,80,45,45,48,48,48,33,72,72,76,65],"gold":166,"neow_bonus":"REMOVE_CARD","is_prod":false,"is_daily":false,"chose_seed":false,"campfire_upgraded":5,"win_rate":0,"timestamp":1562730129,"path_taken":["M","?","?","$","M","R","M","E","T","R","M","$","R","?","R","BOSS","M","?","?","M","?","R","M","R","T","?","M"],"build_version":"2019-07-05","purchased_purges":0,"victory":false,"max_hp_per_floor":[80,80,80,80,80,80,80,80,80,80,80,80,80,80,80,80,80,80,80,80,80,80,80,80,80,80,80,80],"card_choices":[{"not_picked":["Warcry","Hemokinesis","Sword Boomerang"],"picked":"SKIP","floor":1},{"not_picked":["Reckless Charge","Battle Trance"],"picked":"Shockwave","floor":5},{"not_picked":["Cleave","Warcry"],"picked":"Body Slam","floor":7},{"not_picked":["Havoc","Twin Strike"],"picked":"Armaments","floor":8},{"not_picked":["Thunderclap","Dark Embrace","Twin Strike"],"picked":"SKIP","floor":11},{"not_picked":["Exhume","Reaper"],"picked":"Double Tap","floor":16},{"not_picked":[],"picked":"Evolve","floor":18},{"not_picked":["Iron Wave"],"picked":"SKIP","floor":21},{"not_picked":["Seeing Red"],"picked":"SKIP","floor":24},{"not_picked":[],"picked":"Entrench+1","floor":27}],"player_experience":59767,"relics_obtained":[{"floor":8,"key":"Kunai"},{"floor":9,"key":"Matryoshka"},{"floor":19,"key":"Red Mask"},{"floor":26,"key":"Blood Vial"},{"floor":26,"key":"Mummified Hand"}],"event_choices":[{"cards_removed":["Strike_R"],"damage_healed":0,"gold_gain":0,"player_choice":"Forget","damage_taken":0,"max_hp_gain":0,"max_hp_loss":0,"event_name":"Living Wall","floor":3,"gold_loss":0},{"cards_removed":["Strike_R"],"damage_healed":0,"gold_gain":0,"player_choice":"Card Removal","damage_taken":7,"max_hp_gain":0,"max_hp_loss":0,"event_name":"Golden Wing","floor":14,"gold_loss":0},{"damage_healed":0,"gold_gain":0,"player_choice":"Fought Bandits","damage_taken":0,"max_hp_gain":0,"max_hp_loss":0,"event_name":"Masked Bandits","floor":19,"gold_loss":0},{"damage_healed":0,"gold_gain":0,"player_choice":"Ignored","damage_taken":0,"max_hp_gain":0,"max_hp_loss":0,"event_name":"The Mausoleum","floor":20,"gold_loss":0},{"damage_healed":0,"gold_gain":0,"player_choice":"Obtained Relic","damage_taken":0,"relics_obtained":["Regal Pillow"],"max_hp_gain":0,"max_hp_loss":0,"event_name":"Addict","floor":22,"gold_loss":85}],"is_beta":false,"boss_relics":[{"not_picked":["Snecko Eye","Ectoplasm"],"picked":"Busted Crown"}],"items_purged_floors":[],"is_endless":false,"potions_floor_spawned":[5,7,11,21],"killed_by":"Centurion and Healer","ascension_level":1}