{"gold_per_floor":[113,126,136,136,153,180,180,40,40,57,57,70,101,26,26,124,124,140,156,156,4,22,22,35,35],"floor_reached":25,"playtime":952,"items_purged":["Dualcast","Strike_B"],"score":240,"play_id":"508a3f54-1a8d-4c7b-8912-a5902512e8bd","local_time":"20190721202731","is_ascension_mode":false,"campfire_choices":[{"floor":7,"key":"REST"},{"data":"Turbo","floor":11,"key":"SMITH"},{"floor":15,"key":"REST"},{"data":"Seek","floor":23,"key":"SMITH"}],"neow_cost":"NONE","seed_source_timestamp":590756715557677,"circlet_count":0,"master_deck":["Strike_B","Strike_B","Defend_B","Defend_B","Defend_B","Defend_B","Zap+1","Sweeping Beam","Sweeping Beam","Turbo+1","Turbo","All For One","Steam","FTL","Seek+1","Streamline","Beam Cell","Scrape"],"relics":["Cracked Core","NeowsBlessing","Singing Bowl","Pear","Question Card"],"potions_floor_usage":[6,10,13,13,16,22,25],"damage_taken":[{"damage":0,"enemies":"Cultist","floor":1,"turns":1},{"damage":0,"enemies":"Jaw Worm","floor":2,"turns":1},{"damage":0,"enemies":"2 Louse","floor":3,"turns":1},{"damage":6,"enemies":"Red Slaver","floor":5,"turns":3},{"damage":31,"enemies":"Lagavulin","floor":6,"turns":6},{"damage":0,"enemies":"2 Fungi Beasts","floor":10,"turns":3},{"damage":1,"enemies":"Exordium Wildlife","floor":12,"turns":2},{"damage":35,"enemies":"Gremlin Nob","floor":13,"turns":4},{"damage":63,"enemies":"The Guardian","floor":16,"turns":11},{"damage":20,"enemies":"3 Byrds","floor":18,"turns":4},{"damage":5,"enemies":"Chosen","floor":19,"turns":4},{"damage":18,"enemies":"Snecko","floor":22,"turns":5},{"damage":29,"enemies":"Snake Plant","floor":24,"turns":4},{"damage":22,"enemies":"Centurion and Healer","floor":25,"turns":3}],"seed_played":"5288391507603664817","potions_obtained":[{"floor":1,"key":"GamblersBrew"},{"floor":5,"key":"Swift Potion"},{"floor":6,"key":"Block Potion"},{"floor":12,"key":"Swift Potion"},{"floor":13,"key":"Regen Potion"},{"floor":19,"key":"FocusPotion"},{"floor":24,"key":"Weak Potion"}],"is_trial":false,"path_per_floor":["M","M","M","?","M","E","R","$","T","M","R","M","E","$","R","B",null,"M","M","?","$","M","R","M","M"],"character_chosen":"DEFECT","items_purchased":["All For One","Beam Cell"],"campfire_rested":2,"item_purchase_floors":[8,21],"current_hp_per_floor":[75,75,75,75,69,38,60,60,70,70,70,71,36,36,62,14,87,69,64,64,64,48,48,19,0],"gold":35,"neow_bonus":"THREE_ENEMY_KILL","is_prod":false,"is_daily":false,"chose_seed":false,"campfire_upgraded":2,"win_rate":0.0,"timestamp":1563755251,"path_taken":["M","M","M","?","M","E","R","$","T","?","R","M","E","$","R","BOSS","M","M","?","$","M","R","M","M"],"build_version":"2019-07-17","purchased_purges":2,"victory":false,"max_hp_per_floor":[75,75,75,75,75,75,75,75,85,85,85,87,87,87,87,87,87,89,89,89,89,91,91,91,91],"card_choices":[{"not_picked":["Static Discharge","Loop","Ball Lightning"],"picked":"SKIP","floor":1},{"not_picked":["Go for the Eyes","Heatsinks"],"picked":"Sweeping Beam","floor":2},{"not_picked":["Ball Lightning","Rebound"],"picked":"Sweeping Beam","floor":3},{"not_picked":["Steam","Compile Driver"],"picked":"Turbo","floor":5},{"not_picked":["Loop","Hologram"],"picked":"Turbo","floor":6},{"not_picked":["Go for the Eyes","Recycle"],"picked":"Steam","floor":10},{"not_picked":["Compile Driver","Defragment","Coolheaded"],"picked":"Singing Bowl","floor":12},{"not_picked":["Rebound","Storm"],"picked":"FTL","floor":13},{"not_picked":["Amplify","Meteor Strike","Echo Form"],"picked":"Seek","floor":16},{"not_picked":["Steam","Tempest","Capacitor","Rebound+1"],"picked":"Singing Bowl","floor":18},{"not_picked":["Coolheaded","Rebound","Go for the Eyes"],"picked":"Streamline","floor":19},{"not_picked":["Chaos","Redo","Storm+1","Fusion"],"picked":"Singing Bowl","floor":22},{"not_picked":["Barrage+1","Tempest","Coolheaded+1"],"picked":"Scrape","floor":24}],"player_experience":87806,"relics_obtained":[{"floor":6,"key":"Singing Bowl"},{"floor":9,"key":"Pear"},{"floor":13,"key":"Question Card"}],"event_choices":[{"damage_healed":0,"gold_gain":0,"player_choice":"Upgraded","damage_taken":0,"max_hp_gain":0,"max_hp_loss":0,"event_name":"Upgrade Shrine","floor":4,"gold_loss":0,"cards_upgraded":["Zap"]},{"cards_removed":["Strike_B"],"damage_healed":0,"gold_gain":0,"player_choice":"Elegance","damage_taken":0,"max_hp_gain":0,"max_hp_loss":0,"event_name":"Back to Basics","floor":20,"gold_loss":0}],"is_beta":false,"boss_relics":[{"not_picked":["Philosopher\u0027s Stone","Runic Pyramid","Velvet Choker"]}],"items_purged_floors":[14,21],"is_endless":false,"potions_floor_spawned":[1,5,6,12,13,19,24],"killed_by":"Centurion and Healer","ascension_level":0}