{"gold_per_floor":[112,19,33,33,51,51,51,76,101,101,115,34,44,59,59,59],"floor_reached":16,"playtime":1775,"items_purged":[],"score":102,"play_id":"7845d771-919f-4a27-9149-ba229e78b7a6","local_time":"20190718202420","is_ascension_mode":false,"campfire_choices":[{"data":"Bash","floor":6,"key":"SMITH"},{"floor":10,"key":"REST"},{"data":"Uppercut","floor":15,"key":"SMITH"}],"neow_cost":"NONE","seed_source_timestamp":38405911776917,"circlet_count":0,"master_deck":["Strike_R","Strike_R","Strike_R","Strike_R","Strike_R","Defend_R","Defend_R","Bash+1","Impervious","Burning Pact","Sword Boomerang","Combust","Dropkick","True Grit","Flex","Blood for Blood","Flex","Uppercut+1","Reaper","Searing Blow"],"relics":["Burning Blood","Dream Catcher","Red Skull"],"potions_floor_usage":[],"damage_taken":[{"damage":1,"enemies":"Cultist","floor":1,"turns":3},{"damage":17,"enemies":"Jaw Worm","floor":3,"turns":5},{"damage":1,"enemies":"Small Slimes","floor":5,"turns":2},{"damage":45,"enemies":"Lagavulin","floor":8,"turns":6},{"damage":11,"enemies":"Looter","floor":11,"turns":2},{"damage":23,"enemies":"Exordium Thugs","floor":13,"turns":4},{"damage":4,"enemies":"2 Fungi Beasts","floor":14,"turns":2},{"damage":43,"enemies":"Hexaghost","floor":16,"turns":7}],"seed_played":"-3820845413486120871","potions_obtained":[{"floor":5,"key":"SteroidPotion"},{"floor":8,"key":"FearPotion"},{"floor":11,"key":"SkillPotion"}],"is_trial":false,"path_per_floor":["M","$","M","?","M","R","?","E","T","R","M","$","M","M","R","B"],"character_chosen":"IRONCLAD","items_purchased":["Sword Boomerang","Combust","Uppercut"],"campfire_rested":1,"item_purchase_floors":[2,2,12],"current_hp_per_floor":[80,80,69,69,74,74,67,28,28,52,47,47,30,32,32,0],"gold":59,"neow_bonus":"TRANSFORM_CARD","is_prod":false,"is_daily":false,"chose_seed":false,"campfire_upgraded":2,"win_rate":0.0,"timestamp":1563474260,"path_taken":["M","?","M","?","M","R","?","E","T","R","M","$","M","M","R","BOSS"],"build_version":"2019-07-05","purchased_purges":0,"victory":false,"max_hp_per_floor":[80,80,80,80,80,80,80,80,80,80,80,80,80,80,80,80],"card_choices":[{"not_picked":["Thunderclap","Inflame"],"picked":"Burning Pact","floor":1},{"not_picked":["Power Through","Thunderclap"],"picked":"Dropkick","floor":3},{"not_picked":["Inflame","Dual Wield"],"picked":"True Grit","floor":5},{"not_picked":["Disarm","Bloodletting"],"picked":"Flex","floor":8},{"not_picked":["Cleave","Warcry"],"picked":"Blood for Blood","floor":10},{"not_picked":["Second Wind","Warcry"],"picked":"Flex","floor":11},{"not_picked":["True Grit","Blood for Blood"],"picked":"Reaper","floor":13},{"not_picked":["Battle Trance","Flex"],"picked":"Searing Blow","floor":14}],"player_experience":0,"relics_obtained":[{"floor":8,"key":"Dream Catcher"},{"floor":9,"key":"Red Skull"}],"event_choices":[{"damage_healed":0,"gold_gain":0,"player_choice":"Ignored","damage_taken":0,"max_hp_gain":0,"max_hp_loss":0,"event_name":"Liars Game","floor":4,"gold_loss":0},{"cards_removed":["Defend_R"],"damage_healed":0,"gold_gain":0,"player_choice":"Card Removal","damage_taken":7,"max_hp_gain":0,"max_hp_loss":0,"event_name":"Golden Wing","floor":7,"gold_loss":0}],"is_beta":false,"boss_relics":[],"items_purged_floors":[],"is_endless":false,"potions_floor_spawned":[5,8,11,13,14],"killed_by":"Hexaghost","ascension_level":0}