{"gold_per_floor":[116,116,127,137,154,154,172,190,190,190,212,246,196,228,228,333,333,348,362,373,388,168,194,194,205,256,256,171,187,216,238,250,262],"floor_reached":33,"playtime":2242,"items_purged":["Defend_B"],"score":326,"play_id":"ddefb83c-fbca-47cb-9c88-e1bcab78c151","local_time":"20190723141934","is_ascension_mode":false,"campfire_choices":[{"data":"Zap","floor":6,"key":"SMITH"},{"data":"Sunder","floor":10,"key":"SMITH"},{"data":"Dualcast","floor":15,"key":"SMITH"},{"data":"Coolheaded","floor":24,"key":"SMITH"},{"data":"Turbo","floor":32,"key":"SMITH"}],"neow_cost":"NONE","seed_source_timestamp":44538937235332,"circlet_count":0,"master_deck":["Defend_B","Defend_B","Defend_B","Zap+1","Dualcast+1","Core Surge+1","Reboot+1","Streamline+1","Compile Driver","Purity","Leap","Coolheaded+1","Sunder+1","Glacier","Recycle","Go for the Eyes","Doom and Gloom","Chill","Rainbow","Auto Shields","Doom and Gloom+1","Conserve Battery+1","Chaos+1","Melter+1","Creative AI","Loop","Turbo+1"],"relics":["Astrolabe","Cables","Odd Mushroom","Bag of Preparation","Calipers","Philosopher\u0027s Stone","Happy Flower","Question Card","Vajra","PreservedInsect","MawBank"],"potions_floor_usage":[7,16,16,23,30,30,33],"damage_taken":[{"damage":0,"enemies":"Small Slimes","floor":1,"turns":2},{"damage":1,"enemies":"Cultist","floor":3,"turns":3},{"damage":6,"enemies":"Jaw Worm","floor":4,"turns":2},{"damage":0,"enemies":"3 Louse","floor":5,"turns":4},{"damage":7,"enemies":"Large Slime","floor":7,"turns":4},{"damage":6,"enemies":"Looter","floor":8,"turns":3},{"damage":7,"enemies":"The Mushroom Lair","floor":11,"turns":3},{"damage":11,"enemies":"Lagavulin","floor":12,"turns":6},{"damage":5,"enemies":"Gremlin Nob","floor":14,"turns":3},{"damage":1,"enemies":"Hexaghost","floor":16,"turns":8},{"damage":0,"enemies":"Chosen","floor":18,"turns":4},{"damage":0,"enemies":"Spheric Guardian","floor":19,"turns":3},{"damage":14,"enemies":"Snake Plant","floor":20,"turns":3},{"damage":0,"enemies":"Cultist and Chosen","floor":21,"turns":3},{"damage":4,"enemies":"Book of Stabbing","floor":23,"turns":6},{"damage":5,"enemies":"Snecko","floor":25,"turns":5},{"damage":0,"enemies":"Centurion and Healer","floor":29,"turns":3},{"damage":0,"enemies":"Slavers","floor":30,"turns":4},{"damage":0,"enemies":"3 Cultists","floor":31,"turns":5},{"damage":54,"enemies":"Automaton","floor":33,"turns":8}],"seed_played":"4531930574953591022","potions_obtained":[{"floor":1,"key":"FocusPotion"},{"floor":3,"key":"Regen Potion"},{"floor":11,"key":"Swift Potion"},{"floor":14,"key":"FearPotion"},{"floor":18,"key":"Dexterity Potion"},{"floor":23,"key":"Strength Potion"},{"floor":25,"key":"Dexterity Potion"},{"floor":29,"key":"LiquidBronze"}],"is_trial":false,"path_per_floor":["M","?","M","M","M","R","M","M","T","R","?","E","?","E","R","B",null,"M","M","M","M","$","E","R","M","T","?","?","M","E","M","R","B"],"character_chosen":"DEFECT","items_purchased":["Happy Flower"],"campfire_rested":0,"item_purchase_floors":[22],"current_hp_per_floor":[75,75,74,68,68,68,70,64,64,64,57,46,46,41,41,40,75,75,75,61,61,61,57,57,52,52,52,52,52,52,52,52,0],"gold":262,"neow_bonus":"BOSS_RELIC","is_prod":false,"is_daily":false,"chose_seed":false,"campfire_upgraded":5,"win_rate":0,"timestamp":1563884374,"path_taken":["M","?","M","M","M","R","?","M","T","R","?","E","?","E","R","BOSS","M","M","M","M","$","E","R","M","T","?","?","M","E","M","R","BOSS"],"build_version":"2019-07-05","purchased_purges":1,"victory":false,"max_hp_per_floor":[75,75,75,75,75,75,75,75,75,75,75,75,75,75,75,75,75,75,75,75,75,75,75,75,75,75,75,75,75,75,75,75,75],"card_choices":[{"not_picked":["Melter","Loop"],"picked":"Compile Driver","floor":1},{"not_picked":["Redo","Force Field"],"picked":"Leap","floor":3},{"not_picked":["Tempest","Aggregate"],"picked":"Coolheaded","floor":4},{"not_picked":["Stack","Cold Snap"],"picked":"Sunder","floor":5},{"not_picked":["Sunder","Sweeping Beam"],"picked":"Glacier","floor":7},{"not_picked":["Scrape","Hologram"],"picked":"Recycle","floor":8},{"not_picked":["Barrage","Static Discharge"],"picked":"Go for the Eyes","floor":11},{"not_picked":["Hello World","Redo"],"picked":"Doom and Gloom","floor":12},{"not_picked":["Reprogram","Ball Lightning"],"picked":"Chill","floor":14},{"not_picked":["Multi-Cast","All For One"],"picked":"Rainbow","floor":16},{"not_picked":["Go for the Eyes","Ball Lightning+1"],"picked":"Auto Shields","floor":18},{"not_picked":["Beam Cell","Reinforced Body"],"picked":"Doom and Gloom+1","floor":19},{"not_picked":["Redo","Cold Snap","Heatsinks+1"],"picked":"SKIP","floor":20},{"not_picked":["Skim","Ball Lightning"],"picked":"Conserve Battery+1","floor":21},{"not_picked":["Conserve Battery","Sweeping Beam+1"],"picked":"Chaos+1","floor":23},{"not_picked":["Cold Snap+1","Skim","Sweeping Beam"],"picked":"Melter+1","floor":25},{"not_picked":["FTL","Steam","Coolheaded"],"picked":"Creative AI","floor":29},{"not_picked":["Hello World","Heatsinks","Steam Power"],"picked":"Loop","floor":30},{"not_picked":["Ball Lightning","Sunder","Steam"],"picked":"Turbo","floor":31}],"player_experience":91388,"relics_obtained":[{"floor":9,"key":"Cables"},{"floor":11,"key":"Odd Mushroom"},{"floor":12,"key":"Bag of Preparation"},{"floor":14,"key":"Calipers"},{"floor":23,"key":"Question Card"},{"floor":26,"key":"Vajra"},{"floor":30,"key":"MawBank"}],"event_choices":[{"damage_healed":0,"gold_gain":0,"player_choice":"1 cards matched","damage_taken":0,"max_hp_gain":0,"max_hp_loss":0,"event_name":"Match and Keep!","floor":2,"gold_loss":0,"cards_obtained":["Purity"]},{"damage_healed":0,"gold_gain":0,"player_choice":"1 cards matched","damage_taken":0,"max_hp_gain":0,"max_hp_loss":0,"event_name":"Match and Keep!","floor":2,"gold_loss":0,"cards_obtained":["Purity"]},{"damage_healed":0,"gold_gain":0,"player_choice":"Fought Mushrooms","damage_taken":0,"max_hp_gain":0,"max_hp_loss":0,"event_name":"Mushrooms","floor":11,"gold_loss":0},{"cards_removed":["Strike_B"],"damage_healed":0,"gold_gain":0,"player_choice":"Card Removal","damage_taken":0,"max_hp_gain":0,"max_hp_loss":0,"event_name":"The Cleric","floor":13,"gold_loss":50},{"damage_healed":0,"gold_gain":0,"player_choice":"Ignored","damage_taken":0,"max_hp_gain":0,"max_hp_loss":0,"event_name":"Vampires","floor":27,"gold_loss":0},{"damage_healed":0,"gold_gain":0,"player_choice":"Obtained Relic","damage_taken":0,"relics_obtained":["PreservedInsect"],"max_hp_gain":0,"max_hp_loss":0,"event_name":"Addict","floor":28,"gold_loss":85}],"is_beta":false,"boss_relics":[{"not_picked":["Cursed Key","Fusion Hammer"],"picked":"Philosopher\u0027s Stone"}],"items_purged_floors":[22],"is_endless":false,"potions_floor_spawned":[1,3,11,14,18,23,25,29],"killed_by":"Automaton","ascension_level":0}