{"gold_per_floor":[359,372,372,136,150,193,207,245,245,260,210,210,6,20,20,141,141,165,188,188,188,212,252,252,265,311,346,367,367,105,129,129,253,253,278,297,316,59,80,80,123,123,197,240,258,283,308,4,4,4],"floor_reached":50,"playtime":5432,"items_purged":["Decay","Strike_R","Parasite"],"score":925,"play_id":"19e90e2b-4d08-4669-ae52-e07a0cb5698c","local_time":"20190709170754","is_ascension_mode":true,"campfire_choices":[{"floor":12,"key":"REST"},{"floor":15,"key":"REST"},{"floor":24,"key":"REST"},{"floor":29,"key":"REST"},{"data":"Heavy Blade","floor":32,"key":"SMITH"},{"floor":40,"key":"REST"},{"floor":42,"key":"REST"},{"floor":49,"key":"RECALL"}],"neow_cost":"CURSE","seed_source_timestamp":163290713894800,"circlet_count":0,"master_deck":["AscendersBane","Strike_R","Strike_R","Strike_R+1","Strike_R","Defend_R","Defend_R","Defend_R","Bash","Pummel","Havoc","Rampage+1","Bandage Up","Metallicize","Battle Trance","Shrug It Off","Metallicize","Iron Wave","Shrug It Off","Exhume","Infernal Blade+1","Second Wind+1","Seeing Red","Cleave+1","Havoc+1","Corruption+1","Flex+1","Iron Wave","Heavy Blade+1","Limit Break","Headbutt","Havoc","Flex","Sentinel","Inflame","Sword Boomerang+1","Disarm","Shrug It Off","Headbutt+1","Heavy Blade+1","Fiend Fire","Clash"],"relics":["Burning Blood","Golden Idol","Lantern","Bronze Scales","Smiling Mask","Oddly Smooth Stone","Runic Pyramid","Pantograph","Boot","Bag of Marbles","Whetstone","Brimstone","Lizard Tail","Orichalcum","Paper Frog","Sundial","PrismaticShard"],"potions_floor_usage":[6,8,14,16,19,23,27,28,44,45,46,50],"damage_taken":[{"damage":3,"enemies":"Cultist","floor":1,"turns":4},{"damage":3,"enemies":"Small Slimes","floor":2,"turns":5},{"damage":13,"enemies":"Jaw Worm","floor":5,"turns":5},{"damage":42,"enemies":"3 Sentries","floor":6,"turns":12},{"damage":15,"enemies":"2 Fungi Beasts","floor":7,"turns":4},{"damage":38,"enemies":"Lagavulin","floor":8,"turns":8},{"damage":17,"enemies":"Exordium Thugs","floor":10,"turns":4},{"damage":10,"enemies":"Lots of Slimes","floor":14,"turns":4},{"damage":21,"enemies":"Hexaghost","floor":16,"turns":13},{"damage":14,"enemies":"3 Byrds","floor":18,"turns":5},{"damage":8,"enemies":"Chosen","floor":19,"turns":7},{"damage":15,"enemies":"Snecko","floor":22,"turns":8},{"damage":71,"enemies":"Slavers","floor":23,"turns":9},{"damage":9,"enemies":"Cultist and Chosen","floor":25,"turns":7},{"damage":18,"enemies":"Book of Stabbing","floor":27,"turns":7},{"damage":14,"enemies":"3 Cultists","floor":28,"turns":5},{"damage":3,"enemies":"Snecko","floor":31,"turns":3},{"damage":63,"enemies":"Collector","floor":33,"turns":8},{"damage":27,"enemies":"3 Darklings","floor":35,"turns":4},{"damage":31,"enemies":"3 Shapes","floor":36,"turns":5},{"damage":40,"enemies":"3 Darklings","floor":37,"turns":4},{"damage":3,"enemies":"Writhing Mass","floor":39,"turns":4},{"damage":15,"enemies":"Nemesis","floor":41,"turns":3},{"damage":78,"enemies":"Reptomancer","floor":44,"turns":5},{"damage":4,"enemies":"Jaw Worm Horde","floor":45,"turns":3},{"damage":0,"enemies":"Spire Growth","floor":46,"turns":2},{"damage":2,"enemies":"Sphere and 2 Shapes","floor":47,"turns":4},{"damage":54,"enemies":"Time Eater","floor":50,"turns":3}],"seed_played":"-1689912402669564533","potions_obtained":[{"floor":1,"key":"Regen Potion"},{"floor":6,"key":"FearPotion"},{"floor":10,"key":"SteroidPotion"},{"floor":14,"key":"Dexterity Potion"},{"floor":16,"key":"Weak Potion"},{"floor":22,"key":"Poison Potion"},{"floor":25,"key":"BloodPotion"},{"floor":27,"key":"SkillPotion"},{"floor":35,"key":"Ancient Potion"},{"floor":41,"key":"Strength Potion"},{"floor":44,"key":"PowerPotion"},{"floor":46,"key":"LiquidBronze"}],"is_trial":false,"path_per_floor":["M","M","?","$","M","E","M","E","T","M","?","R","$","M","R","B",null,"M","M","?","?","M","E","R","M","T","E","M","R","$","M","R","B",null,"M","M","M","$","M","R","E","R","T","E","M","M","M","$","R","B"],"character_chosen":"IRONCLAD","items_purchased":["Rampage","Bandage Up","Oddly Smooth Stone","Brimstone","Iron Wave","Sentinel","Orichalcum","Inflame","Clash","PrismaticShard"],"campfire_rested":6,"item_purchase_floors":[4,4,13,30,30,38,38,38,48,48],"current_hp_per_floor":[75,78,78,78,75,54,49,21,21,14,14,38,38,38,62,51,73,69,71,71,71,70,9,33,34,34,46,42,66,66,77,77,23,66,49,28,46,46,49,73,64,80,80,12,14,20,28,28,28,0],"gold":4,"neow_bonus":"TWO_FIFTY_GOLD","is_prod":false,"is_daily":false,"chose_seed":false,"campfire_upgraded":1,"win_rate":0,"timestamp":1562688474,"path_taken":["M","M","?","$","M","E","M","E","T","M","?","R","$","M","R","BOSS","M","M","?","?","M","E","R","M","T","E","?","R","$","M","R","BOSS","M","M","M","$","M","R","E","R","T","E","M","M","M","$","R","BOSS"],"build_version":"2019-07-05","purchased_purges":3,"victory":false,"max_hp_per_floor":[80,80,80,80,80,80,80,80,80,80,80,80,80,80,80,80,80,80,80,80,80,80,80,80,80,80,80,80,80,80,80,80,80,80,80,80,80,80,80,80,80,80,80,80,80,80,80,77,77,77],"card_choices":[{"not_picked":["True Grit","Sword Boomerang"],"picked":"Pummel","floor":1},{"not_picked":["Thunderclap","Clothesline"],"picked":"Havoc","floor":2},{"not_picked":["Headbutt","Fiend Fire"],"picked":"Metallicize","floor":5},{"not_picked":["Power Through","Anger"],"picked":"Battle Trance","floor":6},{"not_picked":["Infernal Blade","Pommel Strike"],"picked":"Shrug It Off","floor":7},{"not_picked":["Power Through","Rage"],"picked":"Metallicize","floor":8},{"not_picked":["Reckless Charge","Anger"],"picked":"Iron Wave","floor":10},{"not_picked":["Heavy Blade","Hemokinesis"],"picked":"Shrug It Off","floor":14},{"not_picked":["Reaper","Double Tap"],"picked":"Exhume","floor":16},{"not_picked":["Perfected Strike","Ghostly Armor"],"picked":"Infernal Blade+1","floor":18},{"not_picked":["Warcry","Iron Wave"],"picked":"Second Wind+1","floor":19},{"not_picked":["Sword Boomerang+1","Bludgeon"],"picked":"Seeing Red","floor":22},{"not_picked":["Shrug It Off","Clash"],"picked":"Cleave+1","floor":23},{"not_picked":["Sword Boomerang","Thunderclap+1"],"picked":"Havoc+1","floor":25},{"not_picked":["Havoc","Blood for Blood"],"picked":"Corruption+1","floor":27},{"not_picked":["Second Wind","Twin Strike"],"picked":"Flex+1","floor":28},{"not_picked":["Corruption","Thunderclap+1"],"picked":"Heavy Blade","floor":31},{"not_picked":["Exhume","Impervious"],"picked":"Limit Break","floor":33},{"not_picked":["Body Slam","Sever Soul"],"picked":"Headbutt","floor":35},{"not_picked":["Evolve+1","Bloodletting"],"picked":"Havoc","floor":36},{"not_picked":["Perfected Strike+1","Blood for Blood"],"picked":"Flex","floor":37},{"not_picked":["Spot Weakness","Dual Wield"],"picked":"Sword Boomerang+1","floor":39},{"not_picked":["Rupture","Combust+1"],"picked":"Disarm","floor":41},{"not_picked":["Infernal Blade","Perfected Strike+1"],"picked":"Shrug It Off","floor":44},{"not_picked":["Flex","Body Slam+1"],"picked":"Headbutt+1","floor":45},{"not_picked":["Clothesline","Cleave"],"picked":"Heavy Blade+1","floor":46},{"not_picked":["Iron Wave+1","Pommel Strike+1"],"picked":"Fiend Fire","floor":47}],"player_experience":997456,"relics_obtained":[{"floor":6,"key":"Lantern"},{"floor":8,"key":"Bronze Scales"},{"floor":9,"key":"Smiling Mask"},{"floor":23,"key":"Boot"},{"floor":26,"key":"Bag of Marbles"},{"floor":27,"key":"Whetstone"},{"floor":41,"key":"Paper Frog"},{"floor":44,"key":"Sundial"}],"event_choices":[{"damage_healed":0,"gold_gain":0,"player_choice":"Take Wound","damage_taken":0,"relics_obtained":["Golden Idol"],"max_hp_gain":0,"max_hp_loss":0,"event_name":"Golden Idol","floor":3,"gold_loss":0,"cards_obtained":["Injury"]},{"cards_removed":["Injury"],"damage_healed":0,"gold_gain":0,"player_choice":"Card Removal","damage_taken":0,"max_hp_gain":0,"max_hp_loss":0,"event_name":"The Cleric","floor":11,"gold_loss":50},{"damage_healed":0,"gold_gain":0,"player_choice":"Opened","damage_taken":0,"relics_obtained":["Pantograph"],"max_hp_gain":0,"max_hp_loss":0,"event_name":"The Mausoleum","floor":20,"gold_loss":0},{"cards_removed":["Defend_R"],"damage_healed":0,"gold_gain":0,"player_choice":"Offered Basic","damage_taken":0,"max_hp_gain":0,"max_hp_loss":0,"event_name":"Bonfire Elementals","floor":21,"gold_loss":0}],"is_beta":false,"boss_relics":[{"not_picked":["Philosopher\u0027s Stone","Black Blood"],"picked":"Runic Pyramid"},{"not_picked":["Tiny House","Velvet Choker"],"picked":"Lizard Tail"}],"items_purged_floors":[4,13,48],"is_endless":false,"potions_floor_spawned":[1,6,10,14,16,22,25,27,35,41,44,46],"killed_by":"Time Eater","ascension_level":10}