{"gold_per_floor":[211,211,64,14,28,28,58,76,101,101,101,112,112,9,9,104,104,115,135,135,135,154,154,154,79,79,79,8,8,42,65,77,89],"floor_reached":33,"playtime":1752,"items_purged":["Strike_B"],"score":311,"play_id":"af55e80c-20bc-48c3-862e-9653c1f5d976","local_time":"20190712234833","is_ascension_mode":false,"campfire_choices":[{"data":"Zap","floor":6,"key":"SMITH"},{"data":"Dualcast","floor":13,"key":"SMITH"},{"floor":15,"key":"REST"},{"data":"Machine Learning","floor":23,"key":"SMITH"},{"data":"Electrodynamics","floor":27,"key":"SMITH"},{"data":"Loop","floor":29,"key":"SMITH"},{"floor":32,"key":"REST"}],"neow_cost":"NONE","seed_source_timestamp":25719160243215,"circlet_count":0,"master_deck":["Defend_B","Defend_B","Defend_B","Zap+1","Dualcast+1","Conserve Battery","Machine Learning+1","Barrage","Streamline","Gash","Coolheaded","Melter","Glacier","Ball Lightning","Go for the Eyes","Cold Snap","Electrodynamics+1","Ball Lightning+1","Beam Cell","Bite","Bite","Bite","Loop+1","Ball Lightning"],"relics":["FrozenCore","Strawberry","Happy Flower","Sundial","MawBank"],"potions_floor_usage":[16,16,22,30,33],"damage_taken":[{"damage":7,"enemies":"2 Louse","floor":1,"turns":2},{"damage":0,"enemies":"Cultist","floor":5,"turns":3},{"damage":31,"enemies":"Gremlin Nob","floor":7,"turns":4},{"damage":6,"enemies":"Small Slimes","floor":8,"turns":3},{"damage":10,"enemies":"Looter","floor":12,"turns":3},{"damage":0,"enemies":"Slime Boss","floor":16,"turns":10},{"damage":4,"enemies":"Spheric Guardian","floor":18,"turns":4},{"damage":13,"enemies":"2 Thieves","floor":19,"turns":2},{"damage":0,"enemies":"3 Cultists","floor":22,"turns":4},{"damage":8,"enemies":"Gremlin Leader","floor":30,"turns":6},{"damage":27,"enemies":"Snake Plant","floor":31,"turns":4},{"damage":34,"enemies":"Automaton","floor":33,"turns":6}],"seed_played":"-6326859540916758397","potions_obtained":[{"floor":5,"key":"LiquidBronze"},{"floor":12,"key":"Weak Potion"},{"floor":16,"key":"FocusPotion"},{"floor":18,"key":"Poison Potion"},{"floor":19,"key":"SkillPotion"},{"floor":22,"key":"Energy Potion"},{"floor":31,"key":"AttackPotion"}],"is_trial":false,"path_per_floor":["M","?","$","$","M","R","E","M","T","?","?","M","R","$","R","B",null,"M","M","?","?","M","R","?","?","T","R","$","R","E","M","R","B"],"character_chosen":"DEFECT","items_purchased":["Barrage","Streamline","Gash","Go for the Eyes","Cold Snap","Loop"],"campfire_rested":2,"item_purchase_floors":[3,3,4,14,14,28],"current_hp_per_floor":[68,68,68,68,68,68,44,38,38,38,38,28,28,28,52,52,82,78,65,65,57,57,57,57,57,57,57,57,57,53,26,43,11],"gold":89,"neow_bonus":"HUNDRED_GOLD","is_prod":false,"is_daily":false,"chose_seed":false,"campfire_upgraded":5,"win_rate":0.0,"timestamp":1562993313,"path_taken":["M","?","?","$","M","R","E","M","T","?","?","?","R","?","R","BOSS","M","M","?","?","M","R","?","?","T","R","$","R","E","M","R","BOSS"],"build_version":"2019-07-05","purchased_purges":1,"victory":false,"max_hp_per_floor":[75,75,75,75,75,75,82,82,82,82,82,82,82,82,82,82,82,82,82,82,57,57,57,57,57,57,57,57,57,57,57,57,57],"card_choices":[{"not_picked":["Barrage","Recycle"],"picked":"Conserve Battery","floor":1},{"not_picked":["FTL","Redo"],"picked":"Coolheaded","floor":5},{"not_picked":["Compile Driver","Beam Cell"],"picked":"Melter","floor":7},{"not_picked":["Sweeping Beam","White Noise"],"picked":"Glacier","floor":8},{"not_picked":["Steam","Recycle"],"picked":"Ball Lightning","floor":12},{"not_picked":["Amplify","Rainbow"],"picked":"Electrodynamics","floor":16},{"not_picked":["Redo","Gash"],"picked":"Ball Lightning+1","floor":18},{"not_picked":["Turbo","Go for the Eyes"],"picked":"Beam Cell","floor":19},{"not_picked":["Consume","Reprogram","Redo"],"picked":"SKIP","floor":22},{"not_picked":["Compile Driver","Force Field+1","Darkness"],"picked":"SKIP","floor":30},{"not_picked":["Darkness","Genetic Algorithm+1"],"picked":"Ball Lightning","floor":31}],"player_experience":142030,"relics_obtained":[{"floor":7,"key":"Strawberry"},{"floor":9,"key":"Happy Flower"},{"floor":26,"key":"Sundial"},{"floor":30,"key":"MawBank"}],"event_choices":[{"damage_healed":0,"gold_gain":0,"cards_transformed":["Strike_B"],"player_choice":"Transformed","damage_taken":0,"max_hp_gain":0,"max_hp_loss":0,"event_name":"Transmorgrifier","floor":2,"gold_loss":0,"cards_obtained":["Machine Learning"]},{"damage_healed":0,"gold_gain":0,"player_choice":"Ignored","damage_taken":0,"max_hp_gain":0,"max_hp_loss":0,"event_name":"Liars Game","floor":10,"gold_loss":0},{"cards_removed":["Defend_B"],"damage_healed":0,"gold_gain":0,"player_choice":"Offered Basic","damage_taken":0,"max_hp_gain":0,"max_hp_loss":0,"event_name":"Bonfire Elementals","floor":11,"gold_loss":0},{"damage_healed":0,"gold_gain":0,"player_choice":"Ignored","damage_taken":0,"max_hp_gain":0,"max_hp_loss":0,"event_name":"Cursed Tome","floor":20,"gold_loss":0},{"damage_healed":0,"gold_gain":0,"player_choice":"Became a vampire","damage_taken":0,"max_hp_gain":0,"max_hp_loss":25,"event_name":"Vampires","floor":21,"gold_loss":0,"cards_obtained":["Bite","Bite","Bite","Bite","Bite"]},{"cards_removed":["Bite"],"damage_healed":0,"gold_gain":0,"player_choice":"Elegance","damage_taken":0,"max_hp_gain":0,"max_hp_loss":0,"event_name":"Back to Basics","floor":24,"gold_loss":0},{"cards_removed":["Bite"],"damage_healed":0,"gold_gain":0,"player_choice":"Gave Gold","damage_taken":0,"max_hp_gain":0,"max_hp_loss":0,"event_name":"Beggar","floor":25,"gold_loss":75}],"is_beta":false,"boss_relics":[{"not_picked":["Lizard Tail","Velvet Choker"],"picked":"FrozenCore"}],"items_purged_floors":[3],"is_endless":false,"potions_floor_spawned":[5,12,16,18,19,22,31],"killed_by":"Automaton","ascension_level":0}