{"gold_per_floor":[109,120,133,133,144,144,174,174,174,206,1,16,69,95,95,200,200,210,309,324,324,15,45,45,60,60,60],"floor_reached":27,"playtime":1427,"items_purged":[],"score":251,"play_id":"2851e1e4-1069-4d6c-b25c-83f4275bcc31","local_time":"20190721140031","is_ascension_mode":false,"campfire_choices":[{"data":"Streamline","floor":6,"key":"SMITH"},{"data":"Dualcast","floor":8,"key":"SMITH"},{"floor":15,"key":"REST"},{"data":"Zap","floor":24,"key":"SMITH"}],"neow_cost":"NONE","seed_source_timestamp":567062725105018,"circlet_count":0,"master_deck":["Strike_B","Strike_B","Strike_B","Defend_B","Defend_B","Defend_B","Defend_B","Zap+1","Dualcast+1","Streamline+1","Rip and Tear","Steam","FTL","Conserve Battery","Reinforced Body","Reinforced Body","Undo","Reboot","Go for the Eyes","Streamline+1","Hologram","Cold Snap","Streamline","Coolheaded+1"],"relics":["Cracked Core","Ginger","Calipers","Prayer Wheel","Anchor","ClockworkSouvenir","Potion Belt","Coffee Dripper","StoneCalendar","PreservedInsect","Incense Burner"],"potions_floor_usage":[10,14,14,23,23],"damage_taken":[{"damage":0,"enemies":"Jaw Worm","floor":1,"turns":4},{"damage":0,"enemies":"Small Slimes","floor":2,"turns":2},{"damage":0,"enemies":"2 Louse","floor":3,"turns":2},{"damage":13,"enemies":"2 Fungi Beasts","floor":5,"turns":3},{"damage":10,"enemies":"Gremlin Nob","floor":7,"turns":4},{"damage":14,"enemies":"Lagavulin","floor":10,"turns":5},{"damage":0,"enemies":"Exordium Wildlife","floor":12,"turns":5},{"damage":10,"enemies":"Gremlin Nob","floor":14,"turns":3},{"damage":39,"enemies":"The Guardian","floor":16,"turns":16},{"damage":7,"enemies":"Shell Parasite","floor":18,"turns":6},{"damage":0,"enemies":"Chosen","floor":20,"turns":4},{"damage":46,"enemies":"Gremlin Leader","floor":23,"turns":7},{"damage":9,"enemies":"Snake Plant","floor":25,"turns":3},{"damage":16,"enemies":"3 Cultists","floor":27,"turns":5}],"seed_played":"-5472525225381846557","potions_obtained":[{"floor":2,"key":"Energy Potion"},{"floor":10,"key":"Fire Potion"},{"floor":12,"key":"Weak Potion"},{"floor":14,"key":"SpeedPotion"},{"floor":20,"key":"PowerPotion"},{"floor":25,"key":"Ancient Potion"}],"is_trial":false,"path_per_floor":["M","M","M","?","M","R","E","R","T","E","$","M","?","E","R","B",null,"M","?","M","?","$","E","R","M","T","M"],"character_chosen":"DEFECT","items_purchased":["ClockworkSouvenir","Cold Snap","StoneCalendar"],"campfire_rested":1,"item_purchase_floors":[11,22,22],"current_hp_per_floor":[75,75,75,72,59,59,49,49,49,35,35,35,35,25,47,8,75,68,68,68,68,68,22,22,13,13,0],"gold":60,"neow_bonus":"REMOVE_CARD","is_prod":false,"is_daily":false,"chose_seed":false,"campfire_upgraded":3,"win_rate":0.0,"timestamp":1563732031,"path_taken":["M","M","M","?","M","R","E","R","T","E","$","M","?","E","R","BOSS","M","?","M","?","$","E","R","M","T","M"],"build_version":"2019-07-17","purchased_purges":0,"victory":false,"max_hp_per_floor":[75,75,75,75,75,75,75,75,75,75,75,75,75,75,75,75,75,75,75,75,75,75,75,75,75,75,75],"card_choices":[{"not_picked":["Double Energy","Leap"],"picked":"Streamline","floor":1},{"not_picked":["Lockon","Blizzard"],"picked":"Rip and Tear","floor":2},{"not_picked":["Auto Shields","Fusion"],"picked":"Steam","floor":3},{"not_picked":["Reinforced Body","Compile Driver"],"picked":"FTL","floor":5},{"not_picked":["Consume","Melter"],"picked":"Conserve Battery","floor":7},{"not_picked":["White Noise","Go for the Eyes"],"picked":"Reinforced Body","floor":10},{"not_picked":["Barrage","Double Energy"],"picked":"Reinforced Body","floor":12},{"not_picked":["Barrage","Lockon","Double Energy"],"picked":"SKIP","floor":12},{"not_picked":["Heatsinks","Ball Lightning"],"picked":"Undo","floor":14},{"not_picked":["Seek","Fission"],"picked":"Reboot","floor":16},{"not_picked":["Auto Shields","Redo"],"picked":"Go for the Eyes","floor":18},{"not_picked":["Barrage","Hologram+1"],"picked":"Streamline+1","floor":18},{"not_picked":["Conserve Battery","Scrape"],"picked":"Hologram","floor":20},{"not_picked":["Auto Shields+1","Darkness","Consume"],"picked":"SKIP","floor":20},{"not_picked":["Compile Driver+1","Scrape"],"picked":"Streamline","floor":23},{"not_picked":["Buffer","Gash"],"picked":"Coolheaded+1","floor":25},{"not_picked":["Heatsinks","Go for the Eyes","Auto Shields"],"picked":"SKIP","floor":25}],"player_experience":70219,"relics_obtained":[{"floor":7,"key":"Calipers"},{"floor":9,"key":"Prayer Wheel"},{"floor":10,"key":"Anchor"},{"floor":14,"key":"Potion Belt"},{"floor":23,"key":"PreservedInsect"},{"floor":26,"key":"Incense Burner"}],"event_choices":[{"damage_healed":0,"gold_gain":0,"player_choice":"Success","damage_taken":3,"relics_obtained":["Ginger"],"max_hp_gain":0,"max_hp_loss":0,"event_name":"Scrap Ooze","floor":4,"gold_loss":0},{"damage_healed":0,"gold_gain":53,"player_choice":"Gained Gold","damage_taken":0,"max_hp_gain":0,"max_hp_loss":0,"event_name":"Golden Wing","floor":13,"gold_loss":0},{"damage_healed":0,"gold_gain":99,"player_choice":"Stole From Cult","damage_taken":0,"max_hp_gain":0,"max_hp_loss":0,"event_name":"Nest","floor":19,"gold_loss":0},{"damage_healed":0,"gold_gain":0,"player_choice":"Ignored","damage_taken":0,"max_hp_gain":0,"max_hp_loss":0,"event_name":"Cursed Tome","floor":21,"gold_loss":0}],"is_beta":false,"boss_relics":[{"not_picked":["Snecko Eye","Fusion Hammer"],"picked":"Coffee Dripper"}],"items_purged_floors":[],"is_endless":false,"potions_floor_spawned":[2,10,12,14,20,25],"killed_by":"3 Cultists","ascension_level":0}