{"gold_per_floor":[111,111,129,41,41,75,75,90,113,132,152,152,152,166,166,285,285],"floor_reached":17,"playtime":720,"items_purged":[],"score":191,"play_id":"0606e264-ea9f-492f-a603-01a5bff6ecd6","local_time":"20190724224220","is_ascension_mode":true,"campfire_choices":[{"data":"Footwork","floor":7,"key":"SMITH"},{"data":"Terror","floor":12,"key":"SMITH"},{"data":"Caltrops","floor":15,"key":"SMITH"}],"neow_cost":"NONE","seed_source_timestamp":28212205543778,"circlet_count":0,"master_deck":["Strike_G","Strike_G","Strike_G","Defend_G","Defend_G","Defend_G","Defend_G","Survivor","Neutralize+1","PiercingWail","Poisoned Stab","Footwork+1","Flying Knee","Terror+1","Caltrops+1","Poisoned Stab","Leg Sweep","Slice","Riddle With Holes+1","Glass Knife+1","Underhanded Strike+1"],"relics":["Ring of the Snake","NeowsBlessing","Golden Idol","Boot","Juzu Bracelet","Dead Branch","Astrolabe"],"potions_floor_usage":[11,16],"damage_taken":[{"damage":0,"enemies":"Small Slimes","floor":1,"turns":1},{"damage":0,"enemies":"Jaw Worm","floor":3,"turns":1},{"damage":0,"enemies":"Lagavulin","floor":6,"turns":1},{"damage":0,"enemies":"Cultist","floor":8,"turns":4},{"damage":11,"enemies":"Exordium Wildlife","floor":10,"turns":6},{"damage":2,"enemies":"Exordium Thugs","floor":11,"turns":4},{"damage":11,"enemies":"Gremlin Gang","floor":14,"turns":6},{"damage":22,"enemies":"The Guardian","floor":16,"turns":10}],"seed_played":"6913027186725268370","potions_obtained":[{"floor":1,"key":"LiquidBronze"},{"floor":3,"key":"Poison Potion"},{"floor":10,"key":"Poison Potion"},{"floor":14,"key":"Block Potion"}],"is_trial":false,"path_per_floor":["M","?","M","$","?","E","R","M","T","M","M","R","T","M","R","B",null],"character_chosen":"THE_SILENT","items_purchased":["Footwork","Flying Knee"],"campfire_rested":0,"item_purchase_floors":[4,4],"current_hp_per_floor":[70,70,70,70,65,65,65,65,65,54,52,52,52,41,41,19,65],"gold":285,"neow_bonus":"THREE_ENEMY_KILL","is_prod":false,"is_daily":false,"chose_seed":false,"campfire_upgraded":3,"win_rate":0,"timestamp":1564026140,"path_taken":["M","?","M","$","?","E","R","M","T","M","M","R","?","M","R","BOSS"],"build_version":"2019-07-17","purchased_purges":0,"victory":false,"max_hp_per_floor":[70,70,70,70,65,65,65,65,65,65,65,65,65,65,65,65,65],"card_choices":[{"not_picked":["Distraction","Bane"],"picked":"PiercingWail","floor":1},{"not_picked":["Dagger Throw","Reflex"],"picked":"Poisoned Stab","floor":3},{"not_picked":["Night Terror","Accuracy"],"picked":"Terror","floor":6},{"not_picked":["Calculated Gamble","Distraction"],"picked":"Caltrops","floor":8},{"not_picked":["Setup","Dodge and Roll"],"picked":"Poisoned Stab","floor":10},{"not_picked":["Outmaneuver","PiercingWail"],"picked":"Leg Sweep","floor":11},{"not_picked":["Riddle With Holes","Flying Knee"],"picked":"Slice","floor":14}],"player_experience":227523,"relics_obtained":[{"floor":6,"key":"Boot"},{"floor":9,"key":"Juzu Bracelet"},{"floor":13,"key":"Dead Branch"}],"event_choices":[{"damage_healed":0,"gold_gain":0,"player_choice":"Grow","damage_taken":0,"max_hp_gain":0,"max_hp_loss":0,"event_name":"Living Wall","floor":2,"gold_loss":0,"cards_upgraded":["Neutralize"]},{"damage_healed":0,"gold_gain":0,"player_choice":"Lose Max HP","damage_taken":0,"relics_obtained":["Golden Idol"],"max_hp_gain":0,"max_hp_loss":5,"event_name":"Golden Idol","floor":5,"gold_loss":0}],"is_beta":false,"boss_relics":[{"not_picked":["Ectoplasm","Velvet Choker"],"picked":"Astrolabe"}],"items_purged_floors":[],"is_endless":false,"potions_floor_spawned":[1,3,10,14],"ascension_level":1}