{"gold_per_floor":[369,369,386,240,240,240,251,251,302,302,319,74,84,84,84,188,188,208,208,220,135,135],"floor_reached":22,"playtime":1054,"items_purged":["Strike_B","Defend_B"],"score":183,"play_id":"07f7ea1c-ec80-4ae6-b3f9-312266a0802c","local_time":"20190723224829","is_ascension_mode":true,"campfire_choices":[{"data":"Loop","floor":6,"key":"SMITH"},{"data":"Coolheaded","floor":8,"key":"SMITH"},{"data":"Dualcast","floor":10,"key":"SMITH"},{"data":"Hologram","floor":15,"key":"SMITH"}],"neow_cost":"TEN_PERCENT_HP_LOSS","seed_source_timestamp":28581789971423,"circlet_count":0,"master_deck":["Strike_B","Strike_B","Strike_B","Defend_B","Defend_B","Defend_B","Zap+1","Dualcast+1","Coolheaded+1","Loop+1","FTL","Hologram+1","Conserve Battery","Swift Strike","FTL","Leap+1","Writhe","Cold Snap"],"relics":["Cracked Core","Bag of Marbles","Lantern","Cursed Key","Frozen Egg 2","Calipers"],"potions_floor_usage":[20,20],"damage_taken":[{"damage":0,"enemies":"2 Louse","floor":1,"turns":3},{"damage":1,"enemies":"Jaw Worm","floor":3,"turns":4},{"damage":0,"enemies":"Cultist","floor":7,"turns":3},{"damage":0,"enemies":"2 Fungi Beasts","floor":11,"turns":3},{"damage":0,"enemies":"Large Slime","floor":13,"turns":4},{"damage":14,"enemies":"Slime Boss","floor":16,"turns":10},{"damage":0,"enemies":"Spheric Guardian","floor":18,"turns":3},{"damage":10,"enemies":"2 Thieves","floor":20,"turns":3},{"damage":10,"enemies":"Centurion and Healer","floor":22,"turns":3}],"seed_played":"-2105639680140314290","potions_obtained":[{"floor":3,"key":"Regen Potion"},{"floor":11,"key":"Explosive Potion"},{"floor":16,"key":"Poison Potion"},{"floor":18,"key":"GamblersBrew"}],"is_trial":false,"path_per_floor":["M","?","M","$","?","R","M","R","T","R","M","$","M","?","R","B",null,"M","?","M","?","M"],"character_chosen":"DEFECT","items_purchased":["FTL","Conserve Battery","Swift Strike"],"campfire_rested":0,"item_purchase_floors":[4,12,12],"current_hp_per_floor":[68,68,67,67,67,67,67,67,67,67,67,67,67,72,72,58,73,73,73,63,63,53],"gold":135,"neow_bonus":"TWO_FIFTY_GOLD","is_prod":false,"is_daily":false,"chose_seed":false,"campfire_upgraded":4,"win_rate":0,"timestamp":1563940109,"path_taken":["M","?","M","$","?","R","?","R","T","R","M","$","M","?","R","BOSS","M","?","M","?","M"],"build_version":"2019-07-17","purchased_purges":2,"victory":false,"max_hp_per_floor":[68,68,68,68,68,68,68,68,68,68,68,68,68,73,73,73,73,73,73,73,73,73],"card_choices":[{"not_picked":["Turbo","Double Energy"],"picked":"Coolheaded","floor":1},{"not_picked":["Rebound","Steam"],"picked":"Loop","floor":3},{"not_picked":["Redo","Lockon","Blizzard"],"picked":"SKIP","floor":7},{"not_picked":["Turbo","Redo"],"picked":"Hologram","floor":11},{"not_picked":["Lockon","Recycle"],"picked":"FTL","floor":13},{"not_picked":["Rebound","Consume"],"picked":"Leap+1","floor":18},{"not_picked":["Rip and Tear+1","Compile Driver"],"picked":"Cold Snap","floor":20}],"player_experience":218040,"relics_obtained":[{"floor":9,"key":"Lantern"}],"event_choices":[{"damage_healed":0,"gold_gain":0,"player_choice":"Grow","damage_taken":0,"max_hp_gain":0,"max_hp_loss":0,"event_name":"Living Wall","floor":2,"gold_loss":0,"cards_upgraded":["Zap"]},{"damage_healed":0,"gold_gain":0,"player_choice":"Gave Potion","damage_taken":0,"relics_obtained":["Bag of Marbles"],"max_hp_gain":0,"max_hp_loss":0,"event_name":"WeMeetAgain","floor":5,"gold_loss":0},{"damage_healed":0,"gold_gain":0,"player_choice":"Donut","damage_taken":0,"max_hp_gain":5,"max_hp_loss":0,"event_name":"Big Fish","floor":14,"gold_loss":0},{"damage_healed":0,"gold_gain":0,"player_choice":"Opened","damage_taken":0,"relics_obtained":["Frozen Egg 2"],"max_hp_gain":0,"max_hp_loss":0,"event_name":"The Mausoleum","floor":19,"gold_loss":0,"cards_obtained":["Writhe"]},{"damage_healed":0,"gold_gain":0,"player_choice":"Obtained Relic","damage_taken":0,"relics_obtained":["Calipers"],"max_hp_gain":0,"max_hp_loss":0,"event_name":"Addict","floor":21,"gold_loss":85}],"is_beta":false,"boss_relics":[{"not_picked":["Runic Dome","Velvet Choker"],"picked":"Cursed Key"}],"items_purged_floors":[4,12],"is_endless":false,"potions_floor_spawned":[3,11,16,18],"killed_by":"Centurion and Healer","ascension_level":1}