{"gold_per_floor":[113,124,49,61,236,268,268,268,295,306,317,336,336,366,366,467,467,479,495,495,495,495],"floor_reached":22,"playtime":813,"items_purged":["Dualcast"],"score":188,"play_id":"e8c822f3-89d1-4ce5-becd-0ca3e1ccff16","local_time":"20190721171203","is_ascension_mode":false,"campfire_choices":[{"floor":7,"key":"REST"},{"floor":13,"key":"REST"},{"floor":15,"key":"REST"}],"neow_cost":"NONE","seed_source_timestamp":579168523980005,"circlet_count":0,"master_deck":["Strike_B+1","Strike_B","Strike_B","Strike_B","Defend_B","Defend_B","Defend_B","Defend_B","Zap+1","Reinforced Body+1","Double Energy","Gash","Doubt","Streamline+1","Streamline","All For One","BootSequence"],"relics":["Cracked Core","NeowsBlessing","Art of War","Whetstone","Shuriken","Inserter","MutagenicStrength"],"potions_floor_usage":[6,18,20],"damage_taken":[{"damage":0,"enemies":"Cultist","floor":1,"turns":1},{"damage":0,"enemies":"2 Louse","floor":2,"turns":1},{"damage":0,"enemies":"Jaw Worm","floor":4,"turns":1},{"damage":33,"enemies":"3 Sentries","floor":6,"turns":9},{"damage":1,"enemies":"Exordium Wildlife","floor":10,"turns":2},{"damage":17,"enemies":"Exordium Thugs","floor":11,"turns":4},{"damage":5,"enemies":"Gremlin Gang","floor":12,"turns":6},{"damage":68,"enemies":"Slime Boss","floor":16,"turns":12},{"damage":15,"enemies":"Shell Parasite","floor":18,"turns":5},{"damage":32,"enemies":"3 Byrds","floor":19,"turns":6},{"damage":0,"enemies":"Centurion and Healer","floor":20,"turns":1},{"damage":33,"enemies":"Cultist and Chosen","floor":22,"turns":4}],"seed_played":"-5169645573017475393","potions_obtained":[{"floor":4,"key":"SteroidPotion"},{"floor":12,"key":"Poison Potion"},{"floor":16,"key":"SmokeBomb"}],"is_trial":false,"path_per_floor":["M","M","$","M","?","E","R","?","T","M","M","M","R","?","R","B",null,"M","M","M","?","M"],"character_chosen":"DEFECT","items_purchased":[],"campfire_rested":3,"item_purchase_floors":[],"current_hp_per_floor":[75,75,75,75,75,42,64,49,49,48,31,26,48,48,70,2,75,60,28,28,28,0],"gold":495,"neow_bonus":"THREE_ENEMY_KILL","is_prod":false,"is_daily":false,"chose_seed":false,"campfire_upgraded":0,"win_rate":0.0,"timestamp":1563743523,"path_taken":["M","M","$","M","?","E","R","?","T","M","M","M","R","?","R","BOSS","M","M","M","?","M"],"build_version":"2019-07-17","purchased_purges":1,"victory":false,"max_hp_per_floor":[75,75,75,75,75,75,75,75,75,75,75,75,75,75,75,75,75,75,75,75,75,75],"card_choices":[{"not_picked":["Stack","Static Discharge"],"picked":"Reinforced Body","floor":1},{"not_picked":["Barrage","Hologram"],"picked":"Double Energy","floor":2},{"not_picked":["Beam Cell","Storm"],"picked":"Gash","floor":4},{"not_picked":["Biased Cognition","Glacier"],"picked":"Streamline","floor":6},{"not_picked":["Steam","Blizzard"],"picked":"Streamline","floor":10},{"not_picked":["Cold Snap","Glacier","Hello World"],"picked":"SKIP","floor":11},{"not_picked":["Blizzard","Amplify","Glacier"],"picked":"SKIP","floor":12},{"not_picked":["Multi-Cast","Creative AI"],"picked":"All For One","floor":16},{"not_picked":["Capacitor","Compile Driver","Lockon"],"picked":"SKIP","floor":18},{"not_picked":["Barrage","Static Discharge"],"picked":"BootSequence","floor":19}],"player_experience":81552,"relics_obtained":[{"floor":6,"key":"Art of War"},{"floor":9,"key":"Whetstone"}],"event_choices":[{"damage_healed":0,"gold_gain":175,"player_choice":"AGREE","damage_taken":0,"max_hp_gain":0,"max_hp_loss":0,"event_name":"Liars Game","floor":5,"gold_loss":0,"cards_obtained":["Doubt"]},{"damage_healed":0,"gold_gain":0,"player_choice":"Entered Light","damage_taken":15,"max_hp_gain":0,"max_hp_loss":0,"event_name":"Shining Light","floor":8,"gold_loss":0,"cards_upgraded":["Reinforced Body","Zap"]},{"damage_healed":0,"gold_gain":30,"player_choice":"Searched \u00273\u0027 times","damage_taken":0,"relics_obtained":["Shuriken"],"max_hp_gain":0,"max_hp_loss":0,"event_name":"Dead Adventurer","floor":14,"gold_loss":0},{"damage_healed":0,"gold_gain":0,"player_choice":"Inject Mutagens","damage_taken":0,"relics_obtained":["MutagenicStrength"],"max_hp_gain":0,"max_hp_loss":0,"event_name":"Drug Dealer","floor":21,"gold_loss":0}],"is_beta":false,"boss_relics":[{"not_picked":["Calling Bell","Runic Pyramid"],"picked":"Inserter"}],"items_purged_floors":[3],"is_endless":false,"potions_floor_spawned":[4,12,16,20],"killed_by":"Cultist and Chosen","ascension_level":0}