{"gold_per_floor":[109,109,109,129,129,129,164,164,164,178,206,206,218,63,63,63],"floor_reached":16,"playtime":693,"items_purged":[],"score":108,"play_id":"888f5eaf-9056-420c-a5dc-54419473775b","local_time":"20190708184107","is_ascension_mode":false,"campfire_choices":[{"floor":6,"key":"REST"},{"floor":8,"key":"REST"},{"data":"Searing Blow","floor":12,"key":"SMITH"},{"floor":15,"key":"REST"}],"neow_cost":"PERCENT_DAMAGE","seed_source_timestamp":8281402487498,"circlet_count":0,"master_deck":["Strike_R","Strike_R","Strike_R","Strike_R","Strike_R","Defend_R","Defend_R","Defend_R","Bash","Finesse+1","Master of Strategy","Pommel Strike","Double Tap","Searing Blow+1","Dual Wield"],"relics":["Burning Blood","Sundial","Matryoshka","Happy Flower","Ancient Tea Set"],"potions_floor_usage":[16,16,16],"damage_taken":[{"damage":11,"enemies":"Jaw Worm","floor":1,"turns":3},{"damage":7,"enemies":"2 Louse","floor":4,"turns":2},{"damage":51,"enemies":"Lagavulin","floor":7,"turns":8},{"damage":2,"enemies":"Cultist","floor":10,"turns":3},{"damage":12,"enemies":"Gremlin Nob","floor":11,"turns":4},{"damage":20,"enemies":"Looter","floor":13,"turns":3},{"damage":54,"enemies":"Hexaghost","floor":16,"turns":9}],"seed_played":"-8970324438660526412","potions_obtained":[{"floor":4,"key":"EssenceOfSteel"},{"floor":7,"key":"Poison Potion"},{"floor":11,"key":"Explosive Potion"},{"floor":13,"key":"Fire Potion"}],"is_trial":false,"path_per_floor":["M","?","?","M","?","R","E","R","T","M","E","R","M","$","R","B"],"character_chosen":"IRONCLAD","items_purchased":["Ancient Tea Set"],"campfire_rested":3,"item_purchase_floors":[14],"current_hp_per_floor":[51,51,51,50,42,66,21,45,45,49,43,43,29,29,53,0],"gold":63,"neow_bonus":"RANDOM_COLORLESS_2","is_prod":false,"is_daily":false,"chose_seed":false,"campfire_upgraded":1,"win_rate":0.0,"timestamp":1562629267,"path_taken":["M","?","?","?","?","R","E","R","T","M","E","R","?","$","R","BOSS"],"build_version":"2019-07-05","purchased_purges":0,"victory":false,"max_hp_per_floor":[80,80,80,80,80,80,80,80,80,80,80,80,80,80,80,80],"card_choices":[{"not_picked":["Reckless Charge","Headbutt"],"picked":"Pommel Strike","floor":1},{"not_picked":["Warcry","Reckless Charge","Spot Weakness"],"picked":"SKIP","floor":4},{"not_picked":["Warcry","Shrug It Off"],"picked":"Double Tap","floor":7},{"not_picked":["Clothesline","Iron Wave"],"picked":"Searing Blow","floor":10},{"not_picked":["Juggernaut","Corruption","Inflame"],"picked":"SKIP","floor":11},{"not_picked":["True Grit","Shrug It Off"],"picked":"Dual Wield","floor":13}],"player_experience":20598,"relics_obtained":[{"floor":7,"key":"Sundial"},{"floor":9,"key":"Matryoshka"},{"floor":11,"key":"Happy Flower"}],"event_choices":[{"cards_removed":["Defend_R"],"damage_healed":0,"gold_gain":0,"player_choice":"Forget","damage_taken":0,"max_hp_gain":0,"max_hp_loss":0,"event_name":"Living Wall","floor":2,"gold_loss":0},{"damage_healed":0,"gold_gain":0,"player_choice":"Upgraded","damage_taken":0,"max_hp_gain":0,"max_hp_loss":0,"event_name":"Upgrade Shrine","floor":3,"gold_loss":0,"cards_upgraded":["Finesse"]},{"damage_healed":0,"gold_gain":0,"player_choice":"Damaged","damage_taken":8,"max_hp_gain":0,"max_hp_loss":0,"event_name":"Wheel of Change","floor":5,"gold_loss":0}],"is_beta":false,"boss_relics":[],"items_purged_floors":[],"is_endless":false,"potions_floor_spawned":[4,7,11,13],"killed_by":"Hexaghost","ascension_level":0}