{"gold_per_floor":[116,116,116,22,41,68,82,82],"floor_reached":8,"playtime":1534,"items_purged":[],"score":67,"play_id":"157c8064-911d-4dc8-9ff2-c53386eb697b","local_time":"20190618085528","is_ascension_mode":true,"campfire_choices":[],"neow_cost":"TEN_PERCENT_HP_LOSS","seed_source_timestamp":1189791403355800,"circlet_count":0,"master_deck":["Strike_R","Strike_R+1","Strike_R","Strike_R+1","Strike_R","Defend_R","Defend_R","Defend_R","Defend_R","Bash","Battle Trance","Corruption","Uppercut","Burning Pact","Armaments","Iron Wave"],"relics":["Burning Blood","Peace Pipe","The Courier","Omamori"],"potions_floor_usage":[8],"damage_taken":[{"damage":4,"enemies":"2 Louse","floor":1,"turns":4},{"damage":10,"enemies":"Small Slimes","floor":5,"turns":4},{"damage":46,"enemies":"Lagavulin","floor":6,"turns":7},{"damage":4,"enemies":"Jaw Worm","floor":7,"turns":4},{"damage":22,"enemies":"Gremlin Nob","floor":8,"turns":3}],"seed_played":"-4521872527106135558","potions_obtained":[{"floor":1,"key":"Strength Potion"}],"is_trial":false,"path_per_floor":["M","?","?","$","M","E","M","E"],"character_chosen":"IRONCLAD","items_purchased":["Corruption","Uppercut"],"campfire_rested":0,"item_purchase_floors":[4,4],"current_hp_per_floor":[72,58,51,51,47,7,9,0],"gold":82,"neow_bonus":"ONE_RARE_RELIC","is_prod":false,"is_daily":false,"chose_seed":false,"campfire_upgraded":0,"win_rate":0,"timestamp":1560844528,"path_taken":["M","?","?","?","M","E","M","E"],"build_version":"2019-01-23","purchased_purges":0,"victory":false,"max_hp_per_floor":[72,72,72,72,72,72,72,72],"card_choices":[{"not_picked":["Flex","Rage"],"picked":"Battle Trance","floor":1},{"not_picked":["Power Through","Pommel Strike"],"picked":"Burning Pact","floor":5},{"not_picked":["Blood for Blood","Sever Soul"],"picked":"Armaments","floor":6},{"not_picked":["Clothesline","Cleave"],"picked":"Iron Wave","floor":7}],"player_experience":741382,"relics_obtained":[{"floor":6,"key":"Omamori"}],"event_choices":[{"damage_healed":0,"gold_gain":0,"player_choice":"Entered Light","damage_taken":14,"max_hp_gain":0,"max_hp_loss":0,"event_name":"Shining Light","floor":2,"gold_loss":0,"cards_upgraded":["Strike_R","Strike_R"]},{"damage_healed":0,"gold_gain":0,"player_choice":"Success","damage_taken":7,"relics_obtained":["The Courier"],"max_hp_gain":0,"max_hp_loss":0,"event_name":"Scrap Ooze","floor":3,"gold_loss":0}],"is_beta":false,"boss_relics":[],"items_purged_floors":[],"is_endless":false,"potions_floor_spawned":[1],"killed_by":"Gremlin Nob","ascension_level":4}