{"gold_per_floor":[110,110,126,126,141,168,168,195,195,205,205,205,205,20,20,115,115,127,127,137,147,166,193,193,193,193,85,85,17,37,53,53,158,158,176,176],"floor_reached":36,"playtime":2353,"items_purged":["Strike_G"],"score":392,"play_id":"b557758e-20fe-443d-8953-8d06f30cffe1","local_time":"20190710032340","is_ascension_mode":false,"campfire_choices":[{"data":"Footwork","floor":7,"key":"SMITH"},{"data":"Footwork","floor":11,"key":"SMITH"},{"data":"Terror","floor":13,"key":"SMITH"},{"data":"Apotheosis","floor":15,"key":"SMITH"},{"data":"Strike_G","floor":24,"key":"PURGE"},{"data":"Defend_G","floor":28,"key":"PURGE"},{"data":"Strike_G","floor":32,"key":"PURGE"}],"neow_cost":"NONE","seed_source_timestamp":34334741214142,"circlet_count":0,"master_deck":["Strike_G","Strike_G+1","Defend_G+1","Defend_G","Defend_G","Defend_G","Survivor","Neutralize","Flying Knee","Terror+1","Footwork+1","Flying Knee","Footwork+1","Sucker Punch","Apotheosis+1","Venomology","Deflect","Sucker Punch","Caltrops","Dash","Slice","Calculated Gamble+1"],"relics":["Ring of the Snake","NeowsBlessing","Sundial","Shuriken","Tough Bandages","Singing Bowl","Busted Crown","Bronze Scales","Peace Pipe","Bottled Lightning","PreservedInsect","Fusion Hammer"],"potions_floor_usage":[6,16,22,22,31,31,31,33,33,36],"damage_taken":[{"damage":0,"enemies":"Cultist","floor":1,"turns":1},{"damage":0,"enemies":"Jaw Worm","floor":3,"turns":1},{"damage":0,"enemies":"2 Louse","floor":5,"turns":1},{"damage":18,"enemies":"Lagavulin","floor":6,"turns":6},{"damage":16,"enemies":"Gremlin Nob","floor":8,"turns":4},{"damage":0,"enemies":"2 Fungi Beasts","floor":10,"turns":3},{"damage":16,"enemies":"The Guardian","floor":16,"turns":8},{"damage":4,"enemies":"Spheric Guardian","floor":18,"turns":5},{"damage":0,"enemies":"3 Byrds","floor":20,"turns":3},{"damage":2,"enemies":"Sentry and Sphere","floor":21,"turns":6},{"damage":11,"enemies":"Snecko","floor":22,"turns":5},{"damage":7,"enemies":"Book of Stabbing","floor":23,"turns":5},{"damage":3,"enemies":"3 Cultists","floor":30,"turns":5},{"damage":0,"enemies":"Centurion and Healer","floor":31,"turns":6},{"damage":10,"enemies":"Champ","floor":33,"turns":10},{"damage":0,"enemies":"Orb Walker","floor":35,"turns":3},{"damage":81,"enemies":"2 Orb Walkers","floor":36,"turns":4}],"seed_played":"-14030969456095223","potions_obtained":[{"floor":1,"key":"Block Potion"},{"floor":5,"key":"Poison Potion"},{"floor":16,"key":"Strength Potion"},{"floor":20,"key":"Block Potion"},{"floor":23,"key":"SteroidPotion"},{"floor":30,"key":"AttackPotion"},{"floor":31,"key":"AttackPotion"}],"is_trial":false,"path_per_floor":["M","T","M","?","M","E","R","E","T","M","R","?","R","$","R","B",null,"M","?","M","M","M","E","R","T","T","$","R","$","M","M","R","B",null,"M","?"],"character_chosen":"THE_SILENT","items_purchased":["Sucker Punch","Apotheosis","Caltrops","Dash"],"campfire_rested":0,"item_purchase_floors":[14,14,27,29],"current_hp_per_floor":[70,70,70,56,56,38,38,22,22,22,22,45,45,45,45,29,70,68,68,68,66,57,50,50,50,50,50,50,50,49,49,49,41,78,78,0],"gold":176,"neow_bonus":"THREE_ENEMY_KILL","is_prod":false,"is_daily":false,"chose_seed":false,"campfire_upgraded":4,"win_rate":0.0,"timestamp":1562747020,"path_taken":["M","?","?","?","M","E","R","E","T","M","R","?","R","$","R","BOSS","M","?","?","?","M","E","R","?","T","$","R","$","M","?","R","BOSS","M","?"],"build_version":"2019-07-05","purchased_purges":1,"victory":false,"max_hp_per_floor":[70,70,70,70,70,70,70,70,70,70,70,70,70,70,70,70,70,72,72,72,72,74,74,74,74,74,74,74,74,76,76,76,78,78,78,78],"card_choices":[{"not_picked":["Catalyst","Eviscerate"],"picked":"Flying Knee","floor":1},{"not_picked":["Underhanded Strike","Dagger Spray"],"picked":"Terror","floor":3},{"not_picked":["Acrobatics","Dagger Spray"],"picked":"Footwork","floor":5},{"not_picked":["Prepared","PiercingWail"],"picked":"Flying Knee","floor":6},{"not_picked":["Deadly Poison","Dodge and Roll","Riddle With Holes"],"picked":"SKIP","floor":8},{"not_picked":["Backflip","Dagger Spray"],"picked":"Footwork","floor":10},{"not_picked":["Corpse Explosion","Bullet Time"],"picked":"Venomology","floor":16},{"not_picked":["Tactician+1"],"picked":"Singing Bowl","floor":18},{"not_picked":[],"picked":"Deflect","floor":20},{"not_picked":["Leg Sweep"],"picked":"SKIP","floor":21},{"not_picked":["Bane+1"],"picked":"Singing Bowl","floor":22},{"not_picked":[],"picked":"Sucker Punch","floor":23},{"not_picked":["Blur"],"picked":"Singing Bowl","floor":30},{"not_picked":[],"picked":"Slice","floor":31},{"not_picked":["Wraith Form v2"],"picked":"Singing Bowl","floor":33},{"not_picked":[],"picked":"Calculated Gamble+1","floor":35}],"player_experience":74832,"relics_obtained":[{"floor":2,"key":"Sundial"},{"floor":6,"key":"Shuriken"},{"floor":8,"key":"Tough Bandages"},{"floor":9,"key":"Singing Bowl"},{"floor":23,"key":"Peace Pipe"},{"floor":25,"key":"Bottled Lightning"},{"floor":26,"key":"PreservedInsect"}],"event_choices":[{"damage_healed":0,"gold_gain":0,"player_choice":"Entered Light","damage_taken":14,"max_hp_gain":0,"max_hp_loss":0,"event_name":"Shining Light","floor":4,"gold_loss":0,"cards_upgraded":["Strike_G","Defend_G"]},{"damage_healed":23,"gold_gain":0,"player_choice":"Banana","damage_taken":0,"max_hp_gain":0,"max_hp_loss":0,"event_name":"Big Fish","floor":12,"gold_loss":0},{"damage_healed":0,"gold_gain":0,"player_choice":"Gave Potion","damage_taken":0,"relics_obtained":["Bronze Scales"],"max_hp_gain":0,"max_hp_loss":0,"event_name":"WeMeetAgain","floor":19,"gold_loss":0},{"damage_healed":0,"gold_gain":0,"player_choice":"Fight","damage_taken":0,"max_hp_gain":0,"max_hp_loss":0,"event_name":"Mysterious Sphere","floor":36,"gold_loss":0}],"is_beta":false,"boss_relics":[{"not_picked":["Runic Dome","Empty Cage"],"picked":"Busted Crown"},{"not_picked":["Coffee Dripper","Philosopher\u0027s Stone"],"picked":"Fusion Hammer"}],"items_purged_floors":[27],"is_endless":false,"potions_floor_spawned":[1,5,16,20,23,30,31],"killed_by":"2 Orb Walkers","ascension_level":0}