{"gold_per_floor":[218,218,235,235,27,102,135,310,335,347,365,365,390,163,163,265,265,277,297,141,141,56,86,86,115,115,131,131,159,159,24,24,126,126,138,138,163,163,183,209,228,228,228,228,253,263,15,15,15,15],"floor_reached":51,"playtime":3871,"items_purged":["Doubt"],"score":1101,"play_id":"f343e730-5b04-4b88-ab3d-a20fc52f48f7","local_time":"20190702195526","is_ascension_mode":true,"campfire_choices":[{"floor":15,"key":"REST"},{"floor":24,"key":"REST"},{"floor":30,"key":"REST"},{"data":"Dark Embrace","floor":32,"key":"SMITH"},{"floor":42,"key":"REST"},{"floor":44,"key":"REST"},{"floor":49,"key":"REST"}],"neow_cost":"NONE","seed_source_timestamp":265395778856700,"circlet_count":0,"master_deck":["Strike_R+1","Strike_R+1","Strike_R+1","Strike_R+1","Defend_R+1","Defend_R+1","Defend_R+1","Defend_R+1","Bash+1","Whirlwind+1","Rage","Dramatic Entrance","Dropkick","Flame Barrier","Dark Embrace+1","Warcry","Demon Form","Rampage","Flame Barrier","Uppercut","Corruption","Discovery","Impervious","Body Slam","Bash","Sentinel","Havoc","Armaments+1","Body Slam+1","Rampage+1","Intimidate+1"],"relics":["Burning Blood","Tiny Chest","Meat on the Bone","Art of War","Bag of Preparation","Lizard Tail","Ancient Tea Set","Vajra","Omamori","Happy Flower","Darkstone Periapt","Question Card","Gremlin Horn","Runic Pyramid","Bag of Marbles","Self Forming Clay","The Courier","Ginger","Regal Pillow","Juzu Bracelet"],"potions_floor_usage":[16,19,19,23,29,33,40,46,50],"damage_taken":[{"damage":13,"enemies":"Jaw Worm","floor":1,"turns":4},{"damage":0,"enemies":"Small Slimes","floor":3,"turns":2},{"damage":22,"enemies":"3 Sentries","floor":7,"turns":5},{"damage":7,"enemies":"2 Louse","floor":10,"turns":2},{"damage":4,"enemies":"Large Slime","floor":11,"turns":7},{"damage":28,"enemies":"Gremlin Nob","floor":13,"turns":4},{"damage":29,"enemies":"Slime Boss","floor":16,"turns":8},{"damage":21,"enemies":"Shell Parasite","floor":18,"turns":6},{"damage":26,"enemies":"Spheric Guardian","floor":19,"turns":7},{"damage":39,"enemies":"Slavers","floor":23,"turns":5},{"damage":61,"enemies":"Book of Stabbing","floor":25,"turns":6},{"damage":2,"enemies":"Snecko","floor":27,"turns":3},{"damage":33,"enemies":"Slavers","floor":29,"turns":4},{"damage":36,"enemies":"Champ","floor":33,"turns":10},{"damage":20,"enemies":"3 Shapes","floor":35,"turns":7},{"damage":0,"enemies":"Orb Walker","floor":39,"turns":2},{"damage":51,"enemies":"Nemesis","floor":40,"turns":7},{"damage":29,"enemies":"Spire Growth","floor":41,"turns":6},{"damage":0,"enemies":"Reptomancer","floor":45,"turns":5},{"damage":71,"enemies":"3 Darklings","floor":46,"turns":6},{"damage":10,"enemies":"Time Eater","floor":50,"turns":6}],"seed_played":"7203748651663871467","potions_obtained":[{"floor":3,"key":"FairyPotion"},{"floor":11,"key":"LiquidBronze"},{"floor":13,"key":"SkillPotion"},{"floor":16,"key":"Dexterity Potion"},{"floor":19,"key":"AttackPotion"},{"floor":25,"key":"FearPotion"},{"floor":29,"key":"EssenceOfSteel"},{"floor":33,"key":"Ancient Potion"},{"floor":40,"key":"SpeedPotion"},{"floor":45,"key":"Weak Potion"},{"floor":46,"key":"Poison Potion"}],"is_trial":false,"path_per_floor":["M","?","M","?","$","?","E","?","T","M","M","?","E","$","R","B",null,"M","M","$","?","?","E","R","E","T","M","T","E","R","$","R","B",null,"M","?","T","?","M","E","M","R","T","R","E","M","$","?","R","B",null],"character_chosen":"IRONCLAD","items_purchased":["Tiny Chest","Dramatic Entrance","Bag of Preparation","Ancient Tea Set","Corruption","Discovery","Regal Pillow","Juzu Bracelet"],"campfire_rested":6,"item_purchase_floors":[5,5,14,20,31,31,47,47],"current_hp_per_floor":[65,58,64,64,64,53,37,37,37,48,50,34,24,24,48,37,69,54,46,46,46,46,25,49,58,58,62,62,47,71,71,71,53,73,59,59,59,59,65,32,21,45,45,69,75,22,22,22,61,57],"gold":15,"neow_bonus":"HUNDRED_GOLD","is_prod":false,"is_daily":false,"chose_seed":false,"campfire_upgraded":1,"win_rate":0,"timestamp":1562093726,"path_taken":["M","?","M","?","$","?","E","?","T","M","M","?","E","$","R","BOSS","M","M","$","?","?","E","R","E","T","M","?","E","R","$","R","BOSS","M","?","?","?","M","E","M","R","T","R","E","?","?","?","R","BOSS"],"build_version":"2019-07-01","purchased_purges":1,"victory":true,"max_hp_per_floor":[80,80,80,80,80,80,80,80,80,80,80,80,80,80,80,80,80,80,80,80,80,80,80,80,80,80,80,80,80,80,80,80,80,80,80,80,80,80,80,80,80,80,80,80,80,80,80,80,80,80],"card_choices":[{"not_picked":["Sword Boomerang","Thunderclap"],"picked":"Whirlwind","floor":1},{"not_picked":["Sentinel","Body Slam"],"picked":"Rage","floor":3},{"not_picked":["Combust","Evolve","Limit Break"],"picked":"SKIP","floor":7},{"not_picked":["Clash","Whirlwind"],"picked":"Disarm","floor":10},{"not_picked":["Pommel Strike","Headbutt"],"picked":"Dropkick","floor":11},{"not_picked":["Clothesline","Wild Strike"],"picked":"Flame Barrier","floor":13},{"not_picked":["Exhume","Brutality"],"picked":"Dark Embrace","floor":16},{"not_picked":["True Grit","Perfected Strike"],"picked":"Wild Strike+1","floor":18},{"not_picked":["True Grit","Body Slam"],"picked":"Warcry","floor":19},{"not_picked":["Feel No Pain","Sword Boomerang"],"picked":"Demon Form","floor":23},{"not_picked":["Cleave+1","True Grit"],"picked":"Rampage","floor":25},{"not_picked":["Pommel Strike","Cleave"],"picked":"Flame Barrier","floor":27},{"not_picked":["Twin Strike+1","Limit Break","Reckless Charge"],"picked":"Uppercut","floor":29},{"not_picked":["Offering","Exhume","Barricade"],"picked":"Impervious","floor":33},{"not_picked":["Seeing Red","Dual Wield","Perfected Strike"],"picked":"Body Slam","floor":35},{"not_picked":["Anger","Clash","Perfected Strike+1"],"picked":"Havoc","floor":39},{"not_picked":["Dual Wield","Twin Strike+1","Sever Soul"],"picked":"Armaments+1","floor":40},{"not_picked":["Inflame","Perfected Strike","True Grit"],"picked":"Body Slam+1","floor":41},{"not_picked":["Burning Pact","Second Wind","Inflame+1"],"picked":"Rampage+1","floor":45},{"not_picked":["Clothesline","Body Slam","Infernal Blade"],"picked":"Intimidate+1","floor":46}],"player_experience":934247,"relics_obtained":[{"floor":7,"key":"Meat on the Bone"},{"floor":13,"key":"Art of War"},{"floor":23,"key":"Omamori"},{"floor":25,"key":"Happy Flower"},{"floor":26,"key":"Darkstone Periapt"},{"floor":28,"key":"Question Card"},{"floor":29,"key":"Gremlin Horn"},{"floor":37,"key":"Bag of Marbles"},{"floor":40,"key":"Self Forming Clay"},{"floor":43,"key":"The Courier"},{"floor":45,"key":"Ginger"}],"event_choices":[{"cards_removed":["Strike_R"],"damage_healed":0,"gold_gain":0,"player_choice":"Card Removal","damage_taken":7,"max_hp_gain":0,"max_hp_loss":0,"event_name":"Golden Wing","floor":2,"gold_loss":0},{"damage_healed":0,"gold_gain":0,"player_choice":"Grow","damage_taken":0,"max_hp_gain":0,"max_hp_loss":0,"event_name":"Living Wall","floor":4,"gold_loss":0,"cards_upgraded":["Whirlwind"]},{"damage_healed":0,"gold_gain":75,"player_choice":"Gather Gold","damage_taken":11,"max_hp_gain":0,"max_hp_loss":0,"event_name":"World of Goop","floor":6,"gold_loss":0},{"damage_healed":0,"gold_gain":175,"player_choice":"AGREE","damage_taken":0,"max_hp_gain":0,"max_hp_loss":0,"event_name":"Liars Game","floor":8,"gold_loss":0,"cards_obtained":["Doubt"]},{"damage_healed":0,"gold_gain":0,"player_choice":"Entered Light","damage_taken":16,"max_hp_gain":0,"max_hp_loss":0,"event_name":"Shining Light","floor":12,"gold_loss":0,"cards_upgraded":["Bash","Defend_R"]},{"damage_healed":0,"gold_gain":0,"player_choice":"Simplicity","damage_taken":0,"max_hp_gain":0,"max_hp_loss":0,"event_name":"Back to Basics","floor":21,"gold_loss":0,"cards_upgraded":["Strike_R","Strike_R","Strike_R","Strike_R","Defend_R","Defend_R","Defend_R"]},{"damage_healed":0,"gold_gain":0,"player_choice":"Obtained Relic","damage_taken":0,"relics_obtained":["Vajra"],"max_hp_gain":0,"max_hp_loss":0,"event_name":"Addict","floor":22,"gold_loss":85},{"cards_removed":["Disarm"],"damage_healed":0,"gold_gain":0,"player_choice":"Removed Skill","damage_taken":0,"max_hp_gain":0,"max_hp_loss":0,"event_name":"Falling","floor":36,"gold_loss":0},{"damage_healed":0,"gold_gain":0,"player_choice":"2 cards matched","damage_taken":0,"max_hp_gain":0,"max_hp_loss":0,"event_name":"Match and Keep!","floor":38,"gold_loss":0,"cards_obtained":["Bash","Sentinel"]},{"cards_removed":["Wild Strike"],"damage_healed":0,"gold_gain":0,"player_choice":"Card Removal","damage_taken":0,"max_hp_gain":0,"max_hp_loss":0,"event_name":"Wheel of Change","floor":48,"gold_loss":0}],"is_beta":false,"boss_relics":[{"not_picked":["Orrery","Ectoplasm"],"picked":"Lizard Tail"},{"not_picked":["Mark of Pain","Snecko Eye"],"picked":"Runic Pyramid"}],"items_purged_floors":[14],"is_endless":false,"potions_floor_spawned":[3,11,13,16,19,25,29,33,40,45,46],"ascension_level":9}