{"gold_per_floor":[15,15,28,28,42,42,61,61,61,36,55,72,85,99,99,195,195,213,213,19,19,29,29,29,29,54,54,64,64,79,91,91,91],"floor_reached":33,"playtime":2285,"items_purged":[],"score":241,"play_id":"e90f2c97-5689-413b-bd17-751474a19b28","local_time":"20190707031515","is_ascension_mode":false,"campfire_choices":[{"data":"Double Tap","floor":6,"key":"SMITH"},{"data":"Whirlwind","floor":8,"key":"SMITH"},{"floor":15,"key":"REST"},{"data":"1","floor":23,"key":"LIFT"},{"data":"RitualDagger","floor":25,"key":"SMITH"},{"data":"Searing Blow","floor":32,"key":"SMITH"}],"neow_cost":"NO_GOLD","seed_source_timestamp":44282041556023,"circlet_count":0,"master_deck":["Strike_R+1","Strike_R+1","Strike_R+1","Strike_R+1","Defend_R+1","Defend_R+1","Defend_R+1","Defend_R+1","Bash","Iron Wave","Whirlwind+1","Double Tap+1","Shrug It Off","Pommel Strike","Cleave","Inflame","Rage","Clash","Ghostly Armor","Anger","RitualDagger+1","Seeing Red","Bash","Enlightenment","Searing Blow+1"],"relics":["Burning Blood","Girya","Velvet Choker","Toolbox","Lantern"],"potions_floor_usage":[33,33,33],"damage_taken":[{"damage":11,"enemies":"Jaw Worm","floor":1,"turns":5},{"damage":0,"enemies":"2 Louse","floor":3,"turns":3},{"damage":1,"enemies":"Cultist","floor":5,"turns":3},{"damage":0,"enemies":"Lots of Slimes","floor":7,"turns":1},{"damage":7,"enemies":"Looter","floor":11,"turns":3},{"damage":28,"enemies":"Exordium Wildlife","floor":12,"turns":3},{"damage":20,"enemies":"Red Slaver","floor":13,"turns":4},{"damage":10,"enemies":"Looter","floor":14,"turns":2},{"damage":25,"enemies":"Slime Boss","floor":16,"turns":6},{"damage":4,"enemies":"2 Thieves","floor":18,"turns":2},{"damage":0,"enemies":"Chosen","floor":22,"turns":3},{"damage":21,"enemies":"Snake Plant","floor":28,"turns":3},{"damage":22,"enemies":"Sentry and Sphere","floor":30,"turns":5},{"damage":9,"enemies":"Snecko","floor":31,"turns":3},{"damage":62,"enemies":"Collector","floor":33,"turns":7}],"seed_played":"-8936823341528930115","potions_obtained":[{"floor":3,"key":"AttackPotion"},{"floor":11,"key":"Swift Potion"},{"floor":14,"key":"GamblersBrew"},{"floor":16,"key":"BloodPotion"},{"floor":18,"key":"Fire Potion"}],"is_trial":false,"path_per_floor":["M","?","M","?","M","R","M","R","T","$","M","M","M","M","R","B",null,"M","?","$","?","M","R","?","R","T","?","M","?","M","M","R","B"],"character_chosen":"IRONCLAD","items_purchased":["Cleave","Toolbox"],"campfire_rested":1,"item_purchase_floors":[10,20],"current_hp_per_floor":[75,75,80,80,80,80,80,80,80,80,79,57,43,39,63,44,80,80,80,80,80,80,80,74,74,74,74,59,59,43,40,40,0],"gold":91,"neow_bonus":"THREE_RARE_CARDS","is_prod":false,"is_daily":false,"chose_seed":false,"campfire_upgraded":4,"win_rate":0.0,"timestamp":1562487315,"path_taken":["M","?","M","?","M","R","M","R","T","$","M","?","?","M","R","BOSS","M","?","$","?","?","R","?","R","T","?","M","?","M","M","R","BOSS"],"build_version":"2019-07-05","purchased_purges":0,"victory":false,"max_hp_per_floor":[80,80,80,80,80,80,80,80,80,80,80,80,80,80,80,80,80,80,80,80,80,80,80,80,80,80,80,80,80,80,80,80,80],"card_choices":[{"not_picked":["Reaper","Feed"],"picked":"Offering","floor":0},{"not_picked":["Perfected Strike","Pummel"],"picked":"Iron Wave","floor":1},{"not_picked":["Entrench","Sword Boomerang"],"picked":"Whirlwind","floor":3},{"not_picked":["True Grit","Sever Soul"],"picked":"Shrug It Off","floor":5},{"not_picked":["Rupture","Shockwave"],"picked":"Pommel Strike","floor":7},{"not_picked":["Clash","Iron Wave"],"picked":"Inflame","floor":11},{"not_picked":["Headbutt","Pommel Strike"],"picked":"Rage","floor":12},{"not_picked":["Twin Strike","Heavy Blade"],"picked":"Clash","floor":13},{"not_picked":["Pommel Strike","Twin Strike"],"picked":"Ghostly Armor","floor":14},{"not_picked":["Iron Wave","Twin Strike+1"],"picked":"Anger","floor":18},{"not_picked":["Heavy Blade","Sever Soul","Shrug It Off"],"picked":"SKIP","floor":22},{"not_picked":["Anger","Rage"],"picked":"Seeing Red","floor":28},{"not_picked":["Thunderclap","True Grit","Shockwave"],"picked":"SKIP","floor":30},{"not_picked":["Headbutt+1","Body Slam+1"],"picked":"Searing Blow","floor":31}],"player_experience":8954,"relics_obtained":[{"floor":9,"key":"Girya"},{"floor":26,"key":"Lantern"}],"event_choices":[{"cards_removed":["Offering"],"damage_healed":0,"gold_gain":0,"player_choice":"Forget","damage_taken":0,"max_hp_gain":0,"max_hp_loss":0,"event_name":"Living Wall","floor":2,"gold_loss":0},{"damage_healed":0,"gold_gain":0,"cards_transformed":["Strike_R"],"player_choice":"Transformed","damage_taken":0,"max_hp_gain":0,"max_hp_loss":0,"event_name":"Transmorgrifier","floor":4,"gold_loss":0,"cards_obtained":["Double Tap"]},{"damage_healed":0,"gold_gain":0,"player_choice":"Simplicity","damage_taken":0,"max_hp_gain":0,"max_hp_loss":0,"event_name":"Back to Basics","floor":19,"gold_loss":0,"cards_upgraded":["Strike_R","Strike_R","Strike_R","Strike_R","Defend_R","Defend_R","Defend_R","Defend_R"]},{"damage_healed":0,"gold_gain":0,"player_choice":"Got Potions","damage_taken":0,"max_hp_gain":0,"max_hp_loss":0,"event_name":"Lab","floor":21,"gold_loss":0},{"damage_healed":0,"gold_gain":0,"player_choice":"Joined the Cult","damage_taken":6,"max_hp_gain":0,"max_hp_loss":0,"event_name":"Nest","floor":24,"gold_loss":0,"cards_obtained":["RitualDagger"]},{"damage_healed":0,"gold_gain":0,"player_choice":"Ignored","damage_taken":0,"max_hp_gain":0,"max_hp_loss":0,"event_name":"Vampires","floor":27,"gold_loss":0},{"damage_healed":0,"gold_gain":0,"player_choice":"2 cards matched","damage_taken":0,"max_hp_gain":0,"max_hp_loss":0,"event_name":"Match and Keep!","floor":29,"gold_loss":0,"cards_obtained":["Bash","Enlightenment"]}],"is_beta":false,"boss_relics":[{"not_picked":["Runic Dome","Calling Bell"],"picked":"Velvet Choker"}],"items_purged_floors":[],"is_endless":false,"potions_floor_spawned":[3,11,14,16,18,30,31],"killed_by":"Collector","ascension_level":0}