{"gold_per_floor":[118,128,142,67,86,99,99,134,134,134,150,150,164,184,184,184],"floor_reached":16,"playtime":761,"items_purged":["Dualcast"],"score":106,"play_id":"6018caaf-6309-4726-b56b-84e387f99f93","local_time":"20190721150342","is_ascension_mode":false,"campfire_choices":[{"data":"Fusion","floor":7,"key":"SMITH"},{"floor":15,"key":"REST"}],"neow_cost":"NONE","seed_source_timestamp":571519352612718,"circlet_count":0,"master_deck":["Strike_B","Strike_B","Strike_B","Strike_B","Defend_B","Defend_B","Defend_B","Defend_B","Zap","Static Discharge","Chill+1","Fusion+1","Hologram","Reinforced Body","Streamline+1","Rebound"],"relics":["Cracked Core","NeowsBlessing","Bird Faced Urn","Matryoshka"],"potions_floor_usage":[16,16],"damage_taken":[{"damage":0,"enemies":"Jaw Worm","floor":1,"turns":1},{"damage":0,"enemies":"Cultist","floor":2,"turns":1},{"damage":0,"enemies":"Small Slimes","floor":3,"turns":1},{"damage":12,"enemies":"Red Slaver","floor":5,"turns":4},{"damage":9,"enemies":"Large Slime","floor":6,"turns":7},{"damage":40,"enemies":"3 Sentries","floor":8,"turns":8},{"damage":2,"enemies":"2 Fungi Beasts","floor":11,"turns":7},{"damage":4,"enemies":"Exordium Wildlife","floor":13,"turns":5},{"damage":0,"enemies":"3 Louse","floor":14,"turns":4},{"damage":37,"enemies":"The Guardian","floor":16,"turns":8}],"seed_played":"3688357622168996660","potions_obtained":[{"floor":1,"key":"Strength Potion"},{"floor":5,"key":"Energy Potion"},{"floor":8,"key":"SpeedPotion"},{"floor":11,"key":"Swift Potion"},{"floor":13,"key":"Explosive Potion"}],"is_trial":false,"path_per_floor":["M","M","M","$","M","M","R","E","T","?","M","?","M","M","R","B"],"character_chosen":"DEFECT","items_purchased":[],"campfire_rested":1,"item_purchase_floors":[],"current_hp_per_floor":[75,75,75,75,63,54,54,14,14,14,14,14,12,12,34,0],"gold":184,"neow_bonus":"THREE_ENEMY_KILL","is_prod":false,"is_daily":false,"chose_seed":false,"campfire_upgraded":1,"win_rate":0.0,"timestamp":1563735822,"path_taken":["M","M","M","$","M","M","R","E","T","?","?","?","M","M","R","BOSS"],"build_version":"2019-07-17","purchased_purges":1,"victory":false,"max_hp_per_floor":[75,75,75,75,75,75,75,75,75,75,75,75,75,75,75,75],"card_choices":[{"not_picked":["Stack","Gash"],"picked":"Static Discharge","floor":1},{"not_picked":["Aggregate","Compile Driver"],"picked":"Chill","floor":2},{"not_picked":["Force Field","Capacitor"],"picked":"Fusion","floor":3},{"not_picked":["Ball Lightning","Genetic Algorithm"],"picked":"Hologram","floor":5},{"not_picked":["Melter","Barrage","Stack"],"picked":"SKIP","floor":6},{"not_picked":["Sweeping Beam","Gash"],"picked":"Reinforced Body","floor":8},{"not_picked":["Glacier","Redo"],"picked":"Streamline","floor":11},{"not_picked":["Go for the Eyes","Blizzard"],"picked":"Rebound","floor":13},{"not_picked":["Storm","Compile Driver","Capacitor"],"picked":"SKIP","floor":14}],"player_experience":74299,"relics_obtained":[{"floor":8,"key":"Bird Faced Urn"},{"floor":9,"key":"Matryoshka"}],"event_choices":[{"damage_healed":0,"gold_gain":0,"player_choice":"Forge","damage_taken":0,"max_hp_gain":0,"max_hp_loss":0,"event_name":"Accursed Blacksmith","floor":10,"gold_loss":0,"cards_upgraded":["Chill"]},{"damage_healed":0,"gold_gain":0,"player_choice":"Upgraded","damage_taken":0,"max_hp_gain":0,"max_hp_loss":0,"event_name":"Upgrade Shrine","floor":12,"gold_loss":0,"cards_upgraded":["Streamline"]}],"is_beta":false,"boss_relics":[],"items_purged_floors":[4],"is_endless":false,"potions_floor_spawned":[1,5,8,11,13],"killed_by":"The Guardian","ascension_level":0}