{"gold_per_floor":[119,136,86,86,86,120,120,120,192,192,141,141,162,162,162,162],"floor_reached":16,"playtime":790,"items_purged":[],"score":96,"play_id":"c92f86b8-0893-4ecc-b802-2a4e1b832d9a","local_time":"20190710212412","is_ascension_mode":false,"campfire_choices":[{"floor":8,"key":"REST"},{"data":"A Thousand Cuts","floor":10,"key":"SMITH"},{"data":"Infinite Blades","floor":12,"key":"SMITH"},{"data":"Outmaneuver","floor":15,"key":"SMITH"}],"neow_cost":"NONE","seed_source_timestamp":21535198383798,"circlet_count":0,"master_deck":["Strike_G+1","Strike_G","Strike_G","Strike_G","Defend_G","Defend_G","Defend_G","Defend_G","Survivor+1","Neutralize","A Thousand Cuts+1","Quick Slash","Infinite Blades+1","Flying Knee","Dagger Throw","Outmaneuver+1"],"relics":["Ring of the Snake","Golden Idol","Bronze Scales","Paper Crane","Pantograph"],"potions_floor_usage":[16],"damage_taken":[{"damage":0,"enemies":"2 Louse","floor":1,"turns":4},{"damage":2,"enemies":"Small Slimes","floor":2,"turns":3},{"damage":40,"enemies":"3 Sentries","floor":6,"turns":6},{"damage":1,"enemies":"Jaw Worm","floor":13,"turns":3},{"damage":42,"enemies":"The Guardian","floor":16,"turns":8}],"seed_played":"3448149769717070155","potions_obtained":[{"floor":13,"key":"Fruit Juice"}],"is_trial":false,"path_per_floor":["M","M","?","?","?","E","?","R","T","R","$","R","M","T","R","B"],"character_chosen":"THE_SILENT","items_purchased":["Dagger Throw"],"campfire_rested":1,"item_purchase_floors":[11],"current_hp_per_floor":[70,68,68,54,54,14,7,26,26,26,26,26,25,25,25,13],"gold":162,"neow_bonus":"ONE_RANDOM_RARE_CARD","is_prod":false,"is_daily":false,"chose_seed":false,"campfire_upgraded":3,"win_rate":0.0,"timestamp":1562811852,"path_taken":["M","M","?","?","?","E","?","R","T","R","$","R","?","?","R","BOSS"],"build_version":"2019-07-05","purchased_purges":0,"victory":false,"max_hp_per_floor":[70,70,70,70,65,65,65,65,65,65,65,65,65,65,65,70],"card_choices":[{"not_picked":["Dodge and Roll","Calculated Gamble"],"picked":"Quick Slash","floor":1},{"not_picked":["Leg Sweep","Expertise"],"picked":"Infinite Blades","floor":2},{"not_picked":["Dodge and Roll","Backflip"],"picked":"Flying Knee","floor":6},{"not_picked":["Acrobatics","Prepared"],"picked":"Outmaneuver","floor":13}],"player_experience":90165,"relics_obtained":[{"floor":6,"key":"Bronze Scales"},{"floor":9,"key":"Paper Crane"},{"floor":14,"key":"Pantograph"}],"event_choices":[{"cards_removed":["Strike_G"],"damage_healed":0,"gold_gain":0,"player_choice":"Card Removal","damage_taken":0,"max_hp_gain":0,"max_hp_loss":0,"event_name":"The Cleric","floor":3,"gold_loss":50},{"damage_healed":0,"gold_gain":0,"player_choice":"Entered Light","damage_taken":14,"max_hp_gain":0,"max_hp_loss":0,"event_name":"Shining Light","floor":4,"gold_loss":0,"cards_upgraded":["Strike_G","Survivor"]},{"damage_healed":0,"gold_gain":0,"player_choice":"Lose Max HP","damage_taken":0,"relics_obtained":["Golden Idol"],"max_hp_gain":0,"max_hp_loss":5,"event_name":"Golden Idol","floor":5,"gold_loss":0},{"cards_removed":["Defend_G"],"damage_healed":0,"gold_gain":0,"player_choice":"Card Removal","damage_taken":7,"max_hp_gain":0,"max_hp_loss":0,"event_name":"Golden Wing","floor":7,"gold_loss":0}],"is_beta":false,"boss_relics":[],"items_purged_floors":[],"is_endless":false,"potions_floor_spawned":[13],"killed_by":"The Guardian","ascension_level":0}