{"gold_per_floor":[112,112,125,145,160,160,185,185,185,195,195,214,233,246,246,341,341,353,353,369,180,199,199],"floor_reached":23,"playtime":1205,"items_purged":["Strike_B"],"score":222,"play_id":"77e64e1b-6ba8-4ef2-92fb-c70d74d05090","local_time":"20190715023719","is_ascension_mode":false,"campfire_choices":[{"data":"Zap","floor":6,"key":"SMITH"},{"data":"Dualcast","floor":8,"key":"SMITH"},{"data":"Go for the Eyes","floor":11,"key":"SMITH"},{"data":"Darkness","floor":15,"key":"SMITH"}],"neow_cost":"NONE","seed_source_timestamp":35436631666292,"circlet_count":0,"master_deck":["Strike_B","Strike_B","Strike_B","Defend_B","Defend_B","Defend_B","Defend_B","Zap+1","Dualcast+1","Rebound","Leap","Go for the Eyes+1","Gash","Darkness+1","Beam Cell","Beam Cell","Gash","Cold Snap","Reboot","Cold Snap","Coolheaded","Gash","Glacier","Conserve Battery","Ball Lightning","Melter+1","Gash","Sunder","Blizzard+1"],"relics":["Cracked Core","NeowsBlessing","Pantograph","Question Card","Orrery"],"potions_floor_usage":[7,13,16,18,20,23],"damage_taken":[{"damage":0,"enemies":"Jaw Worm","floor":1,"turns":1},{"damage":0,"enemies":"Cultist","floor":3,"turns":1},{"damage":0,"enemies":"2 Louse","floor":4,"turns":1},{"damage":0,"enemies":"Large Slime","floor":5,"turns":5},{"damage":4,"enemies":"Gremlin Nob","floor":7,"turns":4},{"damage":15,"enemies":"Lots of Slimes","floor":10,"turns":5},{"damage":11,"enemies":"3 Louse","floor":12,"turns":3},{"damage":0,"enemies":"Exordium Thugs","floor":13,"turns":4},{"damage":9,"enemies":"2 Fungi Beasts","floor":14,"turns":3},{"damage":10,"enemies":"Slime Boss","floor":16,"turns":6},{"damage":0,"enemies":"Chosen","floor":18,"turns":6},{"damage":7,"enemies":"3 Byrds","floor":20,"turns":6},{"damage":19,"enemies":"Snecko","floor":22,"turns":5},{"damage":0,"enemies":"Slavers","floor":23,"turns":1}],"seed_played":"663079260161332452","potions_obtained":[{"floor":2,"key":"Block Potion"},{"floor":2,"key":"Weak Potion"},{"floor":2,"key":"Ancient Potion"},{"floor":5,"key":"GamblersBrew"},{"floor":10,"key":"SkillPotion"},{"floor":13,"key":"EssenceOfSteel"},{"floor":16,"key":"EssenceOfSteel"},{"floor":20,"key":"SkillPotion"}],"is_trial":false,"path_per_floor":["M","?","M","M","M","R","E","R","T","M","R","M","M","M","R","B",null,"M","?","M","$","M","E"],"character_chosen":"DEFECT","items_purchased":["Gash","Sunder"],"campfire_rested":0,"item_purchase_floors":[21,21],"current_hp_per_floor":[75,75,75,75,75,75,71,71,71,56,56,45,45,36,36,51,75,75,61,54,54,35,35],"gold":199,"neow_bonus":"THREE_ENEMY_KILL","is_prod":false,"is_daily":false,"chose_seed":false,"campfire_upgraded":4,"win_rate":0.0,"timestamp":1563176239,"path_taken":["M","?","?","M","M","R","E","R","T","M","R","M","M","M","R","BOSS","M","?","M","$","M","E"],"build_version":"2019-07-05","purchased_purges":1,"victory":false,"max_hp_per_floor":[75,75,75,75,75,75,75,75,75,75,75,75,75,75,75,75,75,75,80,80,80,80,80],"card_choices":[{"not_picked":["Hologram","Tempest"],"picked":"Rebound","floor":1},{"not_picked":["Doom and Gloom","Compile Driver"],"picked":"Leap","floor":3},{"not_picked":["Turbo","Storm"],"picked":"Go for the Eyes","floor":4},{"not_picked":["Force Field","Genetic Algorithm"],"picked":"Gash","floor":5},{"not_picked":["Undo","Aggregate"],"picked":"Darkness","floor":7},{"not_picked":["Hologram","Stack","Buffer"],"picked":"Beam Cell","floor":10},{"not_picked":["Hologram","Rebound","Turbo"],"picked":"Beam Cell","floor":12},{"not_picked":["Reinforced Body","Capacitor","Turbo"],"picked":"Gash","floor":13},{"not_picked":["Hologram","Redo","Stack"],"picked":"Cold Snap","floor":14},{"not_picked":["Core Surge","Biased Cognition","Thunder Strike"],"picked":"Reboot","floor":16},{"not_picked":["Stack","Hologram","Steam Power"],"picked":"Cold Snap","floor":17},{"not_picked":["Stack","Steam","Genetic Algorithm"],"picked":"Coolheaded","floor":17},{"not_picked":["Stack","Cold Snap","Amplify"],"picked":"Gash","floor":17},{"not_picked":["Turbo","Gash","Aggregate"],"picked":"Glacier","floor":17},{"not_picked":["Ball Lightning","Compile Driver","Aggregate"],"picked":"Conserve Battery","floor":17},{"not_picked":["Compile Driver","Sweeping Beam","Turbo+1"],"picked":"Ball Lightning","floor":18},{"not_picked":["Lockon","Loop","Chill"],"picked":"Melter+1","floor":20},{"not_picked":["Force Field","Double Energy","Consume+1"],"picked":"Blizzard+1","floor":22}],"player_experience":157742,"relics_obtained":[{"floor":7,"key":"Pantograph"},{"floor":9,"key":"Question Card"}],"event_choices":[{"damage_healed":0,"gold_gain":0,"player_choice":"Got Potions","damage_taken":0,"max_hp_gain":0,"max_hp_loss":0,"event_name":"Lab","floor":2,"gold_loss":0},{"damage_healed":0,"gold_gain":0,"player_choice":"Shed Blood","damage_taken":19,"max_hp_gain":5,"max_hp_loss":0,"event_name":"Forgotten Altar","floor":19,"gold_loss":0}],"is_beta":false,"boss_relics":[{"not_picked":["Coffee Dripper","Velvet Choker"],"picked":"Orrery"}],"items_purged_floors":[21],"is_endless":false,"potions_floor_spawned":[3,5,10,13,16,20],"killed_by":"Slavers","ascension_level":0}