{"gold_per_floor":[113,113,128,128,228,262,165,176,176,193,193,193,193,209,209,310,310,320,52,64,64,64,64,84,84,111,123,44,57,71,84,84,84],"floor_reached":33,"playtime":1895,"items_purged":["Rupture"],"score":274,"play_id":"92207f6a-a55e-4ab5-a0a7-c00cdf4e04ef","local_time":"20190707042032","is_ascension_mode":false,"campfire_choices":[{"data":"Anger","floor":11,"key":"SMITH"},{"data":"Anger","floor":13,"key":"SMITH"},{"data":"Double Tap","floor":15,"key":"SMITH"},{"data":"Perfected Strike","floor":23,"key":"SMITH"},{"data":"Intimidate","floor":25,"key":"SMITH"},{"data":"Rage","floor":32,"key":"SMITH"}],"neow_cost":"NONE","seed_source_timestamp":48590970073620,"circlet_count":0,"master_deck":["Strike_R","Strike_R","Strike_R","Strike_R","Defend_R","Defend_R","Defend_R","Bash","Armaments+1","Anger+1","Whirlwind","Perfected Strike+1","Cleave","Anger+1","Double Tap+1","Intimidate+1","Battle Trance","Rage+1","Shrug It Off"],"relics":["Burning Blood","NeowsBlessing","WingedGreaves","Pocketwatch","Busted Crown","ClockworkSouvenir","Boot"],"potions_floor_usage":[24,30,33,33,33],"damage_taken":[{"damage":0,"enemies":"Jaw Worm","floor":1,"turns":1},{"damage":0,"enemies":"Small Slimes","floor":3,"turns":1},{"damage":0,"enemies":"3 Sentries","floor":6,"turns":2},{"damage":1,"enemies":"Cultist","floor":8,"turns":3},{"damage":20,"enemies":"Gremlin Gang","floor":10,"turns":4},{"damage":7,"enemies":"3 Louse","floor":14,"turns":3},{"damage":44,"enemies":"Hexaghost","floor":16,"turns":7},{"damage":10,"enemies":"Chosen","floor":18,"turns":4},{"damage":17,"enemies":"Shell Parasite","floor":20,"turns":3},{"damage":0,"enemies":"3 Cultists","floor":24,"turns":3},{"damage":20,"enemies":"Snake Plant","floor":27,"turns":3},{"damage":0,"enemies":"Snecko","floor":29,"turns":3},{"damage":16,"enemies":"Chosen and Byrds","floor":30,"turns":5},{"damage":2,"enemies":"Shelled Parasite and Fungi","floor":31,"turns":3},{"damage":65,"enemies":"Champ","floor":33,"turns":7}],"seed_played":"-111289333434463159","potions_obtained":[{"floor":10,"key":"Fire Potion"},{"floor":14,"key":"Explosive Potion"},{"floor":18,"key":"SkillPotion"},{"floor":29,"key":"Strength Potion"},{"floor":30,"key":"Energy Potion"}],"is_trial":false,"path_per_floor":["M","?","M","?","?","E","$","M","T","M","R","?","R","M","R","B",null,"M","$","M","?","?","R","M","R","T","M","$","M","M","M","R","B"],"character_chosen":"IRONCLAD","items_purchased":["Whirlwind","Perfected Strike","ClockworkSouvenir","Rage"],"campfire_rested":0,"item_purchase_floors":[7,7,19,28],"current_hp_per_floor":[80,85,85,85,85,85,85,85,85,71,71,71,71,70,70,32,85,81,81,70,70,70,70,76,76,76,62,62,68,58,62,62,0],"gold":84,"neow_bonus":"THREE_ENEMY_KILL","is_prod":false,"is_daily":false,"chose_seed":false,"campfire_upgraded":6,"win_rate":0.0,"timestamp":1562491232,"path_taken":["M","?","M","?","?","E","$","?","T","?","R","?","R","M","R","BOSS","M","$","M","?","?","R","M","R","T","?","$","M","M","M","R","BOSS"],"build_version":"2019-07-05","purchased_purges":1,"victory":false,"max_hp_per_floor":[80,85,85,85,85,85,85,85,85,85,85,85,85,85,85,85,85,85,85,85,85,85,85,85,85,85,85,85,85,85,85,85,85],"card_choices":[{"not_picked":["Clothesline","Shrug It Off"],"picked":"Armaments","floor":1},{"not_picked":["Sword Boomerang","Fire Breathing","Body Slam"],"picked":"SKIP","floor":3},{"not_picked":["True Grit","Cleave"],"picked":"Anger","floor":6},{"not_picked":["Warcry","Iron Wave"],"picked":"Cleave","floor":8},{"not_picked":["Clothesline","Entrench"],"picked":"Anger","floor":10},{"not_picked":["Thunderclap","Entrench"],"picked":"Double Tap","floor":14},{"not_picked":["Perfected Strike+1"],"picked":"SKIP","floor":18},{"not_picked":["Flex"],"picked":"SKIP","floor":20},{"not_picked":[],"picked":"Battle Trance","floor":24},{"not_picked":["Sword Boomerang"],"picked":"SKIP","floor":27},{"not_picked":[],"picked":"Shrug It Off","floor":29},{"not_picked":["True Grit"],"picked":"SKIP","floor":30},{"not_picked":["Flex"],"picked":"SKIP","floor":31}],"player_experience":13240,"relics_obtained":[{"floor":6,"key":"WingedGreaves"},{"floor":9,"key":"Pocketwatch"},{"floor":26,"key":"Boot"}],"event_choices":[{"damage_healed":0,"gold_gain":0,"player_choice":"Donut","damage_taken":0,"max_hp_gain":5,"max_hp_loss":0,"event_name":"Big Fish","floor":2,"gold_loss":0},{"damage_healed":0,"gold_gain":0,"player_choice":"Grow","damage_taken":0,"max_hp_gain":0,"max_hp_loss":0,"event_name":"Living Wall","floor":4,"gold_loss":0,"cards_upgraded":["Armaments"]},{"damage_healed":0,"gold_gain":100,"player_choice":"Pray","damage_taken":0,"max_hp_gain":0,"max_hp_loss":0,"event_name":"Golden Shrine","floor":5,"gold_loss":0},{"damage_healed":0,"gold_gain":0,"cards_transformed":["Defend_R"],"player_choice":"Transformed","damage_taken":0,"max_hp_gain":0,"max_hp_loss":0,"event_name":"Transmorgrifier","floor":12,"gold_loss":0,"cards_obtained":["Rupture"]},{"damage_healed":0,"gold_gain":0,"cards_transformed":["Strike_R"],"player_choice":"Transformed","damage_taken":0,"max_hp_gain":0,"max_hp_loss":0,"event_name":"Transmorgrifier","floor":22,"gold_loss":0,"cards_obtained":["Intimidate"]}],"is_beta":false,"boss_relics":[{"not_picked":["Astrolabe","Cursed Key"],"picked":"Busted Crown"}],"items_purged_floors":[19],"is_endless":false,"potions_floor_spawned":[10,14,18,29,30],"killed_by":"Champ","ascension_level":0}