{"gold_per_floor":[117,87,104,116,116,116,126,152,178,178,208,133,163,176,176,250,250,264,33,33,33,33,63,82,82,106,132,152,152,85,113,113,192,192,212,224,236,91,105,105,154,254,279,306,306,306,320,345,345,345,345,345,29,57,57],"floor_reached":56,"playtime":3778,"items_purged":[],"score":2107,"play_id":"3b77b192-ba4f-463e-a5d3-ca2638e6af9f","local_time":"20190725114344","is_ascension_mode":true,"campfire_choices":[{"data":"Streamline","floor":6,"key":"SMITH"},{"data":"Reinforced Body","floor":10,"key":"SMITH"},{"data":"Loop","floor":15,"key":"SMITH"},{"data":"Hologram","floor":29,"key":"SMITH"},{"data":"Defragment","floor":32,"key":"SMITH"},{"data":"Biased Cognition","floor":40,"key":"SMITH"},{"floor":46,"key":"RECALL"},{"floor":49,"key":"REST"},{"data":"Transmutation","floor":52,"key":"SMITH"}],"neow_cost":"NONE","seed_source_timestamp":427899555900788,"circlet_count":0,"master_deck":["AscendersBane","Dualcast","Machine Learning","Hyperbeam+1","Beam Cell","BootSequence","Rainbow","Genetic Algorithm","Streamline+1","Cold Snap+1","Reinforced Body+1","Compile Driver","Loop+1","Electrodynamics","Self Repair","Transmutation+1","Genetic Algorithm","Echo Form","Hologram+1","Coolheaded","Defragment+1","Biased Cognition+1","Doom and Gloom","Conserve Battery+1"],"relics":["Pandora\u0027s Box","Blood Vial","Art of War","Vajra","PreservedInsect","Sozu","Bottled Tornado","Bronze Scales","Gremlin Horn","Ancient Tea Set","Runic Pyramid","DataDisk","Juzu Bracelet","Girya","Whetstone","Bag of Marbles","Bottled Lightning","Happy Flower"],"potions_floor_usage":[27,55],"damage_taken":[{"damage":2,"enemies":"Jaw Worm","floor":1,"turns":2},{"damage":0,"enemies":"Cultist","floor":3,"turns":2},{"damage":0,"enemies":"2 Louse","floor":4,"turns":3},{"damage":4,"enemies":"Exordium Wildlife","floor":7,"turns":4},{"damage":30,"enemies":"Gremlin Nob","floor":8,"turns":4},{"damage":0,"enemies":"Lagavulin","floor":11,"turns":5},{"damage":9,"enemies":"Gremlin Nob","floor":13,"turns":4},{"damage":0,"enemies":"Large Slime","floor":14,"turns":4},{"damage":0,"enemies":"Hexaghost","floor":16,"turns":7},{"damage":10,"enemies":"Shell Parasite","floor":18,"turns":4},{"damage":15,"enemies":"Book of Stabbing","floor":23,"turns":5},{"damage":5,"enemies":"Chosen","floor":24,"turns":4},{"damage":12,"enemies":"Slavers","floor":27,"turns":3},{"damage":0,"enemies":"3 Cultists","floor":28,"turns":5},{"damage":19,"enemies":"Gremlin Leader","floor":31,"turns":4},{"damage":7,"enemies":"Collector","floor":33,"turns":9},{"damage":0,"enemies":"3 Shapes","floor":35,"turns":4},{"damage":8,"enemies":"Orb Walker","floor":36,"turns":5},{"damage":50,"enemies":"Transient","floor":37,"turns":5},{"damage":1,"enemies":"Writhing Mass","floor":39,"turns":9},{"damage":20,"enemies":"Nemesis","floor":41,"turns":7},{"damage":1,"enemies":"Mind Bloom Boss Battle","floor":42,"turns":6},{"damage":8,"enemies":"Reptomancer","floor":44,"turns":5},{"damage":0,"enemies":"4 Shapes","floor":47,"turns":6},{"damage":51,"enemies":"Nemesis","floor":48,"turns":7},{"damage":15,"enemies":"Donu and Deca","floor":50,"turns":8},{"damage":38,"enemies":"Shield and Spear","floor":54,"turns":6},{"damage":9,"enemies":"The Heart","floor":55,"turns":11}],"seed_played":"2988047812985572658","potions_obtained":[{"floor":2,"key":"Strength Potion"},{"floor":2,"key":"Block Potion"},{"floor":7,"key":"PowerPotion"}],"is_trial":false,"path_per_floor":["M","?","M","M","$","R","M","E","T","R","E","?","E","M","R","B",null,"M","$","?","?","?","E","M","?","T","E","M","R","$","E","R","B",null,"M","M","M","$","M","R","E","?","T","E","?","R","M","E","R","B",null,"R","$","E","B",null],"character_chosen":"DEFECT","items_purchased":["Self Repair","Transmutation","Defragment","DataDisk","Bottled Lightning","Doom and Gloom"],"campfire_rested":1,"item_purchase_floors":[19,19,30,38,53,53],"current_hp_per_floor":[62,62,62,62,62,62,58,28,28,28,30,30,23,25,25,27,60,52,52,52,52,52,46,43,43,43,40,56,56,56,46,46,48,65,71,70,35,35,50,50,46,67,67,71,71,71,71,34,55,56,67,67,67,45,45],"gold":57,"neow_bonus":"BOSS_RELIC","is_prod":false,"is_daily":false,"chose_seed":false,"campfire_upgraded":7,"win_rate":0,"timestamp":1564026224,"path_taken":["M","?","M","M","?","R","M","E","T","R","E","?","E","M","R","BOSS","M","$","?","?","?","E","M","?","T","E","M","R","?","E","R","BOSS","M","M","M","$","?","R","E","?","T","E","?","R","M","E","R","BOSS","R","$","E","BOSS"],"build_version":"2019-07-17","purchased_purges":0,"victory":true,"max_hp_per_floor":[71,71,71,71,71,71,71,71,71,71,71,71,71,71,71,71,71,71,71,71,71,71,71,71,71,71,71,71,71,71,71,71,71,71,71,71,71,71,71,71,71,71,71,71,71,71,71,71,71,71,71,71,71,71,71],"card_choices":[{"not_picked":["Cold Snap","Streamline","Hello World"],"picked":"SKIP","floor":1},{"not_picked":["Streamline","Hello World"],"picked":"Cold Snap","floor":1},{"not_picked":["Steam","Consume"],"picked":"Reinforced Body","floor":3},{"not_picked":["Auto Shields","Sweeping Beam","Streamline"],"picked":"SKIP","floor":4},{"not_picked":["Streamline","Tempest"],"picked":"Compile Driver","floor":7},{"not_picked":["Sweeping Beam","Steam Power","Redo"],"picked":"SKIP","floor":8},{"not_picked":["Leap","Buffer"],"picked":"Conserve Battery","floor":11},{"not_picked":["Recycle","Storm"],"picked":"Loop","floor":13},{"not_picked":["Redo","Steam","Cold Snap"],"picked":"SKIP","floor":14},{"not_picked":["Biased Cognition","Core Surge"],"picked":"Electrodynamics","floor":16},{"not_picked":["Beam Cell","Streamline","Rebound"],"picked":"SKIP","floor":18},{"not_picked":["Loop","Self Repair"],"picked":"Echo Form","floor":23},{"not_picked":["Self Repair","Aggregate+1"],"picked":"Hologram","floor":24},{"not_picked":["Amplify","Chill","Stack"],"picked":"SKIP","floor":27},{"not_picked":["Beam Cell","FTL"],"picked":"Coolheaded","floor":28},{"not_picked":["Streamline","Machine Learning","Steam"],"picked":"SKIP","floor":31},{"not_picked":["Hyperbeam","Machine Learning"],"picked":"Biased Cognition","floor":33},{"not_picked":["Undo","BootSequence+1","Double Energy+1"],"picked":"SKIP","floor":35},{"not_picked":["Hello World","Sunder","Streamline+1"],"picked":"SKIP","floor":36},{"not_picked":["Leap","Auto Shields+1","Cold Snap"],"picked":"SKIP","floor":37},{"not_picked":["Stack","Undo+1","Sunder"],"picked":"SKIP","floor":39},{"not_picked":["Consume","Turbo","Barrage"],"picked":"SKIP","floor":41},{"not_picked":["Echo Form","Static Discharge","Stack"],"picked":"SKIP","floor":44},{"not_picked":["Redo+1","Streamline+1","Hologram"],"picked":"SKIP","floor":47},{"not_picked":["Redo","Blizzard","Rebound"],"picked":"SKIP","floor":48},{"not_picked":["Redo","Meteor Strike"],"picked":"Conserve Battery+1","floor":54}],"player_experience":585301,"relics_obtained":[{"floor":8,"key":"Blood Vial"},{"floor":9,"key":"Art of War"},{"floor":11,"key":"Vajra"},{"floor":13,"key":"PreservedInsect"},{"floor":23,"key":"Bottled Tornado"},{"floor":26,"key":"Bronze Scales"},{"floor":27,"key":"Gremlin Horn"},{"floor":31,"key":"Ancient Tea Set"},{"floor":41,"key":"Juzu Bracelet"},{"floor":42,"key":"Girya"},{"floor":44,"key":"Whetstone"},{"floor":48,"key":"Bag of Marbles"},{"floor":54,"key":"Happy Flower"}],"event_choices":[{"damage_healed":0,"gold_gain":0,"player_choice":"Bought 2 Potions","damage_taken":0,"max_hp_gain":0,"max_hp_loss":0,"event_name":"The Woman in Blue","floor":2,"gold_loss":0},{"cards_removed":["Tempest"],"damage_healed":0,"gold_gain":0,"player_choice":"Card Removal","damage_taken":0,"max_hp_gain":0,"max_hp_loss":0,"event_name":"The Cleric","floor":12,"gold_loss":75},{"damage_healed":0,"gold_gain":0,"cards_transformed":["Zap","Conserve Battery"],"player_choice":"Became Test Subject","damage_taken":0,"max_hp_gain":0,"max_hp_loss":0,"event_name":"Drug Dealer","floor":20,"gold_loss":0,"cards_obtained":["Hyperbeam","Genetic Algorithm"]},{"damage_healed":0,"gold_gain":0,"player_choice":"Ignored","damage_taken":0,"max_hp_gain":0,"max_hp_loss":0,"event_name":"The Mausoleum","floor":21,"gold_loss":0},{"cards_removed":["Hyperbeam"],"damage_healed":0,"gold_gain":0,"player_choice":"Elegance","damage_taken":0,"max_hp_gain":0,"max_hp_loss":0,"event_name":"Back to Basics","floor":22,"gold_loss":0},{"damage_healed":0,"gold_gain":0,"player_choice":"Ignored","damage_taken":0,"max_hp_gain":0,"max_hp_loss":0,"event_name":"Ghosts","floor":25,"gold_loss":0},{"damage_healed":0,"gold_gain":0,"player_choice":"Fight","damage_taken":0,"max_hp_gain":0,"max_hp_loss":0,"event_name":"MindBloom","floor":42,"gold_loss":0},{"damage_healed":0,"gold_gain":0,"player_choice":"Ignored","damage_taken":0,"max_hp_gain":0,"max_hp_loss":0,"event_name":"Mysterious Sphere","floor":45,"gold_loss":0}],"is_beta":false,"boss_relics":[{"not_picked":["Lizard Tail","Calling Bell"],"picked":"Sozu"},{"not_picked":["Coffee Dripper","White Beast Statue"],"picked":"Runic Pyramid"}],"items_purged_floors":[],"is_endless":false,"potions_floor_spawned":[3,7,13,18,24,31,33,35,37,39,41,48],"ascension_level":15}