{"gold_per_floor":[119,136,86,86,102,135,153,153,153,153,38,38,52,80,80,80],"floor_reached":16,"playtime":1017,"items_purged":["Strike_R"],"score":171,"play_id":"64f41e67-56de-4581-8838-e575ea4f62d2","local_time":"20190720092706","is_ascension_mode":true,"campfire_choices":[{"floor":8,"key":"REST"},{"data":"Bash","floor":10,"key":"SMITH"},{"floor":15,"key":"REST"}],"neow_cost":"NONE","seed_source_timestamp":777718216172200,"circlet_count":0,"master_deck":["AscendersBane","Strike_R","Strike_R","Strike_R","Defend_R","Defend_R","Defend_R","Defend_R","Bash+1","Feel No Pain","Metallicize","Cleave","Armaments","Second Wind","Corruption","Body Slam","Shrug It Off"],"relics":["Burning Blood","NeowsBlessing","Bronze Scales","Singing Bowl","Letter Opener","Shovel"],"potions_floor_usage":[6,6,16,16],"damage_taken":[{"damage":0,"enemies":"Jaw Worm","floor":1,"turns":1},{"damage":0,"enemies":"Cultist","floor":2,"turns":1},{"damage":0,"enemies":"Small Slimes","floor":5,"turns":1},{"damage":41,"enemies":"Lagavulin","floor":6,"turns":7},{"damage":12,"enemies":"3 Louse","floor":7,"turns":3},{"damage":11,"enemies":"Blue Slaver","floor":13,"turns":5},{"damage":14,"enemies":"3 Sentries","floor":14,"turns":9},{"damage":66,"enemies":"The Guardian","floor":16,"turns":11}],"seed_played":"887620748902863317","potions_obtained":[{"floor":1,"key":"Regen Potion"},{"floor":4,"key":"Fire Potion"},{"floor":7,"key":"EssenceOfSteel"},{"floor":13,"key":"Block Potion"}],"is_trial":false,"path_per_floor":["M","M","?","?","M","E","M","R","T","R","$","?","M","E","R","B"],"character_chosen":"IRONCLAD","items_purchased":["Corruption"],"campfire_rested":2,"item_purchase_floors":[11],"current_hp_per_floor":[78,80,80,80,80,54,48,72,72,72,72,54,49,41,65,0],"gold":80,"neow_bonus":"THREE_ENEMY_KILL","is_prod":false,"is_daily":false,"chose_seed":false,"campfire_upgraded":1,"win_rate":0,"timestamp":1563611226,"path_taken":["M","M","?","?","?","E","M","R","T","R","$","?","M","E","R","BOSS"],"build_version":"2019-07-17","purchased_purges":1,"victory":false,"max_hp_per_floor":[80,80,80,80,80,80,80,80,80,80,80,80,80,80,80,80],"card_choices":[{"not_picked":["Ghostly Armor","Clash"],"picked":"Feel No Pain","floor":1},{"not_picked":["Twin Strike","Heavy Blade"],"picked":"Metallicize","floor":2},{"not_picked":["Perfected Strike","Bloodletting"],"picked":"Cleave","floor":5},{"not_picked":["Sever Soul","Warcry"],"picked":"Armaments","floor":6},{"not_picked":["Warcry","Uppercut"],"picked":"Second Wind","floor":7},{"not_picked":["Dropkick","Warcry"],"picked":"Body Slam","floor":13},{"not_picked":["Whirlwind","Fire Breathing"],"picked":"Shrug It Off","floor":14}],"player_experience":1061388,"relics_obtained":[{"floor":6,"key":"Bronze Scales"},{"floor":9,"key":"Singing Bowl"},{"floor":14,"key":"Shovel"}],"event_choices":[{"cards_removed":["Strike_R"],"damage_healed":0,"gold_gain":0,"player_choice":"Card Removal","damage_taken":0,"max_hp_gain":0,"max_hp_loss":0,"event_name":"The Cleric","floor":3,"gold_loss":50},{"damage_healed":0,"gold_gain":0,"player_choice":"Got Potions","damage_taken":0,"max_hp_gain":0,"max_hp_loss":0,"event_name":"Lab","floor":4,"gold_loss":0},{"damage_healed":0,"gold_gain":0,"player_choice":"Success","damage_taken":18,"relics_obtained":["Letter Opener"],"max_hp_gain":0,"max_hp_loss":0,"event_name":"Scrap Ooze","floor":12,"gold_loss":0}],"is_beta":false,"boss_relics":[],"items_purged_floors":[11],"is_endless":false,"potions_floor_spawned":[1,7,13],"killed_by":"The Guardian","ascension_level":11}