{"gold_per_floor":[115,4,4,4,28,28,28,66,91,115,115,129,129,144,144,272,272,292,58,58,76,94,94,110,110,134,134,150,150,150,167,167,263,263,275,295,147,147,147,159,159,159],"floor_reached":42,"playtime":2904,"items_purged":["Strike_B"],"score":448,"play_id":"9ef5b681-6dfc-48df-9b97-121c5458df6e","local_time":"20190712011717","is_ascension_mode":false,"campfire_choices":[{"data":"Hologram","floor":6,"key":"SMITH"},{"data":"Zap","floor":11,"key":"SMITH"},{"data":"Conserve Battery","floor":13,"key":"SMITH"},{"data":"Defragment","floor":15,"key":"SMITH"},{"data":"Defragment","floor":23,"key":"SMITH"},{"data":"Fusion","floor":25,"key":"SMITH"},{"data":"Barrage","floor":29,"key":"SMITH"},{"data":"Barrage","floor":32,"key":"SMITH"},{"data":"Loop","floor":41,"key":"SMITH"}],"neow_cost":"NONE","seed_source_timestamp":27738770727178,"circlet_count":0,"master_deck":["Strike_B","Strike_B+1","Defend_B+1","Defend_B","Defend_B","Zap+1","Dualcast","Barrage+1","FTL","Glacier","Hologram+1","FTL","Conserve Battery+1","Cold Snap","Defragment+1","Electrodynamics","Barrage+1","Go for the Eyes+1","Defragment+1","Fusion+1","Gash","RitualDagger","Ball Lightning","All For One","Conserve Battery+1","Hologram+1","Blind","Leap","Forethought","Loop+1"],"relics":["Cracked Core","Pen Nib","Bloody Idol","The Courier","Vajra","Inserter","Bottled Tornado","Dream Catcher","Empty Cage"],"potions_floor_usage":[22,31,33,33,42],"damage_taken":[{"damage":0,"enemies":"Small Slimes","floor":1,"turns":3},{"damage":0,"enemies":"Jaw Worm","floor":5,"turns":5},{"damage":25,"enemies":"Gremlin Nob","floor":8,"turns":5},{"damage":0,"enemies":"Cultist","floor":10,"turns":3},{"damage":0,"enemies":"Blue Slaver","floor":12,"turns":3},{"damage":0,"enemies":"2 Fungi Beasts","floor":14,"turns":2},{"damage":0,"enemies":"Slime Boss","floor":16,"turns":12},{"damage":12,"enemies":"Shell Parasite","floor":18,"turns":5},{"damage":0,"enemies":"Spheric Guardian","floor":21,"turns":3},{"damage":0,"enemies":"Chosen and Byrds","floor":22,"turns":4},{"damage":15,"enemies":"Snake Plant","floor":24,"turns":5},{"damage":0,"enemies":"3 Cultists","floor":28,"turns":2},{"damage":2,"enemies":"Sentry and Sphere","floor":31,"turns":4},{"damage":4,"enemies":"Collector","floor":33,"turns":7},{"damage":3,"enemies":"3 Shapes","floor":35,"turns":4},{"damage":0,"enemies":"Orb Walker","floor":36,"turns":4},{"damage":26,"enemies":"Writhing Mass","floor":40,"turns":7},{"damage":45,"enemies":"Sphere and 2 Shapes","floor":42,"turns":3}],"seed_played":"-4392701717496890047","potions_obtained":[{"floor":8,"key":"GamblersBrew"},{"floor":10,"key":"Swift Potion"},{"floor":16,"key":"SteroidPotion"},{"floor":18,"key":"FocusPotion"},{"floor":28,"key":"Dexterity Potion"},{"floor":33,"key":"Strength Potion"},{"floor":35,"key":"Dexterity Potion"}],"is_trial":false,"path_per_floor":["M","$","?","$","M","R","?","E","T","M","R","M","R","M","R","B",null,"M","$","?","M","M","R","M","R","T","?","M","R","?","M","R","B",null,"M","M","$","?","?","M","R","M"],"character_chosen":"DEFECT","items_purchased":["FTL","Glacier","Go for the Eyes","Bottled Tornado","Blind","Leap"],"campfire_rested":0,"item_purchase_floors":[2,2,19,19,37,37],"current_hp_per_floor":[75,75,69,69,69,69,55,30,30,30,30,30,30,30,30,30,69,57,57,57,57,57,57,42,42,42,42,47,47,41,44,44,45,69,69,69,69,69,66,45,45,0],"gold":159,"neow_bonus":"RANDOM_COMMON_RELIC","is_prod":false,"is_daily":false,"chose_seed":false,"campfire_upgraded":9,"win_rate":0.0,"timestamp":1562912237,"path_taken":["M","$","?","$","M","R","?","E","T","M","R","?","R","M","R","BOSS","M","$","?","?","M","R","M","R","T","?","M","R","?","M","R","BOSS","M","M","$","?","?","M","R","M"],"build_version":"2019-07-05","purchased_purges":1,"victory":false,"max_hp_per_floor":[75,75,69,69,69,69,69,69,69,69,69,69,69,69,69,69,69,69,69,69,69,69,69,69,69,69,69,69,69,69,69,69,69,69,69,69,69,69,66,66,66,66],"card_choices":[{"not_picked":["Steam","Consume"],"picked":"Barrage","floor":1},{"not_picked":["Beam Cell","BootSequence"],"picked":"Hologram","floor":5},{"not_picked":["Hologram","Coolheaded"],"picked":"FTL","floor":8},{"not_picked":["Go for the Eyes","Ball Lightning"],"picked":"Conserve Battery","floor":10},{"not_picked":["Beam Cell","Skim"],"picked":"Cold Snap","floor":12},{"not_picked":["White Noise","Seek"],"picked":"Defragment","floor":14},{"not_picked":["Multi-Cast","All For One"],"picked":"Electrodynamics","floor":16},{"not_picked":["Fusion","Aggregate"],"picked":"Barrage","floor":18},{"not_picked":["Redo","Static Discharge","Stack"],"picked":"SKIP","floor":21},{"not_picked":["Sweeping Beam","Tempest+1"],"picked":"Defragment","floor":22},{"not_picked":["Doom and Gloom+1","Stack"],"picked":"Fusion","floor":24},{"not_picked":["Aggregate","Storm"],"picked":"Gash","floor":28},{"not_picked":["Compile Driver","Skim+1"],"picked":"Ball Lightning","floor":31},{"not_picked":["Rainbow","Multi-Cast"],"picked":"All For One","floor":33},{"not_picked":["Blizzard+1","Static Discharge"],"picked":"Conserve Battery+1","floor":35},{"not_picked":["Leap+1","Reprogram+1"],"picked":"Hologram+1","floor":36},{"not_picked":["PanicButton","Transmutation"],"picked":"Forethought","floor":38},{"not_picked":["Aggregate+1","Compile Driver"],"picked":"Loop","floor":40}],"player_experience":121270,"relics_obtained":[{"floor":8,"key":"The Courier"},{"floor":9,"key":"Vajra"},{"floor":26,"key":"Dream Catcher"}],"event_choices":[{"damage_healed":0,"gold_gain":0,"player_choice":"Lose Max HP","damage_taken":0,"relics_obtained":["Golden Idol"],"max_hp_gain":0,"max_hp_loss":6,"event_name":"Golden Idol","floor":3,"gold_loss":0},{"damage_healed":0,"gold_gain":0,"player_choice":"Entered Light","damage_taken":14,"max_hp_gain":0,"max_hp_loss":0,"event_name":"Shining Light","floor":7,"gold_loss":0,"cards_upgraded":["Defend_B","Strike_B"]},{"damage_healed":0,"gold_gain":0,"player_choice":"Upgraded","damage_taken":0,"max_hp_gain":0,"max_hp_loss":0,"event_name":"Upgrade Shrine","floor":20,"gold_loss":0,"cards_upgraded":["Go for the Eyes"]},{"damage_healed":0,"gold_gain":0,"player_choice":"Gave Idol","damage_taken":0,"relics_obtained":["Bloody Idol"],"max_hp_gain":0,"max_hp_loss":0,"event_name":"Forgotten Altar","floor":27,"relics_lost":["Golden Idol"],"gold_loss":0},{"damage_healed":0,"gold_gain":0,"player_choice":"Joined the Cult","damage_taken":6,"max_hp_gain":0,"max_hp_loss":0,"event_name":"Nest","floor":30,"gold_loss":0,"cards_obtained":["RitualDagger"]},{"damage_healed":0,"gold_gain":0,"player_choice":"Memory 1","damage_taken":0,"max_hp_gain":0,"max_hp_loss":0,"event_name":"SensoryStone","floor":38,"gold_loss":0},{"damage_healed":0,"gold_gain":0,"player_choice":"Max HP","damage_taken":0,"max_hp_gain":0,"max_hp_loss":3,"event_name":"Winding Halls","floor":39,"gold_loss":0}],"is_beta":false,"boss_relics":[{"not_picked":["Lizard Tail","Tiny House"],"picked":"Inserter"},{"not_picked":["White Beast Statue","Astrolabe"],"picked":"Empty Cage"}],"items_purged_floors":[37],"is_endless":false,"potions_floor_spawned":[8,10,16,18,21,28,33,35],"killed_by":"Sphere and 2 Shapes","ascension_level":0}