{"gold_per_floor":[113,188,36,36,48,48,83,102,128,56,84,84,96,96,96,196,196,212,17,28,48,48,48,48],"floor_reached":24,"playtime":1387,"items_purged":["Strike_R","Strike_R"],"score":229,"play_id":"7d433591-8aed-41cb-aa56-1e7e73322f93","local_time":"20190717225438","is_ascension_mode":false,"campfire_choices":[{"data":"Searing Blow+1","floor":6,"key":"SMITH"},{"data":"Searing Blow+2","floor":12,"key":"SMITH"},{"data":"Searing Blow+3","floor":15,"key":"SMITH"},{"data":"Searing Blow+4","floor":23,"key":"SMITH"}],"neow_cost":"NONE","seed_source_timestamp":253547229529044,"circlet_count":0,"master_deck":["Strike_R","Defend_R","Defend_R","Defend_R","Defend_R","Bash","Headbutt","Searing Blow+5","Warcry","Evolve","Rampage","Headbutt","Reaper","Clash","Deep Breath","Battle Trance+1"],"relics":["Burning Blood","NeowsBlessing","Juzu Bracelet","Bag of Preparation","Bronze Scales","Ancient Tea Set","Empty Cage","MutagenicStrength"],"potions_floor_usage":[11,24,24],"damage_taken":[{"damage":0,"enemies":"2 Louse","floor":1,"turns":1},{"damage":0,"enemies":"Small Slimes","floor":5,"turns":1},{"damage":0,"enemies":"Gremlin Nob","floor":7,"turns":1},{"damage":11,"enemies":"Jaw Worm","floor":8,"turns":2},{"damage":34,"enemies":"3 Sentries","floor":11,"turns":9},{"damage":6,"enemies":"Exordium Thugs","floor":13,"turns":3},{"damage":55,"enemies":"Slime Boss","floor":16,"turns":11},{"damage":17,"enemies":"Shell Parasite","floor":18,"turns":4},{"damage":23,"enemies":"3 Byrds","floor":20,"turns":4},{"damage":21,"enemies":"Cultist and Chosen","floor":21,"turns":6},{"damage":31,"enemies":"Gremlin Leader","floor":24,"turns":6}],"seed_played":"1104184562429888355","potions_obtained":[{"floor":7,"key":"BloodPotion"},{"floor":16,"key":"SteroidPotion"},{"floor":18,"key":"FearPotion"}],"is_trial":false,"path_per_floor":["M","?","$","?","M","R","E","M","T","$","E","R","M","T","R","B",null,"M","$","M","M","?","R","E"],"character_chosen":"IRONCLAD","items_purchased":["Searing Blow","Rampage","Deep Breath"],"campfire_rested":0,"item_purchase_floors":[3,10,19],"current_hp_per_floor":[80,69,69,69,75,75,80,75,75,75,67,67,67,67,67,18,80,69,69,52,45,45,45,23],"gold":48,"neow_bonus":"THREE_ENEMY_KILL","is_prod":false,"is_daily":false,"chose_seed":false,"campfire_upgraded":4,"win_rate":0,"timestamp":1563418478,"path_taken":["M","?","$","?","?","R","E","M","T","$","E","R","M","?","R","BOSS","M","$","M","M","?","R","E"],"build_version":"2019-07-17","purchased_purges":2,"victory":false,"max_hp_per_floor":[80,80,80,80,80,80,80,80,80,80,80,80,80,80,80,80,80,80,80,80,80,80,80,80],"card_choices":[{"not_picked":["Body Slam","Shockwave"],"picked":"Headbutt","floor":1},{"not_picked":["Perfected Strike","Thunderclap"],"picked":"Warcry","floor":5},{"not_picked":["Clash","Corruption"],"picked":"Evolve","floor":7},{"not_picked":["Twin Strike","Searing Blow","Dropkick"],"picked":"SKIP","floor":8},{"not_picked":["Spot Weakness","Wild Strike","Seeing Red"],"picked":"SKIP","floor":11},{"not_picked":["Metallicize","Carnage"],"picked":"Headbutt","floor":13},{"not_picked":["Dark Embrace","Fiend Fire"],"picked":"Reaper","floor":16},{"not_picked":["Dropkick","Pommel Strike"],"picked":"Clash","floor":18},{"not_picked":["Corruption","Warcry"],"picked":"Battle Trance+1","floor":20},{"not_picked":["Thunderclap","Flex","Sword Boomerang"],"picked":"SKIP","floor":21}],"player_experience":19448,"relics_obtained":[{"floor":7,"key":"Juzu Bracelet"},{"floor":9,"key":"Bag of Preparation"},{"floor":11,"key":"Bronze Scales"},{"floor":14,"key":"Ancient Tea Set"}],"event_choices":[{"damage_healed":0,"gold_gain":75,"player_choice":"Gather Gold","damage_taken":11,"max_hp_gain":0,"max_hp_loss":0,"event_name":"World of Goop","floor":2,"gold_loss":0},{"damage_healed":0,"gold_gain":0,"player_choice":"Grow","damage_taken":0,"max_hp_gain":0,"max_hp_loss":0,"event_name":"Living Wall","floor":4,"gold_loss":0,"cards_upgraded":["Searing Blow"]},{"damage_healed":0,"gold_gain":0,"player_choice":"Inject Mutagens","damage_taken":0,"relics_obtained":["MutagenicStrength"],"max_hp_gain":0,"max_hp_loss":0,"event_name":"Drug Dealer","floor":22,"gold_loss":0}],"is_beta":false,"boss_relics":[{"not_picked":["Snecko Eye","White Beast Statue"],"picked":"Empty Cage"}],"items_purged_floors":[3,19],"is_endless":false,"potions_floor_spawned":[7,16,18],"killed_by":"Gremlin Leader","ascension_level":0}