{"gold_per_floor":[17,31,41,55,75,75,86,105,105,115,130,130,149,165,165,270,270,288,306,356,73,90,90,123,123,172,172,172,186,8,8,8,8],"floor_reached":33,"playtime":1680,"items_purged":["Defend_R"],"score":290,"play_id":"c9cc6155-d3d2-4469-9225-7a88132a7377","local_time":"20190719183942","is_ascension_mode":false,"campfire_choices":[{"data":"Armaments","floor":6,"key":"SMITH"},{"data":"Berserk","floor":12,"key":"SMITH"},{"data":"Whirlwind","floor":15,"key":"SMITH"},{"data":"Carnage","floor":23,"key":"SMITH"},{"data":"Fiend Fire","floor":25,"key":"SMITH"},{"data":"Flex","floor":27,"key":"SMITH"},{"floor":32,"key":"REST"}],"neow_cost":"NO_GOLD","seed_source_timestamp":51419187241089,"circlet_count":0,"master_deck":["Strike_R","Strike_R","Strike_R","Strike_R","Strike_R","Defend_R","Defend_R","Defend_R","Bash","Thunderclap","Bludgeon","Dropkick","Armaments+1","Hemokinesis","Carnage+1","Whirlwind+1","Berserk+1","Whirlwind+1","Clash","Flame Barrier","Fiend Fire+1","Sword Boomerang+1","Flex+1","Metallicize","Secret Technique","Headbutt+1","Disarm+1","RitualDagger","Inflame","Metamorphosis","Pommel Strike"],"relics":["Black Blood","Calipers","Dream Catcher","Whetstone","Frozen Egg 2"],"potions_floor_usage":[16,16,24],"damage_taken":[{"damage":5,"enemies":"Small Slimes","floor":1,"turns":4},{"damage":1,"enemies":"Cultist","floor":2,"turns":3},{"damage":0,"enemies":"2 Louse","floor":3,"turns":2},{"damage":9,"enemies":"Exordium Wildlife","floor":4,"turns":3},{"damage":8,"enemies":"2 Fungi Beasts","floor":5,"turns":3},{"damage":13,"enemies":"Exordium Thugs","floor":7,"turns":4},{"damage":10,"enemies":"Looter","floor":8,"turns":3},{"damage":0,"enemies":"Gremlin Gang","floor":10,"turns":2},{"damage":3,"enemies":"Large Slime","floor":11,"turns":5},{"damage":19,"enemies":"Blue Slaver","floor":13,"turns":3},{"damage":1,"enemies":"3 Louse","floor":14,"turns":2},{"damage":64,"enemies":"The Guardian","floor":16,"turns":8},{"damage":9,"enemies":"Chosen","floor":18,"turns":3},{"damage":6,"enemies":"3 Byrds","floor":19,"turns":2},{"damage":20,"enemies":"Snecko","floor":22,"turns":4},{"damage":65,"enemies":"Book of Stabbing","floor":24,"turns":5},{"damage":17,"enemies":"Snake Plant","floor":29,"turns":5},{"damage":61,"enemies":"Collector","floor":33,"turns":6}],"seed_played":"-5448894020837178247","potions_obtained":[{"floor":2,"key":"Energy Potion"},{"floor":4,"key":"Energy Potion"},{"floor":5,"key":"FairyPotion"},{"floor":7,"key":"SkillPotion"},{"floor":18,"key":"Fire Potion"}],"is_trial":false,"path_per_floor":["M","M","M","M","M","R","M","M","T","M","M","R","M","M","R","B",null,"M","M","?","$","M","R","E","R","T","R","?","M","$","?","R","B"],"character_chosen":"IRONCLAD","items_purchased":["Metallicize","Secret Technique","Metamorphosis"],"campfire_rested":1,"item_purchase_floors":[21,21,30],"current_hp_per_floor":[96,96,96,93,91,91,84,80,80,86,89,89,76,81,81,23,96,96,96,96,96,86,86,31,31,31,31,25,18,18,18,46,0],"gold":8,"neow_bonus":"TWENTY_PERCENT_HP_BONUS","is_prod":false,"is_daily":false,"chose_seed":false,"campfire_upgraded":6,"win_rate":0.0,"timestamp":1563554382,"path_taken":["M","M","M","M","M","R","M","M","T","M","M","R","M","M","R","BOSS","M","M","?","$","?","R","E","R","T","R","?","M","?","?","R","BOSS"],"build_version":"2019-07-05","purchased_purges":1,"victory":false,"max_hp_per_floor":[96,96,96,96,96,96,96,96,96,96,96,96,96,96,96,96,96,96,96,96,96,96,96,96,96,96,96,96,96,96,96,96,96],"card_choices":[{"not_picked":["Body Slam","Twin Strike"],"picked":"Thunderclap","floor":1},{"not_picked":["Sever Soul","Feel No Pain"],"picked":"Bludgeon","floor":2},{"not_picked":["Flex","Armaments"],"picked":"Dropkick","floor":3},{"not_picked":["Anger","Perfected Strike"],"picked":"Armaments","floor":4},{"not_picked":["Perfected Strike","Shrug It Off"],"picked":"Hemokinesis","floor":5},{"not_picked":["Shockwave","Shrug It Off"],"picked":"Carnage","floor":7},{"not_picked":["Iron Wave","Perfected Strike"],"picked":"Whirlwind","floor":8},{"not_picked":["Clothesline","Anger"],"picked":"Berserk","floor":10},{"not_picked":["Anger","Bloodletting"],"picked":"Whirlwind","floor":11},{"not_picked":["Searing Blow","Iron Wave"],"picked":"Clash","floor":13},{"not_picked":["Whirlwind","Anger"],"picked":"Flame Barrier","floor":14},{"not_picked":["Barricade","Reaper"],"picked":"Fiend Fire","floor":16},{"not_picked":["True Grit+1","Clash"],"picked":"Sword Boomerang+1","floor":18},{"not_picked":["Armaments","Clothesline"],"picked":"Flex","floor":19},{"not_picked":["Iron Wave+1","Fiend Fire"],"picked":"Headbutt","floor":22},{"not_picked":["Sword Boomerang","Perfected Strike"],"picked":"Disarm+1","floor":24},{"not_picked":["Rampage","Clash"],"picked":"Inflame","floor":29},{"not_picked":["Hemokinesis","Warcry"],"picked":"Pommel Strike","floor":32}],"player_experience":29425,"relics_obtained":[{"floor":9,"key":"Calipers"},{"floor":24,"key":"Dream Catcher"},{"floor":26,"key":"Whetstone"}],"event_choices":[{"damage_healed":0,"gold_gain":100,"player_choice":"Bet on Murderer","damage_taken":0,"max_hp_gain":0,"max_hp_loss":0,"event_name":"The Joust","floor":20,"gold_loss":50},{"damage_healed":0,"gold_gain":0,"player_choice":"Joined the Cult","damage_taken":6,"max_hp_gain":0,"max_hp_loss":0,"event_name":"Nest","floor":28,"gold_loss":0,"cards_obtained":["RitualDagger"]},{"damage_healed":0,"gold_gain":0,"player_choice":"Opened","damage_taken":0,"relics_obtained":["Frozen Egg 2"],"max_hp_gain":0,"max_hp_loss":0,"event_name":"The Mausoleum","floor":31,"gold_loss":0}],"is_beta":false,"boss_relics":[{"not_picked":["Tiny House","Mark of Pain"],"picked":"Black Blood"}],"items_purged_floors":[21],"is_endless":false,"potions_floor_spawned":[2,4,5,7,11,18],"killed_by":"Collector","ascension_level":0}