{"gold_per_floor":[115,40,40,40,59,91,91,106,158,193,210,60,94,108,108,184,234,247,281,292,292,309,309],"floor_reached":23,"playtime":1141,"items_purged":[],"score":413,"play_id":"3d0020a5-277e-4ffe-8b33-74a74cf9f6c2","local_time":"20190726084706","is_ascension_mode":true,"campfire_choices":[{"data":"Hemokinesis","floor":7.0,"key":"SMITH"},{"floor":15.0,"key":"REST"}],"neow_cost":"NONE","seed_source_timestamp":0,"circlet_count":0,"master_deck":["AscendersBane","Strike_R","Strike_R","Strike_R","Strike_R","Strike_R","Defend_R","Defend_R+1","Defend_R","Bash","Armaments+1","Hemokinesis+1","Cleave","True Grit+1","Battle Trance","Impervious","Corruption","Pommel Strike","Immolate","Shrug It Off","Feel No Pain+1","Pommel Strike","Perfected Strike"],"special_seed":0,"relics":["Burning Blood","NeowsBlessing","Blood Vial","Ancient Tea Set","Mango","Regal Pillow","Tiny House","Red Mask"],"potions_floor_usage":[22],"damage_taken":[{"damage":0.0,"enemies":"2 Louse","floor":1.0,"turns":1.0},{"damage":0.0,"enemies":"Small Slimes","floor":5.0,"turns":1.0},{"damage":0.0,"enemies":"3 Sentries","floor":6.0,"turns":2.0},{"damage":2.0,"enemies":"Jaw Worm","floor":8.0,"turns":3.0},{"damage":34.0,"enemies":"Lagavulin","floor":10.0,"turns":6.0},{"damage":2.0,"enemies":"Exordium Wildlife","floor":11.0,"turns":3.0},{"damage":27.0,"enemies":"3 Sentries","floor":13.0,"turns":9.0},{"damage":16.0,"enemies":"Red Slaver","floor":14.0,"turns":2.0},{"damage":64.0,"enemies":"The Guardian","floor":16.0,"turns":15.0},{"damage":30.0,"enemies":"Shell Parasite","floor":18.0,"turns":7.0},{"damage":32,"enemies":"Masked Bandits","floor":19,"turns":4},{"damage":19,"enemies":"Spheric Guardian","floor":20,"turns":6},{"damage":22,"enemies":"Centurion and Healer","floor":22,"turns":8},{"damage":25,"enemies":"Gremlin Leader","floor":23,"turns":2}],"seed_played":"2470885724701168218","potions_obtained":[{"floor":5.0,"key":"Swift Potion"},{"floor":13.0,"key":"Regen Potion"},{"floor":14.0,"key":"EssenceOfSteel"}],"is_trial":false,"path_per_floor":["M","?","?","$","M","E","R","M","T","E","M","$","E","M","R","B",null,"M","?","M","$","M","E"],"character_chosen":"IRONCLAD","items_purchased":["Impervious"],"campfire_rested":1,"item_purchase_floors":[12],"current_hp_per_floor":[74,74,51,51,57,63,63,69,69,57,63,63,44,36,77,21,77,55,31,20,20,21,0],"gold":309,"neow_bonus":"THREE_ENEMY_KILL","is_prod":false,"is_daily":false,"chose_seed":false,"campfire_upgraded":1,"win_rate":0,"timestamp":1564102026,"path_taken":["M","?","?","?","?","E","R","M","T","E","M","$","E","M","R","BOSS","BOSS","M","?","M","$","M","E"],"build_version":"2019-07-17","purchased_purges":0,"victory":false,"max_hp_per_floor":[75,75,75,75,75,75,75,75,75,89,89,89,89,89,89,89,94,94,94,94,94,94,94],"card_choices":[{"not_picked":["Perfected Strike","Flex"],"picked":"Armaments","floor":1.0},{"not_picked":["Dual Wield","Havoc"],"picked":"Hemokinesis","floor":5.0},{"not_picked":["Clothesline","Havoc"],"picked":"Cleave","floor":6.0},{"not_picked":["Clash","Armaments","Cleave"],"picked":"SKIP","floor":8.0},{"not_picked":["Pummel","Clothesline"],"picked":"True Grit","floor":10.0},{"not_picked":["Shrug It Off","Headbutt"],"picked":"Battle Trance","floor":11.0},{"not_picked":["Infernal Blade","Uppercut"],"picked":"Corruption","floor":13.0},{"not_picked":["Havoc","Perfected Strike"],"picked":"Pommel Strike","floor":14.0},{"not_picked":["Exhume","Juggernaut"],"picked":"Immolate","floor":16.0},{"not_picked":["Cleave+1","Immolate"],"picked":"Shrug It Off","floor":18.0},{"not_picked":["Wild Strike","Dropkick+1"],"picked":"Feel No Pain+1","floor":19},{"not_picked":["Corruption+1","Clash"],"picked":"Pommel Strike","floor":20},{"not_picked":["Wild Strike","True Grit"],"picked":"Perfected Strike","floor":22}],"player_experience":870262,"relics_obtained":[{"floor":6.0,"key":"Blood Vial"},{"floor":9.0,"key":"Ancient Tea Set"},{"floor":10.0,"key":"Mango"},{"floor":13.0,"key":"Regal Pillow"},{"floor":19,"key":"Red Mask"}],"event_choices":[{"cards_removed":["Defend_R"],"damage_healed":0.0,"max_hp_gain":0.0,"max_hp_loss":0.0,"gold_gain":0.0,"event_name":"The Cleric","player_choice":"Card Removal","floor":2.0,"gold_loss":75.0,"damage_taken":0.0},{"damage_healed":0.0,"max_hp_gain":0.0,"max_hp_loss":0.0,"gold_gain":0.0,"event_name":"Shining Light","player_choice":"Entered Light","floor":3.0,"gold_loss":0.0,"damage_taken":23.0,"cards_upgraded":["Defend_R","Armaments"]},{"damage_healed":0,"gold_gain":0,"player_choice":"Fought Bandits","damage_taken":0,"max_hp_gain":0,"max_hp_loss":0,"event_name":"Masked Bandits","floor":19,"gold_loss":0}],"is_beta":false,"boss_relics":[{"not_picked":["Pandora\u0027s Box","White Beast Statue"],"picked":"Tiny House"}],"items_purged_floors":[],"is_endless":false,"potions_floor_spawned":[5,13,14,19],"killed_by":"Gremlin Leader","ascension_level":15}