{"gold_per_floor":[210,226,226,239,239,239,189,189,189,223,223,266,266,266],"floor_reached":14,"playtime":861,"items_purged":[],"score":149,"play_id":"2421a6fa-001a-4c95-b496-6535d4ad07ba","local_time":"20190725090609","is_ascension_mode":true,"campfire_choices":[{"floor":6,"key":"REST"},{"floor":11,"key":"REST"},{"floor":13,"key":"REST"}],"neow_cost":"NONE","seed_source_timestamp":0,"circlet_count":0,"master_deck":["AscendersBane","Strike_R","Strike_R","Strike_R","Defend_R","Defend_R","Defend_R","Bash","Havoc","Warcry","Anger","Whirlwind","Corruption","Impervious"],"special_seed":0,"relics":["Burning Blood","Golden Idol","Pear","Blood Vial","Mummified Hand"],"potions_floor_usage":[10],"damage_taken":[{"damage":10.0,"enemies":"2 Louse","floor":1.0,"turns":3.0},{"damage":20,"enemies":"Jaw Worm","floor":2,"turns":6},{"damage":16,"enemies":"Small Slimes","floor":4,"turns":4},{"damage":46,"enemies":"Lagavulin","floor":10,"turns":7},{"damage":55,"enemies":"3 Sentries","floor":12,"turns":7},{"damage":37,"enemies":"Gremlin Gang","floor":14,"turns":3}],"seed_played":"-6988471891974170560","potions_obtained":[{"floor":2,"key":"Poison Potion"},{"floor":10,"key":"FearPotion"},{"floor":12,"key":"Fire Potion"}],"is_trial":false,"path_per_floor":["M","M","?","M","?","R","?","?","T","E","R","E","R","M"],"character_chosen":"IRONCLAD","items_purchased":[],"campfire_rested":3,"item_purchase_floors":[],"current_hp_per_floor":[68,54,54,44,37,59,59,59,69,29,54,7,32,0],"gold":266,"neow_bonus":"HUNDRED_GOLD","is_prod":false,"is_daily":false,"chose_seed":false,"campfire_upgraded":0,"win_rate":0,"timestamp":1564041969,"path_taken":["M","M","?","M","?","R","?","?","T","E","R","E","R","M"],"build_version":"2019-07-17","purchased_purges":0,"victory":false,"max_hp_per_floor":[80,80,74,74,74,74,74,74,84,84,84,84,84,84],"card_choices":[{"not_picked":["Power Through","Warcry"],"picked":"Havoc","floor":1},{"not_picked":["Perfected Strike","Blood for Blood"],"picked":"Warcry","floor":2},{"not_picked":["Pummel","Sword Boomerang"],"picked":"Anger","floor":4},{"not_picked":["Entrench","Sword Boomerang"],"picked":"Corruption","floor":10},{"not_picked":["Twin Strike","Flex"],"picked":"Impervious","floor":12}],"player_experience":1082954,"relics_obtained":[{"floor":9,"key":"Pear"},{"floor":10,"key":"Blood Vial"},{"floor":12,"key":"Mummified Hand"}],"event_choices":[{"damage_healed":0,"gold_gain":0,"player_choice":"Lose Max HP","damage_taken":0,"relics_obtained":["Golden Idol"],"max_hp_gain":0,"max_hp_loss":6,"event_name":"Golden Idol","floor":3,"gold_loss":0},{"cards_removed":["Strike_R"],"damage_healed":0,"gold_gain":0,"player_choice":"Card Removal","damage_taken":7,"max_hp_gain":0,"max_hp_loss":0,"event_name":"Golden Wing","floor":5,"gold_loss":0},{"cards_removed":["Strike_R"],"damage_healed":0,"gold_gain":0,"player_choice":"Card Removal","damage_taken":0,"max_hp_gain":0,"max_hp_loss":0,"event_name":"The Cleric","floor":7,"gold_loss":50},{"damage_healed":0,"gold_gain":0,"cards_transformed":["Defend_R"],"player_choice":"Transformed","damage_taken":0,"max_hp_gain":0,"max_hp_loss":0,"event_name":"Transmorgrifier","floor":8,"gold_loss":0,"cards_obtained":["Whirlwind"]}],"is_beta":false,"boss_relics":[],"items_purged_floors":[],"is_endless":false,"potions_floor_spawned":[2,10,12],"killed_by":"Gremlin Gang","ascension_level":11}