{"gold_per_floor":[117,117,131,26,41,73,93,18,18,43,43,53,53,79,79,179,179,193,211,111,123,134,164,179,190,190,190,190,209,209,35,35,35],"floor_reached":33,"playtime":1688,"items_purged":["Strike_G","Strike_G","Strike_G+1"],"score":337,"play_id":"47817746-bd7c-43a7-a6a3-29dd5b3c1ff3","local_time":"20190720185851","is_ascension_mode":false,"campfire_choices":[{"floor":15,"key":"REST"},{"floor":27,"key":"REST"},{"floor":30,"key":"REST"},{"floor":32,"key":"REST"}],"neow_cost":"NONE","seed_source_timestamp":498303135386611,"circlet_count":0,"master_deck":["Defend_G","Defend_G","Defend_G+1","Defend_G","Defend_G","Survivor","Neutralize","Poisoned Stab","Noxious Fumes","Prepared","Flying Knee","Backstab","Bane","Crippling Poison","Defend_R","Acrobatics","Adrenaline","Noxious Fumes","Infinite Blades","Quick Slash","Calculated Gamble+1","Envenom","Deadly Poison","Deadly Poison","Backflip","Deadly Poison"],"relics":["Ring of the Snake","NeowsBlessing","Mango","Odd Mushroom","StoneCalendar","Mercury Hourglass","Happy Flower","Sozu","Torii","Pen Nib"],"potions_floor_usage":[6,7,10,16],"damage_taken":[{"damage":0,"enemies":"Cultist","floor":1,"turns":1},{"damage":0,"enemies":"Jaw Worm","floor":3,"turns":1},{"damage":0,"enemies":"2 Louse","floor":5,"turns":1},{"damage":27,"enemies":"Gremlin Nob","floor":6,"turns":5},{"damage":5,"enemies":"The Mushroom Lair","floor":7,"turns":3},{"damage":15,"enemies":"3 Sentries","floor":10,"turns":7},{"damage":1,"enemies":"Gremlin Gang","floor":12,"turns":3},{"damage":19,"enemies":"Lagavulin","floor":14,"turns":6},{"damage":0,"enemies":"Slime Boss","floor":16,"turns":7},{"damage":8,"enemies":"Spheric Guardian","floor":18,"turns":4},{"damage":0,"enemies":"3 Byrds","floor":19,"turns":3},{"damage":2,"enemies":"Cultist and Chosen","floor":21,"turns":6},{"damage":13,"enemies":"Centurion and Healer","floor":22,"turns":6},{"damage":30,"enemies":"Book of Stabbing","floor":23,"turns":6},{"damage":4,"enemies":"Snake Plant","floor":24,"turns":4},{"damage":23,"enemies":"Cultist and Chosen","floor":25,"turns":6},{"damage":10,"enemies":"Centurion and Healer","floor":29,"turns":7},{"damage":82,"enemies":"Automaton","floor":33,"turns":6}],"seed_played":"2111739341208043134","potions_obtained":[{"floor":1,"key":"Dexterity Potion"},{"floor":5,"key":"Fire Potion"},{"floor":7,"key":"Weak Potion"},{"floor":14,"key":"Explosive Potion"}],"is_trial":false,"path_per_floor":["M","?","M","$","M","E","?","$","T","E","$","M","?","E","R","B",null,"M","M","$","M","M","E","M","M","T","R","?","M","R","$","R","B"],"character_chosen":"THE_SILENT","items_purchased":["Noxious Fumes","Prepared","Deadly Poison"],"campfire_rested":4,"item_purchase_floors":[4,4,31],"current_hp_per_floor":[70,56,56,56,56,43,38,38,38,23,23,22,22,3,28,28,84,76,76,76,74,61,31,27,4,4,29,29,19,44,44,69,0],"gold":35,"neow_bonus":"THREE_ENEMY_KILL","is_prod":false,"is_daily":false,"chose_seed":false,"campfire_upgraded":0,"win_rate":0.0,"timestamp":1563663531,"path_taken":["M","?","M","$","M","E","?","$","T","E","$","M","?","E","R","BOSS","M","M","$","M","M","E","?","M","T","R","?","M","R","?","R","BOSS"],"build_version":"2019-07-17","purchased_purges":3,"victory":false,"max_hp_per_floor":[70,70,70,70,70,84,84,84,84,84,84,84,84,84,84,84,84,84,84,84,84,84,84,84,84,84,84,84,84,84,84,84,84],"card_choices":[{"not_picked":["Skewer","Blade Dance","Outmaneuver"],"picked":"SKIP","floor":1},{"not_picked":["Tactician","Slice"],"picked":"Poisoned Stab","floor":3},{"not_picked":["All Out Attack","Distraction"],"picked":"Flying Knee","floor":5},{"not_picked":["Flechettes","Dodge and Roll"],"picked":"Backstab","floor":6},{"not_picked":["Choke","Dagger Throw"],"picked":"Bane","floor":10},{"not_picked":["All Out Attack","Dodge and Roll"],"picked":"Crippling Poison","floor":12},{"not_picked":["Prepared","Bane"],"picked":"Acrobatics","floor":14},{"not_picked":["Burst","Die Die Die"],"picked":"Adrenaline","floor":16},{"not_picked":["Terror+1","Quick Slash+1"],"picked":"Noxious Fumes","floor":18},{"not_picked":["Outmaneuver","Distraction"],"picked":"Infinite Blades","floor":19},{"not_picked":["Leg Sweep","Finisher"],"picked":"Quick Slash","floor":21},{"not_picked":["Flying Knee","Bouncing Flask"],"picked":"Calculated Gamble+1","floor":22},{"not_picked":["Endless Agony","Outmaneuver"],"picked":"Envenom","floor":23},{"not_picked":["Flechettes","Skewer"],"picked":"Deadly Poison","floor":24},{"not_picked":["Bane+1","Riddle With Holes"],"picked":"Deadly Poison","floor":25},{"not_picked":["Flechettes","Finisher"],"picked":"Backflip","floor":29}],"player_experience":53803,"relics_obtained":[{"floor":6,"key":"Mango"},{"floor":7,"key":"Odd Mushroom"},{"floor":9,"key":"StoneCalendar"},{"floor":10,"key":"Mercury Hourglass"},{"floor":14,"key":"Happy Flower"},{"floor":23,"key":"Torii"},{"floor":26,"key":"Pen Nib"}],"event_choices":[{"damage_healed":0,"gold_gain":0,"player_choice":"Entered Light","damage_taken":14,"max_hp_gain":0,"max_hp_loss":0,"event_name":"Shining Light","floor":2,"gold_loss":0,"cards_upgraded":["Defend_G","Strike_G"]},{"damage_healed":0,"gold_gain":0,"player_choice":"Fought Mushrooms","damage_taken":0,"max_hp_gain":0,"max_hp_loss":0,"event_name":"Mushrooms","floor":7,"gold_loss":0},{"cards_removed":["Strike_G"],"damage_healed":0,"gold_gain":0,"player_choice":"Took Card","damage_taken":0,"max_hp_gain":0,"max_hp_loss":0,"event_name":"NoteForYourself","floor":13,"gold_loss":0,"cards_obtained":["Defend_R"]},{"cards_removed":["Strike_G"],"damage_healed":0,"gold_gain":0,"player_choice":"Elegance","damage_taken":0,"max_hp_gain":0,"max_hp_loss":0,"event_name":"Back to Basics","floor":28,"gold_loss":0}],"is_beta":false,"boss_relics":[{"not_picked":["Orrery","Empty Cage"],"picked":"Sozu"}],"items_purged_floors":[8,20,31],"is_endless":false,"potions_floor_spawned":[1,5,7,14,18,21,24,25,29],"killed_by":"Automaton","ascension_level":0}