{"gold_per_floor":[118,135,154,154,179,222,222,253,253,271,287,303,303,5,5,94,94,113,113,113,134,155,155,191,206,206,219,219,70,111,129,129,225,225,243,261,261,40,40,79,97,97,122,155,155,280,171,171,171,171,171,171,44,87,87],"floor_reached":55,"playtime":1615,"items_purged":[],"score":1297,"play_id":"860ef9a7-96a7-41f7-8741-4c5bc54c83c5","local_time":"20190721203241","is_ascension_mode":true,"campfire_choices":[{"data":"Sword Boomerang","floor":7.0,"key":"SMITH"},{"data":"Uppercut","floor":13.0,"key":"SMITH"},{"data":"Heavy Blade","floor":15.0,"key":"SMITH"},{"data":"Whirlwind","floor":23.0,"key":"SMITH"},{"data":"Pommel Strike","floor":28.0,"key":"SMITH"},{"floor":32.0,"key":"REST"},{"floor":42.0,"key":"REST"},{"floor":45.0,"key":"RECALL"},{"data":"Burning Pact","floor":49.0,"key":"SMITH"},{"floor":52,"key":"REST"}],"neow_cost":"PERCENT_DAMAGE","seed_source_timestamp":0,"circlet_count":0,"master_deck":["AscendersBane","Strike_R","Strike_R","Defend_R","Defend_R","Defend_R","Defend_R","Bash","Sword Boomerang+1","Shrug It Off","Iron Wave","Injury","Pommel Strike+1","Iron Wave","Uppercut+1","Pummel","Whirlwind+1","Heavy Blade+1","Pummel+1","Double Tap","Necronomicurse","Flame Barrier","Sword Boomerang+1","Twin Strike+1","Reaper+1","Inflame+1","Impervious","Cleave+1","Berserk+1","Pummel+1","Shockwave","Burning Pact+1","Headbutt+1","Evolve+1","Heavy Blade+1"],"special_seed":0,"relics":["Burning Blood","Du-Vu Doll","Golden Idol","Dodecahedron","Red Skull","Bag of Marbles","Molten Egg 2","Empty Cage","Necronomicon","Frozen Egg 2","Mummified Hand","PreservedInsect","Gremlin Horn","Philosopher\u0027s Stone","Self Forming Clay","Happy Flower","StoneCalendar","Shuriken"],"potions_floor_usage":[50,50,55],"damage_taken":[{"damage":12.0,"enemies":"Jaw Worm","floor":1.0,"turns":2.0},{"damage":5.0,"enemies":"Small Slimes","floor":2.0,"turns":3.0},{"damage":6.0,"enemies":"Cultist","floor":3.0,"turns":3.0},{"damage":0.0,"enemies":"2 Fungi Beasts","floor":5.0,"turns":3.0},{"damage":26.0,"enemies":"Gremlin Nob","floor":6.0,"turns":5.0},{"damage":15.0,"enemies":"3 Sentries","floor":8.0,"turns":7.0},{"damage":0.0,"enemies":"3 Louse","floor":10.0,"turns":1.0},{"damage":0.0,"enemies":"Exordium Thugs","floor":11.0,"turns":2.0},{"damage":0.0,"enemies":"Large Slime","floor":12.0,"turns":3.0},{"damage":20.0,"enemies":"Hexaghost","floor":16.0,"turns":7.0},{"damage":7.0,"enemies":"Chosen","floor":18.0,"turns":3.0},{"damage":0.0,"enemies":"3 Byrds","floor":21.0,"turns":3.0},{"damage":0.0,"enemies":"Snake Plant","floor":22.0,"turns":2.0},{"damage":12.0,"enemies":"Slavers","floor":24.0,"turns":3.0},{"damage":0.0,"enemies":"Snecko","floor":25.0,"turns":2.0},{"damage":6.0,"enemies":"Cultist and Chosen","floor":27.0,"turns":3.0},{"damage":8.0,"enemies":"Gremlin Leader","floor":30.0,"turns":3.0},{"damage":10.0,"enemies":"Sentry and Sphere","floor":31.0,"turns":3.0},{"damage":74.0,"enemies":"Automaton","floor":33.0,"turns":7.0},{"damage":0.0,"enemies":"3 Darklings","floor":35.0,"turns":2.0},{"damage":29.0,"enemies":"3 Shapes","floor":36.0,"turns":2.0},{"damage":51.0,"enemies":"Nemesis","floor":40.0,"turns":5.0},{"damage":23.0,"enemies":"Spire Growth","floor":41.0,"turns":5.0},{"damage":5.0,"enemies":"Giant Head","floor":44.0,"turns":4.0},{"damage":12.0,"enemies":"Mind Bloom Boss Battle","floor":46.0,"turns":5.0},{"damage":89,"enemies":"Time Eater","floor":50,"turns":9},{"damage":43,"enemies":"Shield and Spear","floor":54,"turns":3},{"damage":47,"enemies":"The Heart","floor":55,"turns":2}],"seed_played":"-2971741754112506494","potions_obtained":[{"floor":1.0,"key":"SkillPotion"},{"floor":6.0,"key":"Energy Potion"},{"floor":10.0,"key":"Block Potion"},{"floor":16.0,"key":"GamblersBrew"},{"floor":24.0,"key":"GamblersBrew"},{"floor":35.0,"key":"Regen Potion"},{"floor":41.0,"key":"SpeedPotion"},{"floor":46.0,"key":"BloodPotion"}],"is_trial":false,"path_per_floor":["M","M","M","?","M","E","R","E","T","M","M","M","R","$","R","B",null,"M","?","?","M","M","R","E","M","T","M","R","$","E","M","R","B",null,"M","M","?","$","?","E","M","R","T","E","R","?","$","?","R","B",null,"R","$","E","B"],"character_chosen":"IRONCLAD","items_purchased":["Molten Egg 2","Pummel+1","PreservedInsect","Berserk+1","Pummel+1","Shockwave","Evolve+1","GamblersBrew","GamblersBrew","SpeedPotion"],"campfire_rested":3,"item_purchase_floors":[14,14,29,38,38,38,47,47,53,53],"current_hp_per_floor":[44,45,45,45,51,31,31,22,22,28,34,40,40,40,40,26,63,62,41,41,47,53,53,47,53,53,53,53,53,51,47,69,17,61,67,75,75,75,75,39,22,44,44,63,63,75,75,75,75,8,58,75,75,38,0],"gold":87,"neow_bonus":"ONE_RARE_RELIC","is_prod":false,"is_daily":false,"chose_seed":false,"campfire_upgraded":6,"win_rate":0,"timestamp":1563708761,"path_taken":["M","M","M","?","M","E","R","E","T","M","M","M","R","$","R","BOSS","M","?","?","M","M","R","E","M","T","M","R","$","E","M","R","BOSS","M","M","?","$","?","E","?","R","T","E","R","?","$","?","R","BOSS","R","$","E","BOSS"],"build_version":"2019-07-17","purchased_purges":0,"victory":false,"max_hp_per_floor":[75,75,75,75,75,75,75,75,75,75,75,75,75,75,75,75,75,75,75,75,75,75,75,75,75,75,75,75,75,75,75,75,75,75,75,75,75,75,75,75,75,75,75,75,75,75,75,75,75,75,75,75,75,75,75],"card_choices":[{"not_picked":["Fire Breathing","Headbutt"],"picked":"Sword Boomerang","floor":1.0},{"not_picked":["Thunderclap","Rupture"],"picked":"Shrug It Off","floor":2.0},{"not_picked":["Intimidate","Shrug It Off"],"picked":"Iron Wave","floor":3.0},{"not_picked":["Shockwave","Evolve"],"picked":"Pommel Strike","floor":5.0},{"not_picked":["Havoc","Hemokinesis"],"picked":"Iron Wave","floor":6.0},{"not_picked":["Dropkick","Entrench"],"picked":"Uppercut","floor":8.0},{"not_picked":["Armaments","Feel No Pain"],"picked":"Pummel","floor":10.0},{"not_picked":["Havoc","Wild Strike"],"picked":"Whirlwind","floor":11.0},{"not_picked":["Blood for Blood","Pommel Strike"],"picked":"Heavy Blade","floor":12.0},{"not_picked":["Juggernaut","Impervious"],"picked":"Double Tap","floor":16.0},{"not_picked":["Warcry","Seeing Red","Entrench"],"picked":"SKIP","floor":18.0},{"not_picked":["Dropkick+1","Hemokinesis+1"],"picked":"Flame Barrier","floor":21.0},{"not_picked":["True Grit","Warcry"],"picked":"Sword Boomerang+1","floor":22.0},{"not_picked":["Wild Strike+1","Anger+1"],"picked":"Twin Strike+1","floor":24.0},{"not_picked":["Sentinel","Wild Strike+1","Flame Barrier"],"picked":"SKIP","floor":25.0},{"not_picked":["Combust+1","Sentinel","Fire Breathing+1"],"picked":"SKIP","floor":27.0},{"not_picked":["Twin Strike+1","Feel No Pain+1"],"picked":"Reaper+1","floor":30.0},{"not_picked":["Clash+1","Pommel Strike+1"],"picked":"Inflame+1","floor":31.0},{"not_picked":["Double Tap","Demon Form+1"],"picked":"Impervious","floor":33.0},{"not_picked":["Anger+1","Shrug It Off"],"picked":"Cleave+1","floor":35.0},{"not_picked":["Carnage+1","Inflame+1","Sentinel"],"picked":"SKIP","floor":36.0},{"not_picked":["Fire Breathing+1","Rupture+1"],"picked":"Burning Pact","floor":40.0},{"not_picked":["Clothesline+1","Thunderclap+1"],"picked":"Headbutt+1","floor":41.0},{"not_picked":["Havoc","Seeing Red+1","Shockwave"],"picked":"SKIP","floor":44.0},{"not_picked":["Perfected Strike+1","Cleave+1"],"picked":"Heavy Blade+1","floor":54}],"player_experience":805587,"relics_obtained":[{"floor":6.0,"key":"Dodecahedron"},{"floor":8.0,"key":"Red Skull"},{"floor":9.0,"key":"Bag of Marbles"},{"floor":19.0,"key":"Necronomicon"},{"floor":24.0,"key":"Frozen Egg 2"},{"floor":26.0,"key":"Mummified Hand"},{"floor":30.0,"key":"Gremlin Horn"},{"floor":40.0,"key":"Self Forming Clay"},{"floor":44.0,"key":"Happy Flower"},{"floor":46.0,"key":"StoneCalendar"},{"floor":54,"key":"Shuriken"}],"event_choices":[{"damage_healed":0.0,"max_hp_gain":0.0,"max_hp_loss":0.0,"gold_gain":0.0,"event_name":"Golden Idol","player_choice":"Take Wound","floor":4.0,"gold_loss":0.0,"damage_taken":0.0,"relics_obtained":["Golden Idol"],"cards_obtained":["Injury"]},{"damage_healed":0.0,"max_hp_gain":0.0,"max_hp_loss":0.0,"gold_gain":0.0,"event_name":"Cursed Tome","player_choice":"Obtained Book","floor":19.0,"gold_loss":0.0,"damage_taken":21.0},{"damage_healed":0.0,"max_hp_gain":0.0,"max_hp_loss":0.0,"gold_gain":0.0,"event_name":"The Mausoleum","player_choice":"Ignored","floor":20.0,"gold_loss":0.0,"damage_taken":0.0},{"damage_healed":0.0,"max_hp_gain":0.0,"max_hp_loss":0.0,"gold_gain":0.0,"event_name":"Tomb of Lord Red Mask","player_choice":"Ignored","floor":37.0,"gold_loss":0.0,"damage_taken":0.0},{"damage_healed":0.0,"max_hp_gain":0.0,"max_hp_loss":0.0,"gold_gain":0.0,"event_name":"Lab","player_choice":"Got Potions","floor":39.0,"gold_loss":0.0,"damage_taken":0.0},{"damage_healed":0.0,"max_hp_gain":0.0,"max_hp_loss":0.0,"gold_gain":0.0,"event_name":"MindBloom","player_choice":"Fight","floor":46.0,"gold_loss":0.0,"damage_taken":0.0},{"cards_removed":["Strike_R"],"damage_healed":0.0,"max_hp_gain":0.0,"max_hp_loss":0.0,"gold_gain":0.0,"event_name":"Purifier","player_choice":"Purged","floor":48.0,"gold_loss":0.0,"damage_taken":0.0}],"is_beta":false,"boss_relics":[{"not_picked":["Pandora\u0027s Box","Coffee Dripper"],"picked":"Empty Cage"},{"not_picked":["Astrolabe","Runic Cube"],"picked":"Philosopher\u0027s Stone"}],"items_purged_floors":[],"is_endless":false,"potions_floor_spawned":[1,6,10,12,16,18,24,27,31,35,36,41,46],"killed_by":"The Heart","ascension_level":15}