{"gold_per_floor":[213,213,213,33,50,69,86,86,86,119,129,148,223,233,233,333,333,352,267,267,286,305,305,305,317,317,337,126,156,156,168,180,192],"floor_reached":33,"playtime":1988,"items_purged":["Strike_G","Strike_G"],"score":309,"play_id":"2c61a791-cc4c-4846-8613-716beee66a0c","local_time":"20190723172824","is_ascension_mode":true,"campfire_choices":[{"data":"Noxious Fumes","floor":8,"key":"SMITH"},{"floor":15,"key":"DIG"},{"floor":23,"key":"REST"},{"floor":32,"key":"DIG"}],"neow_cost":"NONE","seed_source_timestamp":8445698807802,"circlet_count":0,"master_deck":["Strike_G","Defend_G","Defend_G","Defend_G","Survivor","Neutralize","Footwork","Sucker Punch","Noxious Fumes+1","Backflip","Sucker Punch","Deadly Poison","Heel Hook","Slice","Bane","A Thousand Cuts+1","Phantasmal Killer+1","Poisoned Stab+1","Well Laid Plans+1","Backstab","Bouncing Flask","Dagger Spray","Poisoned Stab+1","Footwork","Crippling Poison","Reflex"],"relics":["Ring of the Snake","Shovel","Peace Pipe","Unceasing Top","Astrolabe","Happy Flower","Bag of Marbles","Paper Crane","Strawberry","MawBank","Dead Branch","Dodecahedron"],"potions_floor_usage":[11,16,25,25,27],"damage_taken":[{"damage":0,"enemies":"Small Slimes","floor":1,"turns":3},{"damage":3,"enemies":"Jaw Worm","floor":5,"turns":6},{"damage":1,"enemies":"2 Louse","floor":6,"turns":3},{"damage":2,"enemies":"Large Slime","floor":7,"turns":6},{"damage":0,"enemies":"Lagavulin","floor":10,"turns":8},{"damage":8,"enemies":"Gremlin Gang","floor":11,"turns":6},{"damage":4,"enemies":"Looter","floor":12,"turns":4},{"damage":0,"enemies":"Blue Slaver","floor":14,"turns":4},{"damage":10,"enemies":"The Guardian","floor":16,"turns":10},{"damage":2,"enemies":"Shell Parasite","floor":18,"turns":7},{"damage":9,"enemies":"3 Byrds","floor":21,"turns":5},{"damage":22,"enemies":"Shelled Parasite and Fungi","floor":22,"turns":5},{"damage":10,"enemies":"Snake Plant","floor":25,"turns":3},{"damage":3,"enemies":"Snecko","floor":27,"turns":4},{"damage":5,"enemies":"Gremlin Leader","floor":29,"turns":6},{"damage":30,"enemies":"Champ","floor":33,"turns":5}],"seed_played":"7699801802972571537","potions_obtained":[{"floor":1,"key":"Ancient Potion"},{"floor":7,"key":"EssenceOfSteel"},{"floor":14,"key":"GhostInAJar"},{"floor":16,"key":"Energy Potion"},{"floor":21,"key":"GhostInAJar"}],"is_trial":false,"path_per_floor":["M","?","?","$","M","M","M","R","T","E","M","M","?","M","R","B",null,"M","?","?","M","M","R","?","M","T","M","$","E","T","?","R","B"],"character_chosen":"THE_SILENT","items_purchased":["Sucker Punch","Noxious Fumes","Footwork","Crippling Poison"],"campfire_rested":1,"item_purchase_floors":[4,4,28,28],"current_hp_per_floor":[70,70,63,63,60,59,57,57,57,57,49,45,34,34,34,24,70,68,68,68,59,37,58,58,48,48,45,45,47,47,47,47,17],"gold":192,"neow_bonus":"HUNDRED_GOLD","is_prod":false,"is_daily":false,"chose_seed":false,"campfire_upgraded":1,"win_rate":0,"timestamp":1563920904,"path_taken":["M","?","?","?","M","M","M","R","T","E","?","M","?","M","R","BOSS","M","?","?","M","M","R","?","M","T","M","$","E","?","?","R","BOSS"],"build_version":"2019-07-17","purchased_purges":2,"victory":false,"max_hp_per_floor":[70,70,70,70,70,70,70,70,70,70,70,70,70,70,70,70,70,70,70,70,70,70,70,70,70,70,70,70,77,77,77,77,77],"card_choices":[{"not_picked":["Underhanded Strike","Dagger Throw"],"picked":"Footwork","floor":1},{"not_picked":["Quick Slash","Blade Dance"],"picked":"Backflip","floor":5},{"not_picked":["Doppelganger","Outmaneuver"],"picked":"Sucker Punch","floor":6},{"not_picked":["Underhanded Strike","Sucker Punch"],"picked":"Deadly Poison","floor":7},{"not_picked":["Dash","Slice"],"picked":"Heel Hook","floor":10},{"not_picked":["Riddle With Holes","Underhanded Strike"],"picked":"Slice","floor":11},{"not_picked":["Expertise","Accuracy","Escape Plan"],"picked":"SKIP","floor":12},{"not_picked":["Endless Agony","Flying Knee"],"picked":"Bane","floor":14},{"not_picked":["Underhanded Strike","Slice"],"picked":"Poisoned Stab+1","floor":18},{"not_picked":["Backstab","PiercingWail"],"picked":"Well Laid Plans+1","floor":21},{"not_picked":["PiercingWail+1","Well Laid Plans+1"],"picked":"Backstab","floor":22},{"not_picked":["Bane","Distraction+1"],"picked":"Dagger Spray","floor":25},{"not_picked":["Accuracy","Calculated Gamble"],"picked":"Poisoned Stab+1","floor":27},{"not_picked":["Skewer+1","Expertise+1"],"picked":"Reflex","floor":29}],"player_experience":211313,"relics_obtained":[{"floor":9,"key":"Shovel"},{"floor":10,"key":"Peace Pipe"},{"floor":15,"key":"Unceasing Top"},{"floor":26,"key":"Paper Crane"},{"floor":29,"key":"Strawberry"},{"floor":30,"key":"MawBank"},{"floor":32,"key":"Dodecahedron"}],"event_choices":[{"damage_healed":0,"gold_gain":0,"player_choice":"Ignored","damage_taken":0,"max_hp_gain":0,"max_hp_loss":0,"event_name":"Liars Game","floor":2,"gold_loss":0},{"cards_removed":["Strike_G"],"damage_healed":0,"gold_gain":0,"player_choice":"Card Removal","damage_taken":7,"max_hp_gain":0,"max_hp_loss":0,"event_name":"Golden Wing","floor":3,"gold_loss":0},{"damage_healed":0,"gold_gain":75,"player_choice":"Gather Gold","damage_taken":11,"max_hp_gain":0,"max_hp_loss":0,"event_name":"World of Goop","floor":13,"gold_loss":0},{"damage_healed":0,"gold_gain":0,"player_choice":"Obtained Relic","damage_taken":0,"relics_obtained":["Happy Flower"],"max_hp_gain":0,"max_hp_loss":0,"event_name":"Addict","floor":19,"gold_loss":85},{"damage_healed":0,"gold_gain":0,"player_choice":"Opened","damage_taken":0,"relics_obtained":["Bag of Marbles"],"max_hp_gain":0,"max_hp_loss":0,"event_name":"The Mausoleum","floor":20,"gold_loss":0},{"damage_healed":0,"gold_gain":0,"player_choice":"Read","damage_taken":0,"max_hp_gain":0,"max_hp_loss":0,"event_name":"The Library","floor":24,"gold_loss":0,"cards_obtained":["Bouncing Flask"]},{"cards_removed":["Acrobatics"],"damage_healed":0,"gold_gain":0,"player_choice":"Gave Card","damage_taken":0,"relics_obtained":["Dead Branch"],"max_hp_gain":0,"max_hp_loss":0,"event_name":"WeMeetAgain","floor":31,"gold_loss":0}],"is_beta":false,"boss_relics":[{"not_picked":["Empty Cage","Pandora\u0027s Box"],"picked":"Astrolabe"}],"items_purged_floors":[4,28],"is_endless":false,"potions_floor_spawned":[1,7,14,16,21],"killed_by":"Champ","ascension_level":1}