{"gold_per_floor":[115,115,190,190,202,235,235,266,289,139,149,149,179,192,192,290,290,308,326,343,22,22,22,47,47,47,47,64,82,113,33,33,133,133,148,159,159,213,230,230],"floor_reached":40,"playtime":1388,"items_purged":["Defend_R"],"score":492,"play_id":"e5a3d092-1e17-425a-af8d-7d8a83966be9","local_time":"20190119171343","is_ascension_mode":true,"campfire_choices":[{"data":"Flex","floor":7,"key":"SMITH"},{"data":"Cleave","floor":15,"key":"SMITH"},{"data":"Inflame","floor":23,"key":"SMITH"},{"data":"Limit Break","floor":25,"key":"SMITH"},{"data":"Offering","floor":27,"key":"SMITH"},{"floor":32,"key":"REST"}],"neow_cost":"NONE","seed_source_timestamp":852098710395105,"circlet_count":0,"master_deck":["Strike_R","Strike_R","Strike_R","Strike_R","Defend_R","Defend_R","Defend_R","Bash","Ghostly Armor","Enlightenment","Twin Strike","Flex+1","Ghostly Armor","Inflame+1","Cleave+1","Battle Trance","Thunderclap","Offering+1","Cleave+1","Sword Boomerang+1","Limit Break+1","Battle Trance","Impervious","Inflame","Seeing Red+1","Barricade","Flex","Body Slam","Panacea","Pommel Strike+1"],"relics":["Burning Blood","NeowsBlessing","Pen Nib","Shovel","Incense Burner","Lantern","Bottled Flame","Philosopher\u0027s Stone","Shuriken","Regal Pillow","Dream Catcher","Kunai","Mango","Mark of Pain","Pocketwatch"],"potions_floor_usage":[13,16,30,40,40],"damage_taken":[{"damage":0,"enemies":"2 Louse","floor":1,"turns":1},{"damage":0,"enemies":"Small Slimes","floor":5,"turns":1},{"damage":0,"enemies":"3 Sentries","floor":6,"turns":2},{"damage":18,"enemies":"Gremlin Nob","floor":8,"turns":4},{"damage":0,"enemies":"Cultist","floor":11,"turns":2},{"damage":25,"enemies":"Lagavulin","floor":13,"turns":7},{"damage":0,"enemies":"Looter","floor":14,"turns":2},{"damage":27,"enemies":"Slime Boss","floor":16,"turns":8},{"damage":17,"enemies":"2 Thieves","floor":18,"turns":2},{"damage":6,"enemies":"Chosen","floor":19,"turns":3},{"damage":10,"enemies":"Shelled Parasite and Fungi","floor":20,"turns":2},{"damage":16,"enemies":"Slavers","floor":24,"turns":2},{"damage":23,"enemies":"Centurion and Healer","floor":28,"turns":2},{"damage":0,"enemies":"3 Cultists","floor":29,"turns":2},{"damage":26,"enemies":"Gremlin Leader","floor":30,"turns":4},{"damage":34,"enemies":"Champ","floor":33,"turns":4},{"damage":19,"enemies":"3 Shapes","floor":35,"turns":4},{"damage":26,"enemies":"3 Darklings","floor":36,"turns":5},{"damage":23,"enemies":"2 Orb Walkers","floor":38,"turns":2},{"damage":15,"enemies":"4 Shapes","floor":39,"turns":2},{"damage":37,"enemies":"Giant Head","floor":40,"turns":6}],"seed_played":"-6013991528224954825","potions_obtained":[{"floor":5,"key":"Dexterity Potion"},{"floor":13,"key":"Block Potion"},{"floor":16,"key":"Strength Potion"},{"floor":18,"key":"SteroidPotion"},{"floor":20,"key":"Poison Potion"},{"floor":29,"key":"Energy Potion"},{"floor":36,"key":"SkillPotion"}],"is_trial":false,"path_per_floor":["M","?","?","?","M","E","R","E","T","$","M","?","E","M","R","B",null,"M","M","M","$","?","R","E","R","T","R","M","M","E","$","R","B",null,"M","M","?","?","M","E"],"character_chosen":"IRONCLAD","items_purchased":["Inflame","Shuriken","Limit Break","Inflame"],"campfire_rested":1,"item_purchase_floors":[10,21,21,31],"current_hp_per_floor":[80,55,44,44,50,56,56,44,44,44,50,50,31,37,37,16,80,69,69,65,65,65,65,55,55,55,55,38,44,38,38,81,53,94,81,61,61,44,35,0],"gold":230,"neow_bonus":"THREE_ENEMY_KILL","is_prod":false,"is_daily":false,"chose_seed":false,"campfire_upgraded":5,"win_rate":0,"timestamp":1547914423,"path_taken":["M","?","?","?","M","E","R","E","T","$","?","?","E","M","R","BOSS","M","M","M","$","?","R","E","R","T","R","M","M","E","$","R","BOSS","M","M","?","?","M","E"],"build_version":"2019-01-17v2","purchased_purges":1,"victory":false,"max_hp_per_floor":[80,80,80,80,80,80,80,80,80,80,80,80,80,80,80,80,80,80,80,80,80,80,80,80,80,80,80,80,80,94,94,94,94,94,94,94,94,94,94,94],"card_choices":[{"not_picked":["Clash","Anger"],"picked":"Ghostly Armor","floor":1},{"not_picked":["Feel No Pain","Combust"],"picked":"Twin Strike","floor":5},{"not_picked":["Combust","Pommel Strike"],"picked":"Flex","floor":6},{"not_picked":["Sever Soul","Rage"],"picked":"Ghostly Armor","floor":8},{"not_picked":["Bloodletting","Sword Boomerang"],"picked":"Cleave","floor":11},{"not_picked":["True Grit","Body Slam","Battle Trance"],"picked":"SKIP","floor":13},{"not_picked":["True Grit","Body Slam"],"picked":"Battle Trance","floor":13},{"not_picked":["Headbutt","Berserk"],"picked":"Thunderclap","floor":14},{"not_picked":["Double Tap","Impervious"],"picked":"Offering","floor":16},{"not_picked":["Pommel Strike","Flame Barrier"],"picked":"Cleave+1","floor":18},{"not_picked":["Cleave","Shrug It Off"],"picked":"Sword Boomerang+1","floor":19},{"not_picked":["Headbutt","Wild Strike+1","Clothesline"],"picked":"SKIP","floor":20},{"not_picked":["Anger+1","Sever Soul"],"picked":"Battle Trance","floor":24},{"not_picked":["Body Slam","Clash+1","Cleave"],"picked":"SKIP","floor":28},{"not_picked":["Disarm","Havoc+1"],"picked":"Impervious","floor":29},{"not_picked":["Cleave","Shrug It Off","Hemokinesis"],"picked":"SKIP","floor":30},{"not_picked":["Pommel Strike","Searing Blow+1"],"picked":"Seeing Red+1","floor":32},{"not_picked":["Dark Embrace","Berserk"],"picked":"Barricade","floor":33},{"not_picked":["Dropkick","Headbutt+1"],"picked":"Flex","floor":35},{"not_picked":["Combust+1","Wild Strike"],"picked":"Body Slam","floor":36},{"not_picked":["Secret Weapon","Discovery"],"picked":"Panacea","floor":37},{"not_picked":["Armaments","Intimidate"],"picked":"Pommel Strike+1","floor":39}],"player_experience":126639,"relics_obtained":[{"floor":6,"key":"Shovel"},{"floor":8,"key":"Incense Burner"},{"floor":9,"key":"Lantern"},{"floor":13,"key":"Bottled Flame"},{"floor":24,"key":"Dream Catcher"},{"floor":26,"key":"Kunai"},{"floor":30,"key":"Mango"},{"floor":38,"key":"Pocketwatch"}],"event_choices":[{"damage_healed":0,"gold_gain":0,"player_choice":"Success","damage_taken":25,"relics_obtained":["Pen Nib"],"max_hp_gain":0,"max_hp_loss":0,"event_name":"Scrap Ooze","floor":2,"gold_loss":0},{"damage_healed":0,"gold_gain":75,"player_choice":"Gather Gold","damage_taken":11,"max_hp_gain":0,"max_hp_loss":0,"event_name":"World of Goop","floor":3,"gold_loss":0},{"damage_healed":0,"gold_gain":0,"player_choice":"1 cards matched","damage_taken":0,"max_hp_gain":0,"max_hp_loss":0,"event_name":"Match and Keep!","floor":4,"gold_loss":0,"cards_obtained":["Enlightenment"]},{"cards_removed":["Strike_R"],"damage_healed":0,"gold_gain":0,"player_choice":"Forget","damage_taken":0,"max_hp_gain":0,"max_hp_loss":0,"event_name":"Living Wall","floor":12,"gold_loss":0},{"damage_healed":0,"gold_gain":0,"player_choice":"Gave Potion","damage_taken":0,"relics_obtained":["Regal Pillow"],"max_hp_gain":0,"max_hp_loss":0,"event_name":"WeMeetAgain","floor":22,"gold_loss":0},{"damage_healed":0,"gold_gain":0,"player_choice":"Memory 1","damage_taken":0,"max_hp_gain":0,"max_hp_loss":0,"event_name":"SensoryStone","floor":37,"gold_loss":0},{"damage_healed":0,"gold_gain":0,"player_choice":"Fight","damage_taken":0,"max_hp_gain":0,"max_hp_loss":0,"event_name":"Mysterious Sphere","floor":38,"gold_loss":0}],"is_beta":false,"boss_relics":[{"not_picked":["White Beast Statue","Runic Pyramid"],"picked":"Philosopher\u0027s Stone"},{"not_picked":["Lizard Tail","Fusion Hammer"],"picked":"Mark of Pain"}],"items_purged_floors":[10],"is_endless":false,"potions_floor_spawned":[5,13,16,18,20,29,36],"killed_by":"Giant Head","ascension_level":1}