{"gold_per_floor":[114,125,137,26,38,38,68,88,113,113],"floor_reached":10,"playtime":388,"items_purged":["Dualcast"],"score":70,"play_id":"312e8a4c-1feb-46af-85bd-4db0e8c75170","local_time":"20190723183449","is_ascension_mode":false,"campfire_choices":[{"floor":6,"key":"RECALL"}],"neow_cost":"NONE","seed_source_timestamp":94373740468568,"circlet_count":0,"master_deck":["Strike_B","Strike_B","Strike_B","Strike_B","Defend_B","Defend_B","Defend_B","Defend_B","Zap+1","Coolheaded","Coolheaded","Steam Power","Self Repair","Sweeping Beam","Steam","Conserve Battery"],"relics":["Cracked Core","Kunai","Centennial Puzzle"],"potions_floor_usage":[5,7],"damage_taken":[{"damage":0,"enemies":"Cultist","floor":1,"turns":4},{"damage":0,"enemies":"Small Slimes","floor":2,"turns":2},{"damage":2,"enemies":"Jaw Worm","floor":3,"turns":4},{"damage":9,"enemies":"Gremlin Gang","floor":5,"turns":9},{"damage":41,"enemies":"Gremlin Nob","floor":7,"turns":5},{"damage":2,"enemies":"Blue Slaver","floor":8,"turns":4},{"damage":0,"enemies":"Large Slime","floor":10,"turns":1}],"seed_played":"4878861387312622023","potions_obtained":[{"floor":2,"key":"SneckoOil"},{"floor":5,"key":"Ancient Potion"},{"floor":7,"key":"Explosive Potion"},{"floor":8,"key":"Energy Potion"}],"is_trial":false,"path_per_floor":["M","M","M","$","M","R","E","M","T","M"],"character_chosen":"DEFECT","items_purchased":["Self Repair"],"campfire_rested":0,"item_purchase_floors":[4],"current_hp_per_floor":[75,75,73,73,71,71,37,42,42,42],"gold":113,"neow_bonus":"UPGRADE_CARD","is_prod":false,"is_daily":false,"chose_seed":false,"campfire_upgraded":0,"win_rate":0,"timestamp":1563921289,"path_taken":["M","M","M","$","M","R","E","M","T","M"],"build_version":"2019-07-17","purchased_purges":1,"victory":false,"max_hp_per_floor":[75,75,75,75,75,75,75,75,75,75],"card_choices":[{"not_picked":["Steam","Streamline"],"picked":"Coolheaded","floor":1},{"not_picked":["Doom and Gloom","Defragment"],"picked":"Coolheaded","floor":2},{"not_picked":["Hologram","Heatsinks"],"picked":"Steam Power","floor":3},{"not_picked":["Auto Shields","Leap"],"picked":"Sweeping Beam","floor":5},{"not_picked":["FTL","Force Field"],"picked":"Steam","floor":7},{"not_picked":["Storm","Aggregate"],"picked":"Conserve Battery","floor":8}],"player_experience":113162,"relics_obtained":[{"floor":7,"key":"Kunai"},{"floor":9,"key":"Centennial Puzzle"}],"event_choices":[],"is_beta":false,"boss_relics":[],"items_purged_floors":[4],"is_endless":false,"potions_floor_spawned":[2,5,7,8],"killed_by":"Large Slime","ascension_level":0}