{"gold_per_floor":[114,131,131,131,131,131,131,131,131,143,143,143,3,25,25,121,121,133,133,133,133,149,164,164,164,164,264,276,295,295,295,295,295],"floor_reached":33,"playtime":3652,"items_purged":[],"score":256,"play_id":"88014306-35ac-462f-b263-ec5a326ba8e7","local_time":"20190707023623","is_ascension_mode":false,"campfire_choices":[{"data":"Deep Breath","floor":6,"key":"SMITH"},{"data":"Iron Wave","floor":8,"key":"SMITH"},{"data":"Anger","floor":12,"key":"SMITH"},{"data":"Armaments","floor":15,"key":"SMITH"},{"data":"Dramatic Entrance","floor":24,"key":"SMITH"},{"data":"Searing Blow","floor":30,"key":"SMITH"},{"data":"Searing Blow+1","floor":32,"key":"SMITH"}],"neow_cost":"TEN_PERCENT_HP_LOSS","seed_source_timestamp":40574202822242,"circlet_count":0,"master_deck":["Strike_R+1","Strike_R+1","Strike_R+1","Defend_R+1","Defend_R+1","Bash","Deep Breath+1","Iron Wave+1","Headbutt","Clash","Anger+1","Iron Wave","Armaments+1","Dramatic Entrance+1","Battle Trance","Feed","Rage+1","Perfected Strike+1","Searing Blow+2"],"relics":["Burning Blood","Lantern","Mercury Hourglass","Odd Mushroom","Velvet Choker","Ice Cream","Pocketwatch"],"potions_floor_usage":[33,33,33],"damage_taken":[{"damage":0,"enemies":"2 Louse","floor":1,"turns":4},{"damage":8,"enemies":"Jaw Worm","floor":2,"turns":4},{"damage":0,"enemies":"Small Slimes","floor":10,"turns":3},{"damage":5,"enemies":"The Mushroom Lair","floor":14,"turns":3},{"damage":18,"enemies":"Hexaghost","floor":16,"turns":8},{"damage":5,"enemies":"Chosen","floor":18,"turns":3},{"damage":0,"enemies":"2 Thieves","floor":22,"turns":3},{"damage":3,"enemies":"Snecko","floor":23,"turns":4},{"damage":5,"enemies":"Centurion and Healer","floor":28,"turns":4},{"damage":5,"enemies":"Cultist and Chosen","floor":29,"turns":3},{"damage":84,"enemies":"Automaton","floor":33,"turns":8}],"seed_played":"-5420984689702786902","potions_obtained":[{"floor":14,"key":"Strength Potion"},{"floor":22,"key":"Fire Potion"},{"floor":23,"key":"PowerPotion"},{"floor":29,"key":"Explosive Potion"}],"is_trial":false,"path_per_floor":["M","M","?","?","?","R","?","R","T","M","?","R","$","?","R","B",null,"M","?","?","T","M","M","R","?","T","?","M","M","R","?","R","B"],"character_chosen":"IRONCLAD","items_purchased":["Armaments","Dramatic Entrance"],"campfire_rested":0,"item_purchase_floors":[13,13],"current_hp_per_floor":[72,70,70,63,56,56,56,56,56,62,62,62,62,63,63,51,72,72,72,72,72,72,75,75,75,75,75,75,75,75,75,75,0],"gold":295,"neow_bonus":"RANDOM_COLORLESS_2","is_prod":false,"is_daily":false,"chose_seed":false,"campfire_upgraded":7,"win_rate":0.0,"timestamp":1562484983,"path_taken":["M","M","?","?","?","R","?","R","T","?","?","R","$","?","R","BOSS","M","?","?","?","?","M","R","?","T","?","M","?","R","?","R","BOSS"],"build_version":"2019-07-05","purchased_purges":0,"victory":false,"max_hp_per_floor":[72,72,72,72,72,72,72,72,72,72,72,72,72,72,72,72,72,72,72,72,72,72,75,75,75,75,75,75,75,75,75,75,75],"card_choices":[{"not_picked":["Rampage","Bloodletting"],"picked":"Iron Wave","floor":1},{"not_picked":["Battle Trance","True Grit"],"picked":"Headbutt","floor":2},{"not_picked":["Whirlwind","Clothesline"],"picked":"Anger","floor":10},{"not_picked":["Fire Breathing","Twin Strike"],"picked":"Battle Trance","floor":14},{"not_picked":["Reaper","Demon Form"],"picked":"Feed","floor":16},{"not_picked":["Warcry","Flex"],"picked":"Rage+1","floor":18},{"not_picked":["Intimidate","Sword Boomerang","Thunderclap"],"picked":"SKIP","floor":22},{"not_picked":["Intimidate","Sword Boomerang","Thunderclap"],"picked":"SKIP","floor":22},{"not_picked":["Headbutt","Disarm+1"],"picked":"Perfected Strike+1","floor":23},{"not_picked":["Clothesline+1","Sword Boomerang","Warcry"],"picked":"SKIP","floor":28},{"not_picked":["Sword Boomerang","Blood for Blood+1","Warcry"],"picked":"SKIP","floor":29}],"player_experience":5302,"relics_obtained":[{"floor":9,"key":"Mercury Hourglass"},{"floor":14,"key":"Odd Mushroom"},{"floor":21,"key":"Ice Cream"},{"floor":26,"key":"Pocketwatch"}],"event_choices":[{"damage_healed":0,"gold_gain":0,"player_choice":"Ignored","damage_taken":0,"max_hp_gain":0,"max_hp_loss":0,"event_name":"Liars Game","floor":3,"gold_loss":0},{"cards_removed":["Purity"],"damage_healed":0,"gold_gain":0,"player_choice":"Card Removal","damage_taken":7,"max_hp_gain":0,"max_hp_loss":0,"event_name":"Golden Wing","floor":4,"gold_loss":0},{"damage_healed":0,"gold_gain":0,"player_choice":"Success","damage_taken":7,"relics_obtained":["Lantern"],"max_hp_gain":0,"max_hp_loss":0,"event_name":"Scrap Ooze","floor":5,"gold_loss":0},{"damage_healed":0,"gold_gain":0,"cards_transformed":["Strike_R"],"player_choice":"Transformed","damage_taken":0,"max_hp_gain":0,"max_hp_loss":0,"event_name":"Transmorgrifier","floor":7,"gold_loss":0,"cards_obtained":["Clash"]},{"damage_healed":0,"gold_gain":0,"cards_transformed":["Strike_R"],"player_choice":"Change","damage_taken":0,"max_hp_gain":0,"max_hp_loss":0,"event_name":"Living Wall","floor":11,"gold_loss":0,"cards_obtained":["Iron Wave"]},{"damage_healed":0,"gold_gain":0,"player_choice":"Fought Mushrooms","damage_taken":0,"max_hp_gain":0,"max_hp_loss":0,"event_name":"Mushrooms","floor":14,"gold_loss":0},{"damage_healed":0,"gold_gain":0,"player_choice":"Ignored","damage_taken":0,"max_hp_gain":0,"max_hp_loss":0,"event_name":"Ghosts","floor":19,"gold_loss":0},{"damage_healed":0,"gold_gain":0,"player_choice":"Simplicity","damage_taken":0,"max_hp_gain":0,"max_hp_loss":0,"event_name":"Back to Basics","floor":20,"gold_loss":0,"cards_upgraded":["Strike_R","Strike_R","Strike_R","Defend_R","Defend_R","Defend_R","Defend_R"]},{"damage_healed":0,"gold_gain":0,"cards_transformed":["Defend_R","Defend_R"],"player_choice":"Became Test Subject","damage_taken":0,"max_hp_gain":0,"max_hp_loss":0,"event_name":"Drug Dealer","floor":25,"gold_loss":0,"cards_obtained":["Hemokinesis","Searing Blow"]},{"damage_healed":0,"gold_gain":100,"player_choice":"Pray","damage_taken":0,"max_hp_gain":0,"max_hp_loss":0,"event_name":"Golden Shrine","floor":27,"gold_loss":0},{"cards_removed":["Hemokinesis"],"damage_healed":0,"gold_gain":0,"player_choice":"Offered Uncommon","damage_taken":0,"max_hp_gain":0,"max_hp_loss":0,"event_name":"Bonfire Elementals","floor":31,"gold_loss":0}],"is_beta":false,"boss_relics":[{"not_picked":["Snecko Eye","Tiny House"],"picked":"Velvet Choker"}],"items_purged_floors":[],"is_endless":false,"potions_floor_spawned":[14,22,23,29],"killed_by":"Automaton","ascension_level":0}