{"gold_per_floor":[119,119,119,68,79,4,4,32,32,45,64,64,75,92,92,192,192,205,205,219,72,86,121,121,137,205,205,59,70,85,85,85,85],"floor_reached":33,"playtime":2000,"items_purged":["Strike_B","Strike_B"],"score":309,"play_id":"435d3e3e-7de7-4526-9bb0-b40343af31f5","local_time":"20190724041806","is_ascension_mode":true,"campfire_choices":[{"data":"Zap","floor":7.0,"key":"SMITH"},{"data":"Go for the Eyes","floor":15.0,"key":"SMITH"},{"data":"Conserve Battery","floor":24,"key":"SMITH"},{"data":"Conserve Battery","floor":27,"key":"SMITH"},{"data":"Go for the Eyes","floor":32,"key":"SMITH"}],"neow_cost":"NONE","seed_source_timestamp":0,"circlet_count":0,"master_deck":["Strike_B","Strike_B","Defend_B","Defend_B","Defend_B","Defend_B","Zap+1","Dualcast","Cold Snap","Beam Cell+1","Cold Snap","Gash","Go for the Eyes+1","Sweeping Beam","Ball Lightning","Coolheaded","Conserve Battery+1","Barrage","FTL","Conserve Battery+1","Go for the Eyes+1","Sweeping Beam","Hologram+1"],"special_seed":0,"relics":["Cracked Core","NeowsBlessing","Matryoshka","Mummified Hand","Bag of Preparation","Cables","Eternal Feather","PreservedInsect","Ornamental Fan","Blood Vial","Sundial"],"potions_floor_usage":[20,22,30],"damage_taken":[{"damage":0.0,"enemies":"2 Louse","floor":1.0,"turns":1.0},{"damage":0.0,"enemies":"Small Slimes","floor":5.0,"turns":1.0},{"damage":0.0,"enemies":"Gremlin Nob","floor":8.0,"turns":1.0},{"damage":0.0,"enemies":"Cultist","floor":10.0,"turns":2.0},{"damage":8.0,"enemies":"Gremlin Gang","floor":11.0,"turns":3.0},{"damage":6.0,"enemies":"Looter","floor":13.0,"turns":2.0},{"damage":1.0,"enemies":"Red Slaver","floor":14.0,"turns":2.0},{"damage":41.0,"enemies":"The Guardian","floor":16.0,"turns":11.0},{"damage":15.0,"enemies":"2 Thieves","floor":18.0,"turns":3.0},{"damage":0,"enemies":"Shell Parasite","floor":20,"turns":4},{"damage":17,"enemies":"Shelled Parasite and Fungi","floor":22,"turns":6},{"damage":28,"enemies":"Slavers","floor":23,"turns":5},{"damage":0,"enemies":"Snake Plant","floor":25,"turns":5},{"damage":0,"enemies":"3 Cultists","floor":29,"turns":5},{"damage":7,"enemies":"Snecko","floor":30,"turns":5},{"damage":55,"enemies":"Champ","floor":33,"turns":16}],"seed_played":"-2748950656717922143","potions_obtained":[{"floor":10.0,"key":"Weak Potion"},{"floor":11.0,"key":"Energy Potion"},{"floor":12.0,"key":"Regen Potion"},{"floor":20,"key":"PowerPotion"},{"floor":25,"key":"Weak Potion"}],"is_trial":false,"path_per_floor":["M","?","?","$","M","$","R","E","T","M","M","?","M","M","R","B",null,"M","?","M","$","M","E","R","M","T","R","$","M","M","?","R","B"],"character_chosen":"DEFECT","items_purchased":["Beam Cell","PreservedInsect","Go for the Eyes"],"campfire_rested":0,"item_purchase_floors":[4,21,28],"current_hp_per_floor":[75,68,68,68,68,68,68,68,68,68,60,60,54,53,53,12,75,60,60,72,72,55,27,39,39,39,51,51,53,48,48,60,7],"gold":85,"neow_bonus":"THREE_ENEMY_KILL","is_prod":false,"is_daily":false,"chose_seed":false,"campfire_upgraded":5,"win_rate":0,"timestamp":1563959886,"path_taken":["M","?","?","$","M","$","R","E","T","M","M","?","?","?","R","BOSS","M","?","M","$","M","E","R","?","T","R","?","?","M","?","R","BOSS"],"build_version":"2019-07-17","purchased_purges":2,"victory":false,"max_hp_per_floor":[75,75,75,75,75,75,75,75,75,75,75,75,75,75,75,75,75,75,75,75,75,75,75,75,75,75,75,75,75,75,75,75,75],"card_choices":[{"not_picked":["Coolheaded","Rebound"],"picked":"Cold Snap","floor":1.0},{"not_picked":["Lockon","Blizzard"],"picked":"Cold Snap","floor":5.0},{"not_picked":["Capacitor","Steam"],"picked":"Gash","floor":8.0},{"not_picked":["Streamline","Coolheaded"],"picked":"Go for the Eyes","floor":10.0},{"not_picked":["Darkness","Streamline"],"picked":"Sweeping Beam","floor":11.0},{"not_picked":["White Noise","Streamline"],"picked":"Ball Lightning","floor":13.0},{"not_picked":["Gash","Streamline"],"picked":"Coolheaded","floor":14.0},{"not_picked":["Steam+1","Stack"],"picked":"Conserve Battery","floor":18},{"not_picked":["Stack","Go for the Eyes"],"picked":"Barrage","floor":20},{"not_picked":["Hyperbeam","Compile Driver"],"picked":"FTL","floor":22},{"not_picked":["Rebound+1","Steam","Sunder+1"],"picked":"SKIP","floor":23},{"not_picked":["Lockon+1","Coolheaded"],"picked":"Conserve Battery","floor":25},{"not_picked":["Ball Lightning","Double Energy+1"],"picked":"Sweeping Beam","floor":29},{"not_picked":["Steam","Leap"],"picked":"Hologram+1","floor":30}],"player_experience":221226,"relics_obtained":[{"floor":8.0,"key":"Mummified Hand"},{"floor":9.0,"key":"Bag of Preparation"},{"floor":9.0,"key":"Cables"},{"floor":23,"key":"Ornamental Fan"},{"floor":26,"key":"Blood Vial"},{"floor":26,"key":"Sundial"}],"event_choices":[{"damage_healed":0.0,"max_hp_gain":0.0,"max_hp_loss":0.0,"gold_gain":0.0,"event_name":"Scrap Ooze","player_choice":"Success","floor":2.0,"gold_loss":0.0,"damage_taken":7.0,"relics_obtained":["Matryoshka"]},{"damage_healed":0.0,"max_hp_gain":0.0,"max_hp_loss":0.0,"gold_gain":0.0,"event_name":"Liars Game","player_choice":"Ignored","floor":3.0,"gold_loss":0.0,"damage_taken":0.0},{"damage_healed":0.0,"max_hp_gain":0.0,"max_hp_loss":0.0,"gold_gain":0.0,"event_name":"Lab","player_choice":"Got Potions","floor":12.0,"gold_loss":0.0,"damage_taken":0.0},{"damage_healed":0,"gold_gain":0,"player_choice":"Upgraded","damage_taken":0,"max_hp_gain":0,"max_hp_loss":0,"event_name":"Upgrade Shrine","floor":19,"gold_loss":0,"cards_upgraded":["Beam Cell"]},{"damage_healed":0,"gold_gain":0,"player_choice":"Ignored","damage_taken":0,"max_hp_gain":0,"max_hp_loss":0,"event_name":"Ghosts","floor":31,"gold_loss":0}],"is_beta":false,"boss_relics":[{"not_picked":["Ectoplasm","Astrolabe"],"picked":"Eternal Feather"}],"items_purged_floors":[6,28],"is_endless":false,"potions_floor_spawned":[10,11,13,14,20,25],"killed_by":"Champ","ascension_level":1}