{"gold_per_floor":[99,99,99,99,73,73,73,73,73,73,73,73,73,73,73,73,73,73,73,73,73],"floor_reached":21,"playtime":879,"items_purged":[],"score":196,"play_id":"3f58d7e0-390d-4178-b0a0-53d7dbe90fff","local_time":"20190724193624","is_ascension_mode":true,"campfire_choices":[{"data":"Neutralize","floor":6,"key":"SMITH"},{"data":"Endless Agony","floor":8,"key":"SMITH"},{"data":"Blade Dance","floor":13,"key":"SMITH"},{"data":"Malaise","floor":15,"key":"SMITH"}],"neow_cost":"NONE","seed_source_timestamp":65228657105167,"circlet_count":0,"master_deck":["Strike_G","Strike_G","Strike_G","Strike_G","Defend_G","Defend_G","Defend_G","Defend_G","Defend_G","Survivor","Neutralize+1","Endless Agony+1","Regret","Malaise+1","Underhanded Strike","Noxious Fumes","Flying Knee","Blade Dance+1","Heel Hook","After Image","Blade Dance+1","Flying Knee+1","Distraction"],"relics":["Ectoplasm","Bronze Scales","Pear","Blood Vial","Art of War","Cursed Key"],"potions_floor_usage":[16],"damage_taken":[{"damage":1,"enemies":"Small Slimes","floor":1,"turns":4},{"damage":7,"enemies":"Lagavulin","floor":7,"turns":10},{"damage":20,"enemies":"3 Sentries","floor":10,"turns":6},{"damage":1,"enemies":"2 Louse","floor":11,"turns":3},{"damage":0,"enemies":"Jaw Worm","floor":14,"turns":2},{"damage":42,"enemies":"The Guardian","floor":16,"turns":11},{"damage":9,"enemies":"Chosen","floor":18,"turns":6},{"damage":7,"enemies":"Spheric Guardian","floor":19,"turns":5},{"damage":19,"enemies":"Centurion and Healer","floor":20,"turns":8},{"damage":74,"enemies":"Cultist and Chosen","floor":21,"turns":4}],"seed_played":"-5462743541144980099","potions_obtained":[{"floor":11,"key":"EssenceOfSteel"},{"floor":14,"key":"Regen Potion"},{"floor":19,"key":"SteroidPotion"}],"is_trial":false,"path_per_floor":["M","?","?","?","$","R","E","R","T","E","M","$","R","M","R","B",null,"M","M","M","M"],"character_chosen":"THE_SILENT","items_purchased":["Underhanded Strike"],"campfire_rested":0,"item_purchase_floors":[5],"current_hp_per_floor":[69,69,58,58,58,58,61,61,61,43,44,44,44,46,46,21,80,71,66,49,0],"gold":73,"neow_bonus":"BOSS_RELIC","is_prod":false,"is_daily":false,"chose_seed":false,"campfire_upgraded":4,"win_rate":0,"timestamp":1563989784,"path_taken":["M","?","?","?","?","R","E","R","T","E","M","$","R","M","R","BOSS","M","M","M","M"],"build_version":"2019-07-05","purchased_purges":0,"victory":false,"max_hp_per_floor":[70,70,70,70,70,70,80,80,80,80,80,80,80,80,80,80,80,80,80,80,80],"card_choices":[{"not_picked":["Bane","Leg Sweep"],"picked":"Endless Agony","floor":1},{"not_picked":["Blade Dance","Flying Knee"],"picked":"Noxious Fumes","floor":7},{"not_picked":["PiercingWail","Quick Slash"],"picked":"Flying Knee","floor":10},{"not_picked":["Envenom","Dagger Spray"],"picked":"Blade Dance","floor":11},{"not_picked":["Eviscerate","Blade Dance"],"picked":"Heel Hook","floor":14},{"not_picked":["Glass Knife","Storm of Steel"],"picked":"After Image","floor":16},{"not_picked":["Bane","Slice+1"],"picked":"Blade Dance+1","floor":18},{"not_picked":["Caltrops+1","Outmaneuver"],"picked":"Flying Knee+1","floor":19},{"not_picked":["Quick Slash","Underhanded Strike"],"picked":"Distraction","floor":20}],"player_experience":124721,"relics_obtained":[{"floor":7,"key":"Pear"},{"floor":9,"key":"Blood Vial"},{"floor":10,"key":"Art of War"}],"event_choices":[{"damage_healed":0,"gold_gain":0,"player_choice":"Box","damage_taken":0,"relics_obtained":["Bronze Scales"],"max_hp_gain":0,"max_hp_loss":0,"event_name":"Big Fish","floor":2,"gold_loss":0,"cards_obtained":["Regret"]},{"damage_healed":0,"gold_gain":75,"player_choice":"Gather Gold","damage_taken":11,"max_hp_gain":0,"max_hp_loss":0,"event_name":"World of Goop","floor":3,"gold_loss":0},{"damage_healed":0,"gold_gain":0,"cards_transformed":["Strike_G"],"player_choice":"Change","damage_taken":0,"max_hp_gain":0,"max_hp_loss":0,"event_name":"Living Wall","floor":4,"gold_loss":0,"cards_obtained":["Malaise"]}],"is_beta":false,"boss_relics":[{"not_picked":["Fusion Hammer","Coffee Dripper"],"picked":"Cursed Key"}],"items_purged_floors":[],"is_endless":false,"potions_floor_spawned":[11,14,19],"killed_by":"Cultist and Chosen","ascension_level":1}