{"gold_per_floor":[114,134,134,134,209,243,243,268,268,281,296,15,15,42,54,163,175,187],"floor_reached":18,"playtime":1399,"items_purged":[],"score":267,"play_id":"b7e5f55c-e011-49ae-acef-340360ff1a8e","local_time":"20190703082927","is_ascension_mode":true,"campfire_choices":[{"floor":7,"key":"REST"},{"floor":13,"key":"REST"},{"data":"1","floor":15,"key":"LIFT"}],"neow_cost":"NONE","seed_source_timestamp":313120318824100,"circlet_count":0,"master_deck":["AscendersBane","Strike_R","Strike_R","Strike_R","Strike_R","Strike_R","Defend_R","Defend_R","Defend_R","Defend_R","Bash","Offering","Uppercut","Carnage","Regret","Metallicize","Metallicize","Feel No Pain","Fire Breathing","Limit Break"],"relics":["Burning Blood","Sundial","Omamori","Girya","Bird Faced Urn","The Courier","Anchor","Brimstone","MawBank","Fusion Hammer"],"potions_floor_usage":[8,16,18,18],"damage_taken":[{"damage":8,"enemies":"Jaw Worm","floor":1,"turns":3},{"damage":6,"enemies":"Small Slimes","floor":2,"turns":3},{"damage":39,"enemies":"3 Sentries","floor":6,"turns":9},{"damage":21,"enemies":"Gremlin Nob","floor":8,"turns":4},{"damage":0,"enemies":"2 Louse","floor":10,"turns":3},{"damage":7,"enemies":"Blue Slaver","floor":11,"turns":6},{"damage":20,"enemies":"3 Sentries","floor":14,"turns":6},{"damage":13,"enemies":"Slime Boss","floor":16,"turns":9},{"damage":82,"enemies":"3 Byrds","floor":18,"turns":3}],"seed_played":"2030915330839193812","potions_obtained":[{"floor":6,"key":"Energy Potion"},{"floor":8,"key":"GamblersBrew"},{"floor":10,"key":"Strength Potion"},{"floor":16,"key":"Energy Potion"}],"is_trial":false,"path_per_floor":["M","M","?","?","?","E","R","E","T","M","M","$","R","E","R","B",null,"M"],"character_chosen":"IRONCLAD","items_purchased":["Anchor","Brimstone"],"campfire_rested":2,"item_purchase_floors":[12,12],"current_hp_per_floor":[70,70,70,63,52,19,43,28,28,36,39,39,63,55,55,56,74,0],"gold":187,"neow_bonus":"ONE_RANDOM_RARE_CARD","is_prod":false,"is_daily":false,"chose_seed":false,"campfire_upgraded":0,"win_rate":0,"timestamp":1562138967,"path_taken":["M","M","?","?","?","E","R","E","T","M","?","$","R","E","R","BOSS","M"],"build_version":"2019-07-01","purchased_purges":0,"victory":false,"max_hp_per_floor":[80,80,80,80,80,80,80,80,80,80,80,80,80,80,80,80,80,80],"card_choices":[{"not_picked":["Heavy Blade","Body Slam"],"picked":"Uppercut","floor":1},{"not_picked":["Reckless Charge","Clothesline"],"picked":"Carnage","floor":2},{"not_picked":["Cleave","Shrug It Off"],"picked":"Metallicize","floor":6},{"not_picked":["Burning Pact","Dual Wield"],"picked":"Metallicize","floor":8},{"not_picked":["Perfected Strike","Wild Strike","True Grit"],"picked":"SKIP","floor":10},{"not_picked":["Clash","Thunderclap"],"picked":"Feel No Pain","floor":11},{"not_picked":["Rage","Shockwave"],"picked":"Fire Breathing","floor":14},{"not_picked":["Offering","Brutality"],"picked":"Limit Break","floor":16}],"player_experience":941691,"relics_obtained":[{"floor":6,"key":"Girya"},{"floor":8,"key":"Bird Faced Urn"},{"floor":9,"key":"The Courier"},{"floor":14,"key":"MawBank"}],"event_choices":[{"damage_healed":0,"gold_gain":0,"player_choice":"Box","damage_taken":0,"relics_obtained":["Sundial"],"max_hp_gain":0,"max_hp_loss":0,"event_name":"Big Fish","floor":3,"gold_loss":0,"cards_obtained":["Regret"]},{"damage_healed":0,"gold_gain":0,"player_choice":"Success","damage_taken":7,"relics_obtained":["Omamori"],"max_hp_gain":0,"max_hp_loss":0,"event_name":"Scrap Ooze","floor":4,"gold_loss":0},{"damage_healed":0,"gold_gain":75,"player_choice":"Gather Gold","damage_taken":11,"max_hp_gain":0,"max_hp_loss":0,"event_name":"World of Goop","floor":5,"gold_loss":0}],"is_beta":false,"boss_relics":[{"not_picked":["Snecko Eye","Orrery"],"picked":"Fusion Hammer"}],"items_purged_floors":[],"is_endless":false,"potions_floor_spawned":[6,8,10,16],"killed_by":"3 Byrds","ascension_level":10}