{"gold_per_floor":[217,217,227,13,13,13,24,24,24,24,80,91,91,110,110,212,212,226,226,226,75,75,75,75,90,90,104,136,136,148,159,159,159],"floor_reached":33,"playtime":1385,"items_purged":["Strike_B","Defend_B"],"score":268,"play_id":"8638a22e-a6c0-41a2-b12d-7db5ef3243d7","local_time":"20190723232416","is_ascension_mode":true,"campfire_choices":[{"data":"Zap","floor":6,"key":"SMITH"},{"data":"Go for the Eyes","floor":8,"key":"SMITH"},{"data":"Beam Cell","floor":10,"key":"SMITH"},{"data":"Hologram","floor":13,"key":"SMITH"},{"floor":15,"key":"REST"},{"data":"Go for the Eyes","floor":23,"key":"SMITH"},{"floor":32,"key":"REST"}],"neow_cost":"NONE","seed_source_timestamp":30400017910281,"circlet_count":0,"master_deck":["Strike_B+1","Strike_B+1","Defend_B+1","Defend_B+1","Defend_B+1","Zap+1","Dualcast","Heatsinks","Ball Lightning+1","Go for the Eyes+1","Beam Cell+1","Conserve Battery","Sweeping Beam","Hologram+1","Cold Snap+1","Gash+1","Go for the Eyes+1","FTL","Ball Lightning","Beam Cell"],"relics":["Cracked Core","Mummified Hand","Boot","Sozu","Regal Pillow","Whetstone"],"potions_floor_usage":[11,11,33],"damage_taken":[{"damage":10,"enemies":"Jaw Worm","floor":1,"turns":4},{"damage":1,"enemies":"Cultist","floor":3,"turns":3},{"damage":0,"enemies":"Small Slimes","floor":7,"turns":3},{"damage":11,"enemies":"3 Sentries","floor":11,"turns":5},{"damage":13,"enemies":"2 Fungi Beasts","floor":12,"turns":3},{"damage":0,"enemies":"Exordium Wildlife","floor":14,"turns":3},{"damage":37,"enemies":"Hexaghost","floor":16,"turns":9},{"damage":1,"enemies":"Shell Parasite","floor":18,"turns":4},{"damage":2,"enemies":"Spheric Guardian","floor":25,"turns":3},{"damage":16,"enemies":"Centurion and Healer","floor":27,"turns":4},{"damage":19,"enemies":"Slavers","floor":28,"turns":5},{"damage":7,"enemies":"3 Cultists","floor":30,"turns":4},{"damage":8,"enemies":"Shelled Parasite and Fungi","floor":31,"turns":4},{"damage":57,"enemies":"Collector","floor":33,"turns":8}],"seed_played":"481419995889475245","potions_obtained":[{"floor":1,"key":"PowerPotion"},{"floor":7,"key":"FocusPotion"},{"floor":11,"key":"LiquidBronze"}],"is_trial":false,"path_per_floor":["M","?","M","$","?","R","M","R","T","R","?","M","R","M","R","B",null,"M","?","?","$","?","R","?","M","T","M","E","$","M","M","R","B"],"character_chosen":"DEFECT","items_purchased":["Go for the Eyes","Beam Cell","Conserve Battery","Go for the Eyes"],"campfire_rested":2,"item_purchase_floors":[4,4,4,21],"current_hp_per_floor":[65,65,64,64,69,69,69,69,69,69,58,45,45,45,69,32,80,79,79,64,64,64,64,64,62,62,46,27,27,20,12,52,0],"gold":159,"neow_bonus":"HUNDRED_GOLD","is_prod":false,"is_daily":false,"chose_seed":false,"campfire_upgraded":5,"win_rate":0,"timestamp":1563942256,"path_taken":["M","?","?","?","?","R","M","R","T","R","?","M","R","M","R","BOSS","M","?","?","?","?","R","?","?","T","M","E","$","?","M","R","BOSS"],"build_version":"2019-07-17","purchased_purges":2,"victory":false,"max_hp_per_floor":[75,75,75,75,80,80,80,80,80,80,80,80,80,80,80,80,80,80,80,85,85,85,85,85,85,85,85,85,85,85,85,85,85],"card_choices":[{"not_picked":["Steam","Streamline"],"picked":"Heatsinks","floor":1},{"not_picked":["Reinforced Body","White Noise"],"picked":"Ball Lightning","floor":3},{"not_picked":["Skim","Chaos","Tempest"],"picked":"SKIP","floor":7},{"not_picked":["Hologram","Leap"],"picked":"Sweeping Beam","floor":11},{"not_picked":["Doom and Gloom","Tempest"],"picked":"Hologram","floor":12},{"not_picked":["Steam","Turbo"],"picked":"Cold Snap","floor":14},{"not_picked":["Rip and Tear","Redo"],"picked":"Gash+1","floor":18},{"not_picked":["Beam Cell","Doom and Gloom"],"picked":"FTL","floor":25},{"not_picked":["Static Discharge","Chaos","Redo"],"picked":"SKIP","floor":27},{"not_picked":["Stack+1","Heatsinks+1"],"picked":"Ball Lightning","floor":28},{"not_picked":["Multi-Cast","Rebound","Steam"],"picked":"SKIP","floor":30},{"not_picked":["Doom and Gloom","Steam Power+1"],"picked":"Beam Cell","floor":31}],"player_experience":219841,"relics_obtained":[{"floor":9,"key":"Mummified Hand"},{"floor":11,"key":"Boot"},{"floor":26,"key":"Regal Pillow"},{"floor":28,"key":"Whetstone"}],"event_choices":[{"cards_removed":["Strike_B"],"damage_healed":0,"gold_gain":0,"player_choice":"Purged","damage_taken":0,"max_hp_gain":0,"max_hp_loss":0,"event_name":"Purifier","floor":2,"gold_loss":0},{"damage_healed":0,"gold_gain":0,"player_choice":"Donut","damage_taken":0,"max_hp_gain":5,"max_hp_loss":0,"event_name":"Big Fish","floor":5,"gold_loss":0},{"damage_healed":0,"gold_gain":30,"player_choice":"Searched \u00272\u0027 times","damage_taken":0,"max_hp_gain":0,"max_hp_loss":0,"event_name":"Dead Adventurer","floor":11,"gold_loss":0},{"damage_healed":0,"gold_gain":0,"player_choice":"Ignored","damage_taken":0,"max_hp_gain":0,"max_hp_loss":0,"event_name":"Vampires","floor":19,"gold_loss":0},{"damage_healed":0,"gold_gain":0,"player_choice":"Shed Blood","damage_taken":20,"max_hp_gain":5,"max_hp_loss":0,"event_name":"Forgotten Altar","floor":20,"gold_loss":0},{"damage_healed":0,"gold_gain":0,"player_choice":"Simplicity","damage_taken":0,"max_hp_gain":0,"max_hp_loss":0,"event_name":"Back to Basics","floor":22,"gold_loss":0,"cards_upgraded":["Strike_B","Strike_B","Defend_B","Defend_B","Defend_B"]},{"damage_healed":0,"gold_gain":0,"player_choice":"Ignored","damage_taken":0,"max_hp_gain":0,"max_hp_loss":0,"event_name":"N\u0027loth","floor":24,"gold_loss":0}],"is_beta":false,"boss_relics":[{"not_picked":["Runic Pyramid","Cursed Key"],"picked":"Sozu"}],"items_purged_floors":[4,21],"is_endless":false,"potions_floor_spawned":[1,7,11,18,28,31],"killed_by":"Collector","ascension_level":1}