{"gold_per_floor":[118,118,118,134,152,152,185,185,209,228,37,49,49,65,65,167,217,229,229,229,245,257,292,305,305,355,81,81,181,181],"floor_reached":30,"playtime":2479,"items_purged":["Poisoned Stab"],"score":275,"play_id":"ab84eb2f-efc9-4754-8572-4eba96d66bdf","local_time":"20190710170736","is_ascension_mode":false,"campfire_choices":[{"data":"Quick Slash","floor":6,"key":"SMITH"},{"data":"Footwork","floor":8,"key":"SMITH"},{"data":"Footwork","floor":15,"key":"SMITH"},{"data":"Well Laid Plans","floor":25,"key":"SMITH"},{"data":"Terror","floor":28,"key":"SMITH"}],"neow_cost":"NONE","seed_source_timestamp":4448608722015,"circlet_count":0,"master_deck":["Strike_G+1","Strike_G+1","Strike_G+1","Defend_G+1","Defend_G+1","Defend_G+1","Defend_G+1","Defend_G+1","Survivor","Neutralize","Slice","Quick Slash+1","Footwork+1","Footwork+1","Deflect","Sucker Punch","Dagger Throw","Deflect","Die Die Die","Well Laid Plans+1","Dash+1","Backflip+1","Slice","Footwork","Deflect","Terror+1","Quick Slash"],"relics":["Ring of the Snake","PreservedInsect","Pen Nib","Bag of Marbles","Tiny House","Tough Bandages","Potion Belt","Ice Cream","Question Card"],"potions_floor_usage":[16,18,21,29],"damage_taken":[{"damage":0,"enemies":"2 Louse","floor":1,"turns":4},{"damage":1,"enemies":"Jaw Worm","floor":4,"turns":4},{"damage":0,"enemies":"Cultist","floor":5,"turns":3},{"damage":13,"enemies":"Lagavulin","floor":7,"turns":5},{"damage":1,"enemies":"Blue Slaver","floor":10,"turns":3},{"damage":17,"enemies":"Exordium Thugs","floor":12,"turns":4},{"damage":0,"enemies":"Red Slaver","floor":14,"turns":3},{"damage":20,"enemies":"Slime Boss","floor":16,"turns":19},{"damage":7,"enemies":"Spheric Guardian","floor":18,"turns":5},{"damage":0,"enemies":"3 Byrds","floor":21,"turns":4},{"damage":23,"enemies":"Centurion and Healer","floor":22,"turns":13},{"damage":0,"enemies":"Gremlin Leader","floor":23,"turns":4},{"damage":14,"enemies":"Snake Plant","floor":24,"turns":5},{"damage":17,"enemies":"Colosseum Slavers","floor":29,"turns":4},{"damage":0,"enemies":"Colosseum Nobs","floor":29,"turns":4},{"damage":6,"enemies":"Cultist and Chosen","floor":30,"turns":6}],"seed_played":"1684617868143525940","potions_obtained":[{"floor":5,"key":"SteroidPotion"},{"floor":7,"key":"GhostInAJar"},{"floor":14,"key":"Swift Potion"},{"floor":17,"key":"AttackPotion"},{"floor":22,"key":"FearPotion"},{"floor":24,"key":"Poison Potion"}],"is_trial":false,"path_per_floor":["M","?","?","M","M","R","E","R","T","M","$","M","?","M","R","B",null,"M","?","?","M","M","E","M","R","T","$","R","?","M"],"character_chosen":"THE_SILENT","items_purchased":["Footwork","Deflect","Sucker Punch","Dagger Throw","Footwork","Deflect","Terror","Quick Slash"],"campfire_rested":0,"item_purchase_floors":[11,11,11,11,27,27,27,27],"current_hp_per_floor":[70,75,75,74,74,74,61,61,61,60,60,43,43,43,43,23,80,73,73,73,73,50,50,36,36,36,36,36,19,13],"gold":181,"neow_bonus":"RANDOM_COMMON_RELIC","is_prod":false,"is_daily":false,"chose_seed":false,"campfire_upgraded":5,"win_rate":0.0,"timestamp":1562796456,"path_taken":["M","?","?","M","M","R","E","R","T","M","$","?","?","M","R","BOSS","M","?","?","M","?","E","M","R","T","?","R","?","M"],"build_version":"2019-07-05","purchased_purges":1,"victory":false,"max_hp_per_floor":[70,75,75,75,75,75,75,75,75,75,75,75,75,75,75,75,80,80,80,80,80,80,80,80,80,80,80,80,80,80],"card_choices":[{"not_picked":["Blur","Distraction"],"picked":"Slice","floor":1},{"not_picked":["Bouncing Flask","Outmaneuver"],"picked":"Quick Slash","floor":4},{"not_picked":["Prepared","Poisoned Stab","Riddle With Holes"],"picked":"SKIP","floor":5},{"not_picked":["Crippling Poison","Acrobatics"],"picked":"Footwork","floor":7},{"not_picked":["Prepared","Bane","Eviscerate"],"picked":"SKIP","floor":10},{"not_picked":["Malaise","Bane","Crippling Poison"],"picked":"SKIP","floor":12},{"not_picked":["Deadly Poison","Escape Plan"],"picked":"Deflect","floor":14},{"not_picked":["Corpse Explosion","Envenom"],"picked":"Die Die Die","floor":16},{"not_picked":["Catalyst","Dodge and Roll"],"picked":"Well Laid Plans","floor":18},{"not_picked":["Underhanded Strike","Poisoned Stab","Choke+1"],"picked":"SKIP","floor":21},{"not_picked":["Eviscerate","Reflex"],"picked":"Dash+1","floor":22},{"not_picked":["Blur","Bane"],"picked":"Backflip+1","floor":23},{"not_picked":["PiercingWail","Backflip+1"],"picked":"Slice","floor":24}],"player_experience":78690,"relics_obtained":[{"floor":7,"key":"Pen Nib"},{"floor":9,"key":"Bag of Marbles"},{"floor":23,"key":"Tough Bandages"},{"floor":26,"key":"Potion Belt"},{"floor":29,"key":"Ice Cream"},{"floor":29,"key":"Question Card"}],"event_choices":[{"damage_healed":0,"gold_gain":0,"player_choice":"Donut","damage_taken":0,"max_hp_gain":5,"max_hp_loss":0,"event_name":"Big Fish","floor":2,"gold_loss":0},{"damage_healed":0,"gold_gain":0,"cards_transformed":["Strike_G"],"player_choice":"Change","damage_taken":0,"max_hp_gain":0,"max_hp_loss":0,"event_name":"Living Wall","floor":3,"gold_loss":0,"cards_obtained":["Poisoned Stab"]},{"cards_removed":["Strike_G"],"damage_healed":0,"gold_gain":0,"player_choice":"Purged","damage_taken":0,"max_hp_gain":0,"max_hp_loss":0,"event_name":"Purifier","floor":13,"gold_loss":0},{"damage_healed":0,"gold_gain":0,"player_choice":"Simplicity","damage_taken":0,"max_hp_gain":0,"max_hp_loss":0,"event_name":"Back to Basics","floor":19,"gold_loss":0,"cards_upgraded":["Strike_G","Strike_G","Defend_G","Defend_G","Defend_G","Defend_G","Defend_G"]},{"damage_healed":0,"gold_gain":0,"player_choice":"Ignored","damage_taken":0,"max_hp_gain":0,"max_hp_loss":0,"event_name":"The Mausoleum","floor":20,"gold_loss":0},{"damage_healed":0,"gold_gain":0,"player_choice":"Fight","damage_taken":0,"max_hp_gain":0,"max_hp_loss":0,"event_name":"Colosseum","floor":29,"gold_loss":0},{"damage_healed":0,"gold_gain":0,"player_choice":"Fought Nobs","damage_taken":0,"max_hp_gain":0,"max_hp_loss":0,"event_name":"Colosseum","floor":29,"gold_loss":0}],"is_beta":false,"boss_relics":[{"not_picked":["HoveringKite","Astrolabe"],"picked":"Tiny House"}],"items_purged_floors":[27],"is_endless":false,"potions_floor_spawned":[5,7,14,22,24,29],"killed_by":"Cultist and Chosen","ascension_level":0}