{"gold_per_floor":[119,119,129,32,47,76,76,104,104,114,126,126,137,148,148,243,243,253,271,271,287,202,228,228,245,272,272],"floor_reached":27,"playtime":933,"items_purged":[],"score":272,"play_id":"2a1e44d1-3662-48cd-b60a-7f80e74a6f47","local_time":"20190724110136","is_ascension_mode":false,"campfire_choices":[{"floor":12,"key":"REST"},{"floor":15,"key":"REST"},{"floor":24,"key":"REST"}],"neow_cost":"NONE","seed_source_timestamp":153032639507294,"circlet_count":0,"master_deck":["Strike_B","Strike_B","Strike_B","Strike_B","Defend_B","Defend_B","Defend_B","Defend_B","Zap","Conserve Battery","Streamline","Madness","Sweeping Beam","Gash","Coolheaded","Steam","Gash","Gash","Conserve Battery+1","Gash","Streamline","Turbo"],"relics":["Cracked Core","NeowsBlessing","Darkstone Periapt","Turnip","Nuclear Battery","Centennial Puzzle","Vajra","PreservedInsect"],"potions_floor_usage":[8,8,16,16],"damage_taken":[{"damage":0,"enemies":"2 Louse","floor":1,"turns":1},{"damage":0,"enemies":"Cultist","floor":3,"turns":1},{"damage":0,"enemies":"Small Slimes","floor":5,"turns":1},{"damage":32,"enemies":"Gremlin Nob","floor":6,"turns":4},{"damage":34,"enemies":"Lagavulin","floor":8,"turns":7},{"damage":8,"enemies":"Red Slaver","floor":10,"turns":3},{"damage":2,"enemies":"2 Fungi Beasts","floor":11,"turns":4},{"damage":10,"enemies":"Blue Slaver","floor":13,"turns":3},{"damage":5,"enemies":"3 Louse","floor":14,"turns":2},{"damage":22,"enemies":"The Guardian","floor":16,"turns":9},{"damage":9,"enemies":"Chosen","floor":18,"turns":6},{"damage":5,"enemies":"Spheric Guardian","floor":19,"turns":5},{"damage":9,"enemies":"Snake Plant","floor":21,"turns":6},{"damage":36,"enemies":"Book of Stabbing","floor":23,"turns":6},{"damage":8,"enemies":"Centurion and Healer","floor":25,"turns":4},{"damage":42,"enemies":"Gremlin Leader","floor":27,"turns":5}],"seed_played":"-1382895070859270220","potions_obtained":[{"floor":3,"key":"Energy Potion"},{"floor":6,"key":"LiquidBronze"},{"floor":7,"key":"FairyPotion"},{"floor":7,"key":"EssenceOfSteel"},{"floor":7,"key":"Regen Potion"},{"floor":11,"key":"Swift Potion"},{"floor":13,"key":"Ancient Potion"},{"floor":14,"key":"FocusPotion"}],"is_trial":false,"path_per_floor":["M","?","M","$","M","E","?","E","T","M","M","R","M","M","R","B",null,"M","M","?","M","?","E","R","M","T","E"],"character_chosen":"DEFECT","items_purchased":["Madness"],"campfire_rested":3,"item_purchase_floors":[4],"current_hp_per_floor":[75,75,75,75,75,43,43,24,24,16,14,36,26,21,43,21,75,66,61,61,52,52,16,38,30,30,0],"gold":272,"neow_bonus":"THREE_ENEMY_KILL","is_prod":false,"is_daily":false,"chose_seed":false,"campfire_upgraded":0,"win_rate":0,"timestamp":1563980496,"path_taken":["M","?","?","$","M","E","?","E","T","?","M","R","M","M","R","BOSS","M","M","?","M","?","E","R","M","T","E"],"build_version":"2019-07-17","purchased_purges":0,"victory":false,"max_hp_per_floor":[75,75,75,75,75,75,75,75,75,75,75,75,75,75,75,75,75,75,75,75,75,75,75,75,75,75,75],"card_choices":[{"not_picked":["Hologram","Beam Cell"],"picked":"Conserve Battery","floor":1},{"not_picked":["Redo","Compile Driver"],"picked":"Streamline","floor":3},{"not_picked":["Genetic Algorithm","Capacitor"],"picked":"Sweeping Beam","floor":5},{"not_picked":["Undo","Coolheaded"],"picked":"Gash","floor":6},{"not_picked":["Compile Driver","Go for the Eyes"],"picked":"Coolheaded","floor":8},{"not_picked":["Sweeping Beam","Undo"],"picked":"Steam","floor":10},{"not_picked":["Hologram","Redo"],"picked":"Gash","floor":11},{"not_picked":["Static Discharge","Defragment"],"picked":"Gash","floor":13},{"not_picked":["Chaos","Leap","Creative AI"],"picked":"SKIP","floor":14},{"not_picked":["Hologram","Compile Driver"],"picked":"Conserve Battery+1","floor":18},{"not_picked":["Compile Driver","Leap"],"picked":"Gash","floor":19},{"not_picked":["Glacier","Doom and Gloom"],"picked":"Streamline","floor":21},{"not_picked":["Ball Lightning+1","Redo","Rebound"],"picked":"SKIP","floor":23},{"not_picked":["Steam","Ball Lightning"],"picked":"Turbo","floor":25}],"player_experience":119228,"relics_obtained":[{"floor":6,"key":"Darkstone Periapt"},{"floor":8,"key":"Turnip"},{"floor":23,"key":"Vajra"},{"floor":26,"key":"PreservedInsect"}],"event_choices":[{"cards_removed":["Dualcast"],"damage_healed":0,"gold_gain":0,"player_choice":"Purged","damage_taken":0,"max_hp_gain":0,"max_hp_loss":0,"event_name":"Purifier","floor":2,"gold_loss":0},{"damage_healed":0,"gold_gain":0,"player_choice":"Got Potions","damage_taken":0,"max_hp_gain":0,"max_hp_loss":0,"event_name":"Lab","floor":7,"gold_loss":0},{"damage_healed":0,"gold_gain":0,"player_choice":"Ignored","damage_taken":0,"max_hp_gain":0,"max_hp_loss":0,"event_name":"Ghosts","floor":20,"gold_loss":0},{"damage_healed":0,"gold_gain":0,"player_choice":"Obtained Relic","damage_taken":0,"relics_obtained":["Centennial Puzzle"],"max_hp_gain":0,"max_hp_loss":0,"event_name":"Addict","floor":22,"gold_loss":85}],"is_beta":false,"boss_relics":[{"not_picked":["Calling Bell","FrozenCore"],"picked":"Nuclear Battery"}],"items_purged_floors":[],"is_endless":false,"potions_floor_spawned":[3,6,11,13,14],"killed_by":"Gremlin Leader","ascension_level":0}