{"gold_per_floor":[119,39,39,59,59,90,108,119,165,165,165,176,176,190,190,286,286,297,70,87,87,104,136,136,165,165,185,185,196,196,96,96,197,197,213,224,99,113,77,77,109,109,109,109,209,240,240,90,90,90],"floor_reached":51,"playtime":1605,"items_purged":["Defend_R","Strike_R","Strike_R","Strike_R"],"score":793,"play_id":"1c109772-7b82-4eec-a98d-f2a5431e4579","local_time":"20190119204649","is_ascension_mode":false,"campfire_choices":[{"data":"Bash","floor":11,"key":"SMITH"},{"data":"Inflame","floor":15,"key":"SMITH"},{"floor":24,"key":"REST"},{"floor":30,"key":"REST"},{"floor":32,"key":"REST"},{"data":"Corruption","floor":40,"key":"SMITH"},{"data":"Brutality","floor":42,"key":"SMITH"},{"data":"Offering","floor":44,"key":"SMITH"},{"data":"Impervious","floor":49,"key":"SMITH"}],"neow_cost":"NONE","seed_source_timestamp":864654961509246,"circlet_count":0,"master_deck":["Strike_R","Defend_R+1","Defend_R+1","Defend_R","Bash+1","Dropkick","Inflame+1","Dropkick+1","Headbutt+1","Offering+1","Brutality+1","True Grit+1","Impervious+1","Rupture+1","Corruption+1","Rage+1"],"relics":["Burning Blood","NeowsBlessing","Molten Egg 2","War Paint","Blood Vial","Runic Dome","Bag of Marbles","Oddly Smooth Stone","Letter Opener","Darkstone Periapt","Lizard Tail","Regal Pillow","Turnip","Omamori"],"potions_floor_usage":[16,27,27,27,29,29,29,29,29,35,50,50,50],"damage_taken":[{"damage":0,"enemies":"Small Slimes","floor":1,"turns":1},{"damage":0,"enemies":"Jaw Worm","floor":4,"turns":1},{"damage":0,"enemies":"3 Sentries","floor":6,"turns":2},{"damage":6,"enemies":"Cultist","floor":7,"turns":4},{"damage":11,"enemies":"Red Slaver","floor":8,"turns":3},{"damage":6,"enemies":"2 Fungi Beasts","floor":12,"turns":4},{"damage":2,"enemies":"Looter","floor":14,"turns":2},{"damage":10,"enemies":"Slime Boss","floor":16,"turns":9},{"damage":8,"enemies":"Shell Parasite","floor":18,"turns":3},{"damage":22,"enemies":"Spheric Guardian","floor":20,"turns":4},{"damage":27,"enemies":"Shelled Parasite and Fungi","floor":22,"turns":3},{"damage":28,"enemies":"Book of Stabbing","floor":23,"turns":4},{"damage":36,"enemies":"Slavers","floor":25,"turns":5},{"damage":23,"enemies":"Snake Plant","floor":27,"turns":3},{"damage":8,"enemies":"Sentry and Sphere","floor":29,"turns":3},{"damage":22,"enemies":"Champ","floor":33,"turns":6},{"damage":23,"enemies":"3 Darklings","floor":35,"turns":4},{"damage":2,"enemies":"Orb Walker","floor":36,"turns":3},{"damage":30,"enemies":"Maw","floor":38,"turns":5},{"damage":8,"enemies":"Reptomancer","floor":41,"turns":3},{"damage":8,"enemies":"Mind Bloom Boss Battle","floor":45,"turns":3},{"damage":12,"enemies":"Giant Head","floor":46,"turns":3},{"damage":97,"enemies":"Donu and Deca","floor":50,"turns":7}],"seed_played":"-1258867908195419386","potions_obtained":[{"floor":1,"key":"Block Potion"},{"floor":12,"key":"SkillPotion"},{"floor":16,"key":"SkillPotion"},{"floor":22,"key":"SteroidPotion"},{"floor":23,"key":"PowerPotion"},{"floor":27,"key":"EntropicBrew"},{"floor":28,"key":"EssenceOfSteel"},{"floor":28,"key":"FearPotion"},{"floor":29,"key":"LiquidBronze"},{"floor":35,"key":"SkillPotion"},{"floor":41,"key":"EssenceOfSteel"}],"is_trial":false,"path_per_floor":["M","$","?","M","?","E","M","M","T","?","R","M","T","M","R","B",null,"M","$","M","?","M","E","R","E","T","M","?","M","R","$","R","B",null,"M","M","$","M","$","R","E","R","T","R","?","E","?","$","R","B",null],"character_chosen":"IRONCLAD","items_purchased":["Dropkick","Bag of Marbles","Corruption"],"campfire_rested":3,"item_purchase_floors":[2,19,39],"current_hp_per_floor":[80,80,80,80,80,80,80,75,75,80,80,80,80,85,85,81,85,83,83,69,69,50,30,55,27,27,12,12,12,37,37,62,48,85,68,74,74,52,52,52,52,52,52,52,52,48,48,48,48,9],"gold":90,"neow_bonus":"THREE_ENEMY_KILL","is_prod":false,"is_daily":false,"chose_seed":false,"campfire_upgraded":6,"win_rate":0,"timestamp":1547927209,"path_taken":["M","$","?","M","?","E","?","M","T","?","R","M","?","M","R","BOSS","M","$","M","?","M","E","R","E","T","M","?","M","R","$","R","BOSS","M","?","$","M","?","R","E","R","T","R","?","E","?","$","R","BOSS"],"build_version":"2019-01-17v2","purchased_purges":4,"victory":true,"max_hp_per_floor":[80,80,80,80,80,80,80,80,80,85,85,85,85,85,85,85,85,85,85,85,85,85,85,85,85,85,85,85,85,85,85,85,85,85,85,85,85,85,85,85,85,85,85,85,85,85,85,85,85,85],"card_choices":[{"not_picked":["Burning Pact","Armaments","Wild Strike"],"picked":"SKIP","floor":1},{"not_picked":["Twin Strike","Wild Strike"],"picked":"Inflame","floor":4},{"not_picked":["Burning Pact","Pommel Strike","Uppercut"],"picked":"SKIP","floor":6},{"not_picked":["Clothesline+1","Feel No Pain","Iron Wave+1"],"picked":"SKIP","floor":7},{"not_picked":["Blood for Blood+1","Spot Weakness"],"picked":"Dropkick+1","floor":8},{"not_picked":["Pummel+1","Shrug It Off"],"picked":"Headbutt+1","floor":12},{"not_picked":["Armaments","Sentinel","Perfected Strike+1"],"picked":"SKIP","floor":14},{"not_picked":["Dark Embrace","Reaper+1"],"picked":"Offering","floor":16},{"not_picked":["Heavy Blade+1","Body Slam+1","Second Wind"],"picked":"SKIP","floor":18},{"not_picked":["Rampage+1","Pommel Strike+1","Clash+1"],"picked":"SKIP","floor":20},{"not_picked":["Heavy Blade+1","Clash+1","Blood for Blood+1"],"picked":"SKIP","floor":22},{"not_picked":["Armaments+1","Flex+1"],"picked":"Brutality","floor":23},{"not_picked":["Metallicize","Spot Weakness","Sever Soul+1"],"picked":"SKIP","floor":25},{"not_picked":["Warcry","Rampage+1","Clash+1"],"picked":"SKIP","floor":27},{"not_picked":["Headbutt+1","Iron Wave+1"],"picked":"True Grit+1","floor":29},{"not_picked":["Barricade","Limit Break"],"picked":"Impervious","floor":33},{"not_picked":["True Grit+1","Headbutt+1","Heavy Blade+1"],"picked":"SKIP","floor":35},{"not_picked":["Thunderclap+1","Shrug It Off","Burning Pact+1"],"picked":"SKIP","floor":36},{"not_picked":["Power Through+1","Sword Boomerang+1"],"picked":"Rupture+1","floor":38},{"not_picked":["Flex","Rampage+1","Sentinel"],"picked":"SKIP","floor":41},{"not_picked":["Havoc","Perfected Strike+1","Rage+1"],"picked":"SKIP","floor":46},{"not_picked":["Havoc","Perfected Strike+1"],"picked":"Rage+1","floor":46}],"player_experience":133019,"relics_obtained":[{"floor":6,"key":"Molten Egg 2"},{"floor":9,"key":"War Paint"},{"floor":13,"key":"Blood Vial"},{"floor":23,"key":"Oddly Smooth Stone"},{"floor":25,"key":"Letter Opener"},{"floor":26,"key":"Darkstone Periapt"},{"floor":41,"key":"Regal Pillow"},{"floor":45,"key":"Turnip"},{"floor":46,"key":"Omamori"}],"event_choices":[{"damage_healed":0,"gold_gain":0,"player_choice":"Leave","damage_taken":0,"max_hp_gain":0,"max_hp_loss":0,"event_name":"The Cleric","floor":3,"gold_loss":0},{"cards_removed":["Strike_R"],"damage_healed":0,"gold_gain":0,"player_choice":"Forget","damage_taken":0,"max_hp_gain":0,"max_hp_loss":0,"event_name":"Living Wall","floor":5,"gold_loss":0},{"damage_healed":0,"gold_gain":0,"player_choice":"Donut","damage_taken":0,"max_hp_gain":5,"max_hp_loss":0,"event_name":"Big Fish","floor":10,"gold_loss":0},{"damage_healed":0,"gold_gain":0,"player_choice":"Ignored","damage_taken":0,"max_hp_gain":0,"max_hp_loss":0,"event_name":"The Mausoleum","floor":21,"gold_loss":0},{"damage_healed":0,"gold_gain":0,"player_choice":"Got Potions","damage_taken":0,"max_hp_gain":0,"max_hp_loss":0,"event_name":"Lab","floor":28,"gold_loss":0},{"damage_healed":0,"gold_gain":0,"player_choice":"Fight","damage_taken":0,"max_hp_gain":0,"max_hp_loss":0,"event_name":"MindBloom","floor":45,"gold_loss":0},{"damage_healed":0,"gold_gain":0,"player_choice":"Ignored","damage_taken":0,"max_hp_gain":0,"max_hp_loss":0,"event_name":"Tomb of Lord Red Mask","floor":47,"gold_loss":0}],"is_beta":false,"boss_relics":[{"not_picked":["Mark of Pain","Velvet Choker"],"picked":"Runic Dome"},{"not_picked":["Runic Pyramid","Fusion Hammer"],"picked":"Lizard Tail"}],"items_purged_floors":[19,31,37,48],"is_endless":false,"potions_floor_spawned":[1,12,16,22,23,27,29,35,41],"ascension_level":0}