{"gold_per_floor":[109,184,184,64,77,77,97,97,97,97,97,97,97,110,110,205,205,221,221,221,232,252,252,268,286,286,286,296,296,23,73,73,175,175,188,202,202,212,312,312,322,322,402,402,402,402,402,430,430,430],"floor_reached":50,"playtime":4510,"items_purged":["Strike_G","Bite"],"score":558,"play_id":"ab9c36bf-5037-418f-aa8e-f9c418e313d0","local_time":"20190722162449","is_ascension_mode":false,"campfire_choices":[{"data":"Neutralize","floor":6.0,"key":"SMITH"},{"data":"Poisoned Stab","floor":8.0,"key":"SMITH"},{"data":"Bane","floor":10.0,"key":"SMITH"},{"floor":12.0,"key":"REST"},{"data":"Footwork","floor":15.0,"key":"SMITH"},{"data":"Tools of the Trade","floor":23.0,"key":"SMITH"},{"data":"Sucker Punch","floor":27.0,"key":"SMITH"},{"data":"Poisoned Stab","floor":29.0,"key":"SMITH"},{"data":"Well Laid Plans","floor":32.0,"key":"SMITH"},{"data":"Underhanded Strike","floor":40.0,"key":"SMITH"},{"data":"Deep Breath","floor":46.0,"key":"SMITH"},{"floor":49.0,"key":"REST"}],"neow_cost":"TEN_PERCENT_HP_LOSS","seed_source_timestamp":0,"circlet_count":0,"master_deck":["Defend_G","Defend_G","Defend_G+1","Defend_G","Survivor+1","Neutralize+1","Bane+1","Well Laid Plans+1","Poisoned Stab+1","Flying Knee","Footwork+1","Tools of the Trade+1","Noxious Fumes+1","Bite","Bite","Bite","Bite","Poisoned Stab+1","Slice","Sucker Punch+1","Slice","Deadly Poison","Underhanded Strike+1","Bane+1","Blur+1","Blur","Deep Breath+1","Blur+1"],"special_seed":0,"relics":["Ring of the Snake","Smiling Mask","Snake Skull","Eternal Feather","MutagenicStrength","Matryoshka","Oddly Smooth Stone","Juzu Bracelet","Regal Pillow","Black Star","Omamori","Bottled Tornado","Happy Flower","Bag of Marbles"],"potions_floor_usage":[50,50],"damage_taken":[{"damage":0.0,"enemies":"Cultist","floor":1.0,"turns":5.0},{"damage":0.0,"enemies":"Jaw Worm","floor":5.0,"turns":4.0},{"damage":0.0,"enemies":"Small Slimes","floor":7.0,"turns":3.0},{"damage":0.0,"enemies":"Looter","floor":14.0,"turns":2.0},{"damage":0.0,"enemies":"Slime Boss","floor":16.0,"turns":7.0},{"damage":8.0,"enemies":"2 Thieves","floor":18.0,"turns":4.0},{"damage":10.0,"enemies":"Spheric Guardian","floor":21.0,"turns":5.0},{"damage":2.0,"enemies":"Snake Plant","floor":22.0,"turns":6.0},{"damage":7.0,"enemies":"Snecko","floor":24.0,"turns":5.0},{"damage":12.0,"enemies":"Chosen and Byrds","floor":25.0,"turns":5.0},{"damage":12.0,"enemies":"Centurion and Healer","floor":28.0,"turns":6.0},{"damage":33.0,"enemies":"Champ","floor":33.0,"turns":12.0},{"damage":15.0,"enemies":"Orb Walker","floor":35.0,"turns":4.0},{"damage":3.0,"enemies":"3 Shapes","floor":36.0,"turns":5.0},{"damage":26.0,"enemies":"Transient","floor":38.0,"turns":5.0},{"damage":17.0,"enemies":"Jaw Worm Horde","floor":41.0,"turns":6.0},{"damage":38.0,"enemies":"Giant Head","floor":48.0,"turns":9.0},{"damage":50,"enemies":"Awakened One","floor":50,"turns":7}],"seed_played":"8102478265346051207","potions_obtained":[{"floor":5.0,"key":"AttackPotion"},{"floor":16.0,"key":"Explosive Potion"},{"floor":21.0,"key":"Block Potion"},{"floor":22.0,"key":"GamblersBrew"},{"floor":33.0,"key":"GamblersBrew"},{"floor":35.0,"key":"Poison Potion"},{"floor":48.0,"key":"LiquidBronze"}],"is_trial":false,"path_per_floor":["M","?","?","$","M","R","M","R","T","R","?","R","?","M","R","B",null,"M","?","?","M","M","R","M","M","T","R","M","R","$","T","R","B",null,"M","M","?","M","?","R","M","?","T","?","?","R","?","E","R","B"],"character_chosen":"THE_SILENT","items_purchased":["Well Laid Plans","Slice","Oddly Smooth Stone","Deadly Poison"],"campfire_rested":2,"item_purchase_floors":[4,30,30,30],"current_hp_per_floor":[63,52,40,40,40,40,40,40,40,40,27,45,45,45,45,45,63,55,55,44,38,44,44,43,40,40,44,36,44,44,44,44,23,44,33,36,36,18,18,33,22,22,22,42,37,42,42,4,42,0],"gold":430,"neow_bonus":"REMOVE_TWO","is_prod":false,"is_daily":false,"chose_seed":false,"campfire_upgraded":10,"win_rate":0,"timestamp":1563830689,"path_taken":["M","?","?","$","M","R","M","R","T","R","?","R","?","?","R","BOSS","M","?","?","M","M","R","M","M","T","R","M","R","?","?","R","BOSS","M","M","?","M","?","R","M","?","T","?","?","R","?","E","R","BOSS"],"build_version":"2019-07-17","purchased_purges":2,"victory":false,"max_hp_per_floor":[63,63,63,63,63,63,63,63,63,63,63,63,63,63,63,63,63,63,63,44,44,44,44,44,44,44,44,44,44,44,44,44,44,44,44,44,42,42,42,42,42,42,42,42,42,42,42,42,42,42],"card_choices":[{"not_picked":["Dagger Throw","Outmaneuver"],"picked":"Bane","floor":1.0},{"not_picked":["Acrobatics","Blade Dance"],"picked":"Poisoned Stab","floor":5.0},{"not_picked":["Concentrate","Deflect"],"picked":"Flying Knee","floor":7.0},{"not_picked":["PiercingWail","Backflip"],"picked":"Footwork","floor":14.0},{"not_picked":["Storm of Steel","Malaise"],"picked":"Tools of the Trade","floor":16.0},{"not_picked":["Deflect","Bane"],"picked":"Noxious Fumes+1","floor":18.0},{"not_picked":["Flying Knee","Dodge and Roll+1"],"picked":"Poisoned Stab","floor":21.0},{"not_picked":["All Out Attack","Quick Slash","Endless Agony"],"picked":"SKIP","floor":22.0},{"not_picked":["Cloak And Dagger+1","Blade Dance"],"picked":"Slice","floor":24.0},{"not_picked":["Poisoned Stab+1","Blade Dance"],"picked":"Sucker Punch","floor":25.0},{"not_picked":["Reflex","Accuracy","Flechettes+1"],"picked":"SKIP","floor":28.0},{"not_picked":["Masterful Stab+1","Dagger Throw"],"picked":"Underhanded Strike","floor":35.0},{"not_picked":["Dagger Spray+1","Quick Slash+1"],"picked":"Bane+1","floor":36.0},{"not_picked":["All Out Attack+1","Prepared"],"picked":"Blur+1","floor":38.0},{"not_picked":["Backstab","Slice+1"],"picked":"Blur","floor":41.0},{"not_picked":["Trip","Discovery"],"picked":"Enlightenment","floor":45.0},{"not_picked":["Thinking Ahead","Dramatic Entrance"],"picked":"Deep Breath","floor":45.0},{"not_picked":["Expertise+1","Sucker Punch"],"picked":"Blur+1","floor":48.0}],"player_experience":194265,"relics_obtained":[{"floor":9.0,"key":"Snake Skull"},{"floor":26.0,"key":"Matryoshka"},{"floor":31.0,"key":"Juzu Bracelet"},{"floor":31.0,"key":"Regal Pillow"},{"floor":43.0,"key":"Omamori"},{"floor":43.0,"key":"Bottled Tornado"},{"floor":48.0,"key":"Happy Flower"},{"floor":48.0,"key":"Bag of Marbles"}],"event_choices":[{"damage_healed":0.0,"max_hp_gain":0.0,"max_hp_loss":0.0,"gold_gain":75.0,"event_name":"World of Goop","player_choice":"Gather Gold","floor":2.0,"gold_loss":0.0,"damage_taken":11.0},{"damage_healed":0.0,"max_hp_gain":0.0,"max_hp_loss":0.0,"gold_gain":0.0,"event_name":"Scrap Ooze","player_choice":"Success","floor":3.0,"gold_loss":0.0,"damage_taken":12.0,"relics_obtained":["Smiling Mask"]},{"damage_healed":0.0,"max_hp_gain":0.0,"max_hp_loss":0.0,"gold_gain":0.0,"event_name":"Shining Light","player_choice":"Entered Light","floor":11.0,"gold_loss":0.0,"damage_taken":13.0,"cards_upgraded":["Defend_G","Survivor"]},{"damage_healed":0.0,"max_hp_gain":0.0,"max_hp_loss":0.0,"gold_gain":0.0,"event_name":"NoteForYourself","player_choice":"Ignored","floor":13.0,"gold_loss":0.0,"damage_taken":0.0},{"damage_healed":0.0,"max_hp_gain":0.0,"max_hp_loss":0.0,"gold_gain":0.0,"event_name":"Drug Dealer","player_choice":"Inject Mutagens","floor":19.0,"gold_loss":0.0,"damage_taken":0.0,"relics_obtained":["MutagenicStrength"]},{"damage_healed":0.0,"max_hp_gain":0.0,"max_hp_loss":19.0,"gold_gain":0.0,"event_name":"Vampires","player_choice":"Became a vampire","floor":20.0,"gold_loss":0.0,"damage_taken":0.0,"cards_obtained":["Bite","Bite","Bite","Bite","Bite"]},{"damage_healed":0.0,"max_hp_gain":0.0,"max_hp_loss":2.0,"gold_gain":0.0,"event_name":"Winding Halls","player_choice":"Max HP","floor":37.0,"gold_loss":0.0,"damage_taken":0.0},{"damage_healed":0.0,"max_hp_gain":0.0,"max_hp_loss":0.0,"gold_gain":100.0,"event_name":"Golden Shrine","player_choice":"Pray","floor":39.0,"gold_loss":0.0,"damage_taken":0.0},{"damage_healed":0.0,"max_hp_gain":0.0,"max_hp_loss":0.0,"gold_gain":0.0,"event_name":"SecretPortal","player_choice":"Ignored","floor":42.0,"gold_loss":0.0,"damage_taken":0.0},{"damage_healed":20.0,"max_hp_gain":0.0,"max_hp_loss":0.0,"gold_gain":0.0,"event_name":"MindBloom","player_choice":"Heal","floor":44.0,"gold_loss":0.0,"damage_taken":0.0,"cards_obtained":["Doubt"]},{"damage_healed":0.0,"max_hp_gain":0.0,"max_hp_loss":0.0,"gold_gain":0.0,"event_name":"SensoryStone","player_choice":"Memory 2","floor":45.0,"gold_loss":0.0,"damage_taken":5.0},{"cards_removed":["Enlightenment"],"damage_healed":0.0,"max_hp_gain":0.0,"max_hp_loss":0.0,"gold_gain":0.0,"event_name":"Bonfire Elementals","player_choice":"Offered Uncommon","floor":47.0,"gold_loss":0.0,"damage_taken":0.0}],"is_beta":false,"boss_relics":[{"not_picked":["Sozu","Astrolabe"],"picked":"Eternal Feather"},{"not_picked":["Orrery","Snecko Eye"],"picked":"Black Star"}],"items_purged_floors":[4,30],"is_endless":false,"potions_floor_spawned":[5,16,21,22,33,35,48],"killed_by":"Awakened One","ascension_level":0}