{"gold_per_floor":[366,366,377,387,56,82,82,56,132,142,173,173,186,197,197,297,297,316,316,316,331,331,331,346,346,369,380,380,391,391,33,33,136,136,150,161,180,36,0,0,35,45,45,72,72,72,86,102,102,102],"floor_reached":50,"playtime":2164,"items_purged":["Strike_R","Strike_R"],"score":584,"play_id":"a2b7d4dd-6fa3-4326-ab64-ac5c9887b4fa","local_time":"20190119175722","is_ascension_mode":true,"campfire_choices":[{"data":"Inflame","floor":7,"key":"SMITH"},{"data":"Armaments","floor":12,"key":"SMITH"},{"data":"Exhume","floor":15,"key":"SMITH"},{"data":"Feed","floor":23,"key":"SMITH"},{"data":"Battle Trance","floor":25,"key":"SMITH"},{"data":"Pommel Strike","floor":28,"key":"SMITH"},{"data":"Bash","floor":30,"key":"SMITH"},{"data":"Feed","floor":32,"key":"SMITH"},{"data":"Limit Break","floor":40,"key":"SMITH"},{"data":"Double Tap","floor":45,"key":"SMITH"},{"data":"Twin Strike","floor":49,"key":"SMITH"}],"neow_cost":"TEN_PERCENT_HP_LOSS","seed_source_timestamp":853942839891482,"circlet_count":0,"master_deck":["Strike_R","Defend_R","Defend_R","Defend_R","Bash+1","Pommel Strike+1","Heavy Blade+1","Twin Strike","Inflame+1","Twin Strike+1","Ghostly Armor+1","Armaments+1","Feed+1","Exhume+1","Barricade+1","Battle Trance+1","Demon Form+1","Feed+1","Brutality+1","Anger+1","Carnage+1","Cleave+1","Fire Breathing+1","Limit Break+1","Double Tap+1"],"relics":["Burning Blood","Centennial Puzzle","Strawberry","Frozen Egg 2","Bird Faced Urn","Coffee Dripper","Enchiridion","Smiling Mask","Red Skull","Astrolabe","Red Mask","Du-Vu Doll","Paper Frog"],"potions_floor_usage":[21,29,35,36,41,50,50,50],"damage_taken":[{"damage":7,"enemies":"2 Louse","floor":1,"turns":4},{"damage":1,"enemies":"Cultist","floor":3,"turns":3},{"damage":6,"enemies":"Jaw Worm","floor":4,"turns":2},{"damage":26,"enemies":"Gremlin Nob","floor":6,"turns":4},{"damage":4,"enemies":"3 Louse","floor":10,"turns":4},{"damage":34,"enemies":"3 Sentries","floor":11,"turns":11},{"damage":0,"enemies":"Large Slime","floor":13,"turns":3},{"damage":6,"enemies":"Red Slaver","floor":14,"turns":3},{"damage":40,"enemies":"Hexaghost","floor":16,"turns":9},{"damage":27,"enemies":"Spheric Guardian","floor":18,"turns":7},{"damage":15,"enemies":"2 Thieves","floor":21,"turns":3},{"damage":25,"enemies":"Snake Plant","floor":24,"turns":5},{"damage":23,"enemies":"Snecko","floor":27,"turns":5},{"damage":26,"enemies":"Shelled Parasite and Fungi","floor":29,"turns":5},{"damage":28,"enemies":"Automaton","floor":33,"turns":8},{"damage":3,"enemies":"Orb Walker","floor":35,"turns":2},{"damage":32,"enemies":"3 Darklings","floor":36,"turns":5},{"damage":24,"enemies":"Maw","floor":37,"turns":8},{"damage":68,"enemies":"Giant Head","floor":41,"turns":8},{"damage":8,"enemies":"Transient","floor":42,"turns":5},{"damage":27,"enemies":"4 Shapes","floor":47,"turns":3},{"damage":30,"enemies":"Maw","floor":48,"turns":5},{"damage":72,"enemies":"Time Eater","floor":50,"turns":6}],"seed_played":"-5983292104251572332","potions_obtained":[{"floor":11,"key":"Swift Potion"},{"floor":13,"key":"SteroidPotion"},{"floor":14,"key":"AttackPotion"},{"floor":27,"key":"Weak Potion"},{"floor":33,"key":"Fruit Juice"},{"floor":37,"key":"Energy Potion"},{"floor":42,"key":"EssenceOfSteel"},{"floor":47,"key":"LiquidBronze"}],"is_trial":false,"path_per_floor":["M","?","M","M","$","E","R","$","T","M","E","R","M","M","R","B",null,"M","?","?","M","?","R","M","R","T","M","R","M","R","$","R","B",null,"M","M","M","$","?","R","E","M","T","T","R","?","M","M","R","B"],"character_chosen":"IRONCLAD","items_purchased":["Inflame","Centennial Puzzle","Twin Strike","Armaments","Feed","Red Skull","Limit Break"],"campfire_rested":0,"item_purchase_floors":[5,5,5,8,31,31,38],"current_hp_per_floor":[71,71,72,72,72,59,59,59,59,61,36,36,44,49,49,17,85,68,52,52,50,50,50,41,41,41,34,34,30,30,30,30,16,108,112,95,93,93,93,93,41,47,47,47,47,47,46,38,38,0],"gold":102,"neow_bonus":"TWO_FIFTY_GOLD","is_prod":false,"is_daily":false,"chose_seed":false,"campfire_upgraded":11,"win_rate":0,"timestamp":1547917042,"path_taken":["M","?","M","?","$","E","R","$","T","M","E","R","M","M","R","BOSS","M","?","?","M","?","R","M","R","T","M","R","?","R","$","R","BOSS","M","M","M","$","?","R","E","M","T","?","R","?","?","M","R","BOSS"],"build_version":"2019-01-17v2","purchased_purges":2,"victory":false,"max_hp_per_floor":[72,72,72,72,72,79,79,79,79,79,82,82,82,85,85,85,85,89,89,89,92,92,92,96,96,96,100,100,108,108,108,108,108,108,112,117,121,121,121,121,121,121,121,121,121,121,133,137,137,137],"card_choices":[{"not_picked":["Wild Strike","Sword Boomerang"],"picked":"Pommel Strike","floor":1},{"not_picked":["Metallicize","Heavy Blade","Body Slam"],"picked":"SKIP","floor":3},{"not_picked":["Thunderclap","Blood for Blood"],"picked":"Twin Strike","floor":4},{"not_picked":["Twin Strike","Hemokinesis"],"picked":"Ghostly Armor","floor":6},{"not_picked":["Dropkick","Headbutt"],"picked":"Feed","floor":10},{"not_picked":["Warcry","Immolate","Anger"],"picked":"SKIP","floor":11},{"not_picked":["True Grit","Heavy Blade","Intimidate"],"picked":"SKIP","floor":13},{"not_picked":["Blood for Blood","Dual Wield"],"picked":"Exhume","floor":14},{"not_picked":["Juggernaut+1","Fiend Fire"],"picked":"Barricade+1","floor":16},{"not_picked":["Bloodletting","Armaments+1","Perfected Strike"],"picked":"SKIP","floor":18},{"not_picked":["Sword Boomerang","Armaments","Twin Strike+1"],"picked":"SKIP","floor":21},{"not_picked":["Perfected Strike+1","True Grit"],"picked":"Battle Trance","floor":24},{"not_picked":["Heavy Blade","True Grit"],"picked":"Demon Form+1","floor":27},{"not_picked":["Hemokinesis+1","Flex","Perfected Strike"],"picked":"SKIP","floor":29},{"not_picked":["Offering","Barricade+1"],"picked":"Brutality+1","floor":33},{"not_picked":["Clash","Flex+1","Anger"],"picked":"SKIP","floor":35},{"not_picked":["Headbutt","Fire Breathing+1","Flex+1"],"picked":"SKIP","floor":36},{"not_picked":["Headbutt","Flex+1"],"picked":"Fire Breathing+1","floor":36},{"not_picked":["Wild Strike+1","Cleave","Twin Strike+1"],"picked":"SKIP","floor":37},{"not_picked":["Perfected Strike+1","Flex+1"],"picked":"Double Tap","floor":41},{"not_picked":["Evolve+1","Carnage+1","Flex+1"],"picked":"SKIP","floor":42},{"not_picked":["Wild Strike","Clash","Rage+1"],"picked":"SKIP","floor":47},{"not_picked":["Anger+1","Sword Boomerang+1","True Grit"],"picked":"SKIP","floor":48}],"player_experience":128455,"relics_obtained":[{"floor":6,"key":"Strawberry"},{"floor":9,"key":"Frozen Egg 2"},{"floor":11,"key":"Bird Faced Urn"},{"floor":19,"key":"Enchiridion"},{"floor":26,"key":"Smiling Mask"},{"floor":41,"key":"Du-Vu Doll"},{"floor":43,"key":"Paper Frog"}],"event_choices":[{"damage_healed":0,"gold_gain":0,"player_choice":"1 cards matched","damage_taken":0,"max_hp_gain":0,"max_hp_loss":0,"event_name":"Match and Keep!","floor":2,"gold_loss":0,"cards_obtained":["Heavy Blade"]},{"damage_healed":0,"gold_gain":0,"player_choice":"Obtained Book","damage_taken":16,"max_hp_gain":0,"max_hp_loss":0,"event_name":"Cursed Tome","floor":19,"gold_loss":0},{"damage_healed":0,"gold_gain":0,"player_choice":"Ignored","damage_taken":0,"max_hp_gain":0,"max_hp_loss":0,"event_name":"Ghosts","floor":20,"gold_loss":0},{"damage_healed":0,"gold_gain":0,"player_choice":"Forge","damage_taken":0,"max_hp_gain":0,"max_hp_loss":0,"event_name":"Accursed Blacksmith","floor":22,"gold_loss":0,"cards_upgraded":["Ghostly Armor"]},{"damage_healed":0,"gold_gain":0,"player_choice":"Paid","damage_taken":0,"relics_obtained":["Red Mask"],"max_hp_gain":0,"max_hp_loss":0,"event_name":"Tomb of Lord Red Mask","floor":39,"gold_loss":36},{"damage_healed":0,"gold_gain":0,"player_choice":"Upgraded","damage_taken":0,"max_hp_gain":0,"max_hp_loss":0,"event_name":"Upgrade Shrine","floor":46,"gold_loss":0,"cards_upgraded":["Heavy Blade"]}],"is_beta":false,"boss_relics":[{"not_picked":["Snecko Eye","Runic Pyramid"],"picked":"Coffee Dripper"},{"not_picked":["Philosopher\u0027s Stone","Mark of Pain"],"picked":"Astrolabe"}],"items_purged_floors":[5,31],"is_endless":false,"potions_floor_spawned":[11,13,14,16,27,33,37,42,47],"killed_by":"Time Eater","ascension_level":1}