{"gold_per_floor":[110,35,10,26,26,26,43,43,43,43,53,53,70,81,81,176,176,195,195,195,195,208,208,224,244,301,301,336,112,112,112,112,208,208,224,244,244,344,344,344,344],"floor_reached":41,"playtime":2590,"items_purged":["Strike_G","Strike_G"],"score":446,"play_id":"29546424-141a-4b09-a50d-8b45fa86af33","local_time":"20190723213951","is_ascension_mode":true,"campfire_choices":[{"data":"Neutralize","floor":6,"key":"SMITH"},{"data":"Blur","floor":8,"key":"SMITH"},{"data":"Flying Knee","floor":10,"key":"SMITH"},{"data":"Backflip","floor":12,"key":"SMITH"},{"data":"Dagger Spray","floor":15,"key":"SMITH"},{"data":"Deflect","floor":23,"key":"SMITH"},{"data":"Slice","floor":27,"key":"SMITH"},{"floor":32,"key":"REST"},{"data":"Backflip","floor":40,"key":"SMITH"}],"neow_cost":"NONE","seed_source_timestamp":22926317121181,"circlet_count":0,"master_deck":["Strike_G","Strike_G","Defend_G","Defend_G","Defend_G+1","Defend_G","Defend_G","Survivor+1","Neutralize+1","Dagger Spray+1","Deflect+1","Flying Knee+1","Blur+1","Backflip+1","Slice+1","Deadly Poison","Poisoned Stab+1","RitualDagger","After Image+1","Slice","Slice+1","Footwork+1","Caltrops+1","Backflip+1","Noxious Fumes+1","Slice","Outmaneuver+1","Terror+1","Deadly Poison","Bandage Up","Backstab+1"],"relics":["Ring of the Snake","War Paint","Kunai","WristBlade","Frozen Egg 2","Tiny Chest","Matryoshka","Bag of Marbles","Mango","Orrery","The Specimen"],"potions_floor_usage":[18,28,31,41,41],"damage_taken":[{"damage":0,"enemies":"Cultist","floor":1,"turns":5},{"damage":0,"enemies":"Small Slimes","floor":4,"turns":3},{"damage":0,"enemies":"Jaw Worm","floor":7,"turns":4},{"damage":0,"enemies":"Looter","floor":11,"turns":4},{"damage":0,"enemies":"Lots of Slimes","floor":13,"turns":3},{"damage":0,"enemies":"Red Slaver","floor":14,"turns":4},{"damage":13,"enemies":"The Guardian","floor":16,"turns":17},{"damage":6,"enemies":"Chosen","floor":18,"turns":6},{"damage":0,"enemies":"Shell Parasite","floor":22,"turns":6},{"damage":0,"enemies":"Snake Plant","floor":24,"turns":6},{"damage":6,"enemies":"Cultist and Chosen","floor":25,"turns":7},{"damage":18,"enemies":"Book of Stabbing","floor":28,"turns":7},{"damage":0,"enemies":"Centurion and Healer","floor":31,"turns":1},{"damage":36,"enemies":"Collector","floor":33,"turns":14},{"damage":5,"enemies":"3 Shapes","floor":35,"turns":6},{"damage":25,"enemies":"3 Darklings","floor":36,"turns":5},{"damage":0,"enemies":"Mind Bloom Boss Battle","floor":38,"turns":7},{"damage":47,"enemies":"Nemesis","floor":41,"turns":7}],"seed_played":"-6045096788888313664","potions_obtained":[{"floor":7,"key":"SpeedPotion"},{"floor":11,"key":"EssenceOfSteel"},{"floor":16,"key":"SmokeBomb"},{"floor":22,"key":"SmokeBomb"},{"floor":24,"key":"PowerPotion"},{"floor":36,"key":"AttackPotion"},{"floor":38,"key":"Dexterity Potion"},{"floor":39,"key":"EssenceOfSteel"}],"is_trial":false,"path_per_floor":["M","$","$","M","$","R","M","R","T","R","M","R","M","M","R","B",null,"M","?","T","?","M","R","M","M","T","R","E","$","T","M","R","B",null,"M","M","?","?","?","R","E"],"character_chosen":"THE_SILENT","items_purchased":["Deflect","Caltrops+1","Backflip"],"campfire_rested":1,"item_purchase_floors":[3,29,29],"current_hp_per_floor":[70,70,70,70,70,70,70,70,70,70,70,70,70,70,70,57,70,64,58,58,58,58,58,58,52,52,52,34,34,48,48,73,37,84,79,54,54,58,58,58,15],"gold":344,"neow_bonus":"RANDOM_COMMON_RELIC","is_prod":false,"is_daily":false,"chose_seed":false,"campfire_upgraded":8,"win_rate":0,"timestamp":1563935991,"path_taken":["M","?","$","M","$","R","?","R","T","R","M","R","M","M","R","BOSS","M","?","?","?","?","R","M","M","T","R","E","$","?","M","R","BOSS","M","M","?","?","?","R","E"],"build_version":"2019-07-17","purchased_purges":2,"victory":false,"max_hp_per_floor":[70,70,70,70,70,70,70,70,70,70,70,70,70,70,70,70,70,70,70,70,70,70,70,70,70,70,70,70,70,84,84,84,84,84,84,84,84,84,84,84,84],"card_choices":[{"not_picked":["Deadly Poison","Bane"],"picked":"Dagger Spray","floor":1},{"not_picked":["Setup","All Out Attack"],"picked":"Flying Knee","floor":4},{"not_picked":["Dodge and Roll","Slice"],"picked":"Blur","floor":7},{"not_picked":["Glass Knife","Choke"],"picked":"Backflip","floor":11},{"not_picked":["Dash","Dagger Throw"],"picked":"Slice","floor":13},{"not_picked":["Riddle With Holes","Reflex"],"picked":"Deadly Poison","floor":14},{"not_picked":["Slice+1","Calculated Gamble"],"picked":"Poisoned Stab+1","floor":18},{"not_picked":["Dagger Throw","Venomology"],"picked":"Slice","floor":22},{"not_picked":["Deadly Poison","Blade Dance"],"picked":"Slice+1","floor":24},{"not_picked":["Predator","Quick Slash"],"picked":"Footwork+1","floor":25},{"not_picked":["Doppelganger","Skewer","Finisher"],"picked":"SKIP","floor":28},{"not_picked":["Quick Slash+1","Distraction"],"picked":"Noxious Fumes+1","floor":34},{"not_picked":["Blade Dance+1","Prepared+1"],"picked":"Slice","floor":34},{"not_picked":["Dagger Spray+1","Blade Dance"],"picked":"Outmaneuver+1","floor":34},{"not_picked":["All Out Attack","Acrobatics"],"picked":"Terror+1","floor":34},{"not_picked":["Riddle With Holes","Calculated Gamble+1","Deadly Poison"],"picked":"SKIP","floor":35},{"not_picked":["Dodge and Roll+1","PiercingWail"],"picked":"Deadly Poison","floor":36},{"not_picked":["Enlightenment","Jack Of All Trades"],"picked":"Bandage Up","floor":37},{"not_picked":["Masterful Stab","Burst"],"picked":"Backstab+1","floor":38}],"player_experience":213301,"relics_obtained":[{"floor":9,"key":"Kunai"},{"floor":20,"key":"Frozen Egg 2"},{"floor":26,"key":"Tiny Chest"},{"floor":28,"key":"Matryoshka"},{"floor":30,"key":"Bag of Marbles"},{"floor":30,"key":"Mango"},{"floor":38,"key":"The Specimen"}],"event_choices":[{"damage_healed":0,"gold_gain":0,"player_choice":"Joined the Cult","damage_taken":6,"max_hp_gain":0,"max_hp_loss":0,"event_name":"Nest","floor":19,"gold_loss":0,"cards_obtained":["RitualDagger"]},{"damage_healed":0,"gold_gain":0,"cards_transformed":["Strike_G"],"player_choice":"Transformed","damage_taken":0,"max_hp_gain":0,"max_hp_loss":0,"event_name":"Transmorgrifier","floor":21,"gold_loss":0,"cards_obtained":["After Image"]},{"damage_healed":0,"gold_gain":0,"player_choice":"Memory 1","damage_taken":0,"max_hp_gain":0,"max_hp_loss":0,"event_name":"SensoryStone","floor":37,"gold_loss":0},{"damage_healed":0,"gold_gain":0,"player_choice":"Fight","damage_taken":0,"max_hp_gain":0,"max_hp_loss":0,"event_name":"MindBloom","floor":38,"gold_loss":0},{"damage_healed":0,"gold_gain":0,"player_choice":"Got Potions","damage_taken":0,"max_hp_gain":0,"max_hp_loss":0,"event_name":"Lab","floor":39,"gold_loss":0}],"is_beta":false,"boss_relics":[{"not_picked":["Cursed Key","Snecko Eye"],"picked":"WristBlade"},{"not_picked":["Fusion Hammer","Sozu"],"picked":"Orrery"}],"items_purged_floors":[2,29],"is_endless":false,"potions_floor_spawned":[7,11,16,22,24,31,36,38],"killed_by":"Nemesis","ascension_level":1}