{"gold_per_floor":[111,111,10,25,200,231,231,259,285,285,300,313,327,327,327,427,427,445,445,457,474,474],"floor_reached":22,"playtime":1892,"items_purged":["Regret"],"score":273,"play_id":"0732a035-cad8-4273-9028-877255ea9e11","local_time":"20190701222942","is_ascension_mode":true,"campfire_choices":[{"floor":7,"key":"REST"},{"floor":10,"key":"REST"},{"floor":15,"key":"REST"}],"neow_cost":"NONE","seed_source_timestamp":190243655959500,"circlet_count":0,"master_deck":["Strike_R","Strike_R","Strike_R","Strike_R","Strike_R","Defend_R+1","Defend_R+1","Defend_R","Defend_R","Bash","Twin Strike","Pommel Strike","Spot Weakness","Sword Boomerang","Demon Form","Cleave","Armaments","Feed","Spot Weakness+1","Feed","Rage","Iron Wave+1"],"relics":["Black Blood","War Paint","Regal Pillow","Nunchaku","Lantern","Spirit Poop"],"potions_floor_usage":[8,16,18,22],"damage_taken":[{"damage":7,"enemies":"Jaw Worm","floor":1,"turns":5},{"damage":4,"enemies":"Small Slimes","floor":4,"turns":3},{"damage":66,"enemies":"Gremlin Nob","floor":6,"turns":6},{"damage":56,"enemies":"Lagavulin","floor":8,"turns":9},{"damage":11,"enemies":"Cultist","floor":11,"turns":4},{"damage":34,"enemies":"Gremlin Gang","floor":12,"turns":5},{"damage":18,"enemies":"Red Slaver","floor":13,"turns":4},{"damage":27,"enemies":"Slime Boss","floor":16,"turns":9},{"damage":23,"enemies":"Shell Parasite","floor":18,"turns":4},{"damage":5,"enemies":"Chosen","floor":20,"turns":5},{"damage":57,"enemies":"Shelled Parasite and Fungi","floor":21,"turns":6},{"damage":21,"enemies":"Snake Plant","floor":22,"turns":2}],"seed_played":"-6839884710047790579","potions_obtained":[{"floor":6,"key":"SpeedPotion"},{"floor":11,"key":"Energy Potion"},{"floor":13,"key":"Fire Potion"},{"floor":18,"key":"SpeedPotion"}],"is_trial":false,"path_per_floor":["M","?","$","M","?","E","R","E","T","R","M","M","M","?","R","B",null,"M","?","M","M","M"],"character_chosen":"IRONCLAD","items_purchased":["Pommel Strike"],"campfire_rested":3,"item_purchase_floors":[3],"current_hp_per_floor":[79,79,79,81,81,21,62,12,12,53,48,20,8,8,49,28,73,60,60,68,21,0],"gold":474,"neow_bonus":"TEN_PERCENT_HP_BONUS","is_prod":false,"is_daily":false,"chose_seed":false,"campfire_upgraded":0,"win_rate":0,"timestamp":1562016582,"path_taken":["M","?","$","M","?","E","R","E","T","R","M","M","M","?","R","BOSS","M","?","M","?","M"],"build_version":"2019-07-01","purchased_purges":1,"victory":false,"max_hp_per_floor":[88,88,88,88,88,88,88,88,88,88,88,88,88,88,88,88,88,88,88,91,91,91],"card_choices":[{"not_picked":["Clash","Wild Strike"],"picked":"Twin Strike","floor":1},{"not_picked":["Limit Break","Twin Strike"],"picked":"Spot Weakness","floor":4},{"not_picked":["True Grit","Body Slam"],"picked":"Sword Boomerang","floor":6},{"not_picked":["Pommel Strike","Heavy Blade"],"picked":"Demon Form","floor":8},{"not_picked":["Body Slam","Bloodletting","Flex"],"picked":"SKIP","floor":11},{"not_picked":["Disarm","Sword Boomerang"],"picked":"Cleave","floor":12},{"not_picked":["Body Slam","Cleave"],"picked":"Armaments","floor":13},{"not_picked":["Impervious","Barricade"],"picked":"Feed","floor":16},{"not_picked":["Fire Breathing","Iron Wave"],"picked":"Spot Weakness+1","floor":18},{"not_picked":["Perfected Strike","Headbutt"],"picked":"Rage","floor":20},{"not_picked":["Pommel Strike","Spot Weakness"],"picked":"Iron Wave+1","floor":21}],"player_experience":875614,"relics_obtained":[{"floor":6,"key":"Regal Pillow"},{"floor":8,"key":"Nunchaku"},{"floor":9,"key":"Lantern"}],"event_choices":[{"damage_healed":0,"gold_gain":0,"player_choice":"Box","damage_taken":0,"relics_obtained":["War Paint"],"max_hp_gain":0,"max_hp_loss":0,"event_name":"Big Fish","floor":2,"gold_loss":0,"cards_obtained":["Regret"]},{"damage_healed":0,"gold_gain":175,"player_choice":"AGREE","damage_taken":0,"max_hp_gain":0,"max_hp_loss":0,"event_name":"Liars Game","floor":5,"gold_loss":0,"cards_obtained":["Doubt"]},{"cards_removed":["Doubt"],"damage_healed":0,"gold_gain":0,"player_choice":"Offered Curse","damage_taken":0,"relics_obtained":["Spirit Poop"],"max_hp_gain":0,"max_hp_loss":0,"event_name":"Bonfire Elementals","floor":14,"gold_loss":0},{"damage_healed":0,"gold_gain":0,"player_choice":"Copied","damage_taken":0,"max_hp_gain":0,"max_hp_loss":0,"event_name":"Duplicator","floor":19,"gold_loss":0,"cards_obtained":["Feed"]}],"is_beta":false,"boss_relics":[{"not_picked":["Cursed Key","Empty Cage"],"picked":"Black Blood"}],"items_purged_floors":[3],"is_endless":false,"potions_floor_spawned":[6,11,13,18],"killed_by":"Snake Plant","ascension_level":8}