{"gold_per_floor":[119,130,130,145,21,52,52,78,78,107,117,292,303,318,318,391,391,403,415,415,415,18,47,47,81,159,186,199,212,212,230,230,303,303,313,330,330,341,80,80,111,130,156,171,171,194,2,16,16,16,16,16,16,50,50],"floor_reached":56,"playtime":8832,"items_purged":["Strike_B","Doubt"],"score":2047,"play_id":"fa129b3c-dbce-424a-9982-9537d5e0a2f4","local_time":"20190724201436","is_ascension_mode":true,"campfire_choices":[{"data":"Streamline","floor":15.0,"key":"SMITH"},{"data":"Biased Cognition","floor":24.0,"key":"SMITH"},{"data":"Biased Cognition","floor":30.0,"key":"SMITH"},{"data":"Capacitor","floor":32.0,"key":"SMITH"},{"floor":40.0,"key":"REST"},{"floor":45.0,"key":"RECALL"},{"floor":49.0,"key":"REST"},{"floor":52.0,"key":"REST"}],"neow_cost":"NONE","seed_source_timestamp":1254506159023936,"circlet_count":0,"master_deck":["AscendersBane","Defend_B","Defend_B","Defend_B","Defend_B","Zap","Dualcast","White Noise","Sweeping Beam","Auto Shields","Streamline+1","Biased Cognition+1","Coolheaded","Compile Driver","Cold Snap","Coolheaded","Biased Cognition+1","Genetic Algorithm+1","Sweeping Beam+1","RitualDagger+1","Reboot","Auto Shields","Apotheosis","Capacitor+1","Ball Lightning","Compile Driver+1","Undo+1","Force Field","Force Field","Rip and Tear","Compile Driver","Echo Form","Static Discharge","Panacea","Dark Shackles","Discovery","Compile Driver","Fusion+1","Storm","Machine Learning","White Noise","Hologram"],"special_seed":0,"relics":["Cracked Core","PreservedInsect","Darkstone Periapt","Du-Vu Doll","Vajra","Bird Faced Urn","Oddly Smooth Stone","Snecko Eye","Membership Card","Gambling Chip","Torii","The Courier","Whetstone","Fusion Hammer","Ice Cream","Pen Nib","Centennial Puzzle","Happy Flower","Mummified Hand","Orichalcum"],"potions_floor_usage":[55,55],"damage_taken":[{"damage":9.0,"enemies":"Small Slimes","floor":1.0,"turns":4.0},{"damage":5.0,"enemies":"2 Louse","floor":2.0,"turns":3.0},{"damage":0.0,"enemies":"Cultist","floor":4.0,"turns":4.0},{"damage":34.0,"enemies":"Gremlin Nob","floor":6.0,"turns":4.0},{"damage":10.0,"enemies":"3 Sentries","floor":8.0,"turns":4.0},{"damage":4.0,"enemies":"Gremlin Nob","floor":10.0,"turns":3.0},{"damage":3.0,"enemies":"2 Fungi Beasts","floor":11.0,"turns":3.0},{"damage":0.0,"enemies":"3 Louse","floor":13.0,"turns":3.0},{"damage":1.0,"enemies":"Blue Slaver","floor":14.0,"turns":3.0},{"damage":0.0,"enemies":"Slime Boss","floor":16.0,"turns":9.0},{"damage":0.0,"enemies":"3 Byrds","floor":18.0,"turns":5.0},{"damage":1.0,"enemies":"Spheric Guardian","floor":19.0,"turns":4.0},{"damage":10.0,"enemies":"Book of Stabbing","floor":23.0,"turns":4.0},{"damage":8.0,"enemies":"Gremlin Leader","floor":25.0,"turns":5.0},{"damage":0.0,"enemies":"Book of Stabbing","floor":27.0,"turns":4.0},{"damage":0.0,"enemies":"Snake Plant","floor":28.0,"turns":3.0},{"damage":0.0,"enemies":"Cultist and Chosen","floor":29.0,"turns":6.0},{"damage":15.0,"enemies":"Centurion and Healer","floor":31.0,"turns":5.0},{"damage":29.0,"enemies":"Automaton","floor":33.0,"turns":11.0},{"damage":0.0,"enemies":"Orb Walker","floor":35.0,"turns":4.0},{"damage":1.0,"enemies":"3 Darklings","floor":36.0,"turns":8.0},{"damage":14.0,"enemies":"Spire Growth","floor":38.0,"turns":5.0},{"damage":13.0,"enemies":"Reptomancer","floor":41.0,"turns":7.0},{"damage":0.0,"enemies":"Sphere and 2 Shapes","floor":42.0,"turns":6.0},{"damage":1.0,"enemies":"3 Darklings","floor":44.0,"turns":4.0},{"damage":0.0,"enemies":"Spire Growth","floor":48.0,"turns":3.0},{"damage":42.0,"enemies":"Donu and Deca","floor":50.0,"turns":6.0},{"damage":13.0,"enemies":"Shield and Spear","floor":54.0,"turns":3.0},{"damage":36,"enemies":"The Heart","floor":55,"turns":5}],"seed_played":"-6418602162655793135","potions_obtained":[{"floor":6.0,"key":"Regen Potion"},{"floor":8.0,"key":"AttackPotion"},{"floor":10.0,"key":"Poison Potion"},{"floor":13.0,"key":"Fire Potion"},{"floor":18.0,"key":"Strength Potion"},{"floor":27.0,"key":"LiquidBronze"},{"floor":31.0,"key":"Weak Potion"},{"floor":33.0,"key":"Fire Potion"},{"floor":41.0,"key":"EssenceOfSteel"},{"floor":48.0,"key":"Dexterity Potion"}],"is_trial":false,"path_per_floor":["M","M","?","M","$","E","?","E","T","E","M","?","M","M","R","B",null,"M","M","?","?","$","E","R","E","T","E","M","M","R","M","R","B",null,"M","M","?","M","$","R","E","M","T","M","R","T","$","M","R","B",null,"R","$","E","B",null],"character_chosen":"DEFECT","items_purchased":["Streamline","EssenceOfSteel","Membership Card","Apotheosis","Capacitor","Ball Lightning","Compile Driver","Ice Cream","LiquidBronze","Pen Nib","Mummified Hand","Storm","Machine Learning"],"campfire_rested":3,"item_purchase_floors":[5,5,22,22,22,22,22,39,39,39,47,47,47],"current_hp_per_floor":[59,54,47,47,47,13,13,15,15,15,14,20,24,27,27,31,69,75,80,74,74,74,70,70,68,68,70,74,80,80,68,68,59,76,80,81,71,63,63,81,72,81,81,81,81,81,81,81,81,51,74,81,81,78,64],"gold":50,"neow_bonus":"RANDOM_COMMON_RELIC","is_prod":false,"is_daily":false,"chose_seed":false,"campfire_upgraded":4,"win_rate":0,"timestamp":1564013676,"path_taken":["M","M","?","M","$","E","?","E","T","E","?","?","M","M","R","BOSS","M","M","?","?","$","E","R","E","T","E","M","M","R","M","R","BOSS","M","M","?","M","$","R","E","M","T","M","R","?","$","M","R","BOSS","R","$","E","BOSS"],"build_version":"2019-07-17","purchased_purges":2,"victory":true,"max_hp_per_floor":[75,75,75,75,75,75,75,75,75,75,75,81,81,81,81,81,81,81,81,81,81,81,81,81,81,81,81,81,81,81,81,81,81,81,81,81,81,81,81,81,81,81,81,81,81,81,81,81,81,81,81,81,81,81,81],"card_choices":[{"not_picked":["Turbo","Redo"],"picked":"White Noise","floor":1.0},{"not_picked":["Hello World","Blizzard"],"picked":"Sweeping Beam","floor":2.0},{"not_picked":["Skim","Gash"],"picked":"Auto Shields","floor":4.0},{"not_picked":["Beam Cell","Skim"],"picked":"Biased Cognition","floor":6.0},{"not_picked":["Hello World","Auto Shields","Beam Cell"],"picked":"SKIP","floor":8.0},{"not_picked":["Hello World","Reboot"],"picked":"Coolheaded","floor":10.0},{"not_picked":["Beam Cell","Redo"],"picked":"Compile Driver","floor":11.0},{"not_picked":["Heatsinks","Chill"],"picked":"Cold Snap","floor":13.0},{"not_picked":["Rebound","Sweeping Beam"],"picked":"Coolheaded","floor":14.0},{"not_picked":["Creative AI","Reboot"],"picked":"Biased Cognition","floor":16.0},{"not_picked":["Streamline+1","Reinforced Body+1"],"picked":"Genetic Algorithm+1","floor":18.0},{"not_picked":["Conserve Battery","FTL+1"],"picked":"Sweeping Beam+1","floor":19.0},{"not_picked":["Gash+1","Beam Cell+1"],"picked":"Undo+1","floor":23.0},{"not_picked":["Leap","Go for the Eyes"],"picked":"Force Field","floor":25.0},{"not_picked":["Conserve Battery","Hello World"],"picked":"Force Field","floor":27.0},{"not_picked":["Turbo","Sweeping Beam"],"picked":"Rip and Tear","floor":28.0},{"not_picked":["Amplify","Streamline","Barrage"],"picked":"SKIP","floor":29.0},{"not_picked":["Leap","Go for the Eyes+1"],"picked":"Compile Driver","floor":31.0},{"not_picked":["Fission","Electrodynamics"],"picked":"Echo Form","floor":33.0},{"not_picked":["Sweeping Beam","Fusion"],"picked":"Static Discharge","floor":35.0},{"not_picked":["Scrape","Gash","Conserve Battery"],"picked":"SKIP","floor":36.0},{"not_picked":["Thinking Ahead","Finesse"],"picked":"Panacea","floor":37.0},{"not_picked":["Jack Of All Trades","Master of Strategy"],"picked":"Dark Shackles","floor":37.0},{"not_picked":["Dramatic Entrance","Secret Weapon"],"picked":"Discovery","floor":37.0},{"not_picked":["Static Discharge","BootSequence+1"],"picked":"Compile Driver","floor":38.0},{"not_picked":["Beam Cell","Conserve Battery","Auto Shields"],"picked":"SKIP","floor":41.0},{"not_picked":["Beam Cell","Turbo+1","Ball Lightning"],"picked":"SKIP","floor":42.0},{"not_picked":["Compile Driver+1","Rebound"],"picked":"Fusion+1","floor":44.0},{"not_picked":["Beam Cell","Sunder"],"picked":"White Noise","floor":48.0},{"not_picked":["Streamline","Ball Lightning+1"],"picked":"Hologram","floor":54.0}],"player_experience":789169,"relics_obtained":[{"floor":6.0,"key":"Du-Vu Doll"},{"floor":8.0,"key":"Vajra"},{"floor":9.0,"key":"Bird Faced Urn"},{"floor":10.0,"key":"Oddly Smooth Stone"},{"floor":23.0,"key":"Gambling Chip"},{"floor":25.0,"key":"Torii"},{"floor":26.0,"key":"The Courier"},{"floor":27.0,"key":"Whetstone"},{"floor":41.0,"key":"Centennial Puzzle"},{"floor":43.0,"key":"Happy Flower"},{"floor":54.0,"key":"Orichalcum"}],"event_choices":[{"damage_healed":0.0,"max_hp_gain":0.0,"max_hp_loss":0.0,"gold_gain":0.0,"event_name":"Scrap Ooze","player_choice":"Success","floor":3.0,"gold_loss":0.0,"damage_taken":7.0,"relics_obtained":["Darkstone Periapt"]},{"cards_removed":["Strike_B"],"damage_healed":0.0,"max_hp_gain":0.0,"max_hp_loss":0.0,"gold_gain":0.0,"event_name":"Purifier","player_choice":"Purged","floor":7.0,"gold_loss":0.0,"damage_taken":0.0},{"damage_healed":0.0,"max_hp_gain":0.0,"max_hp_loss":0.0,"gold_gain":175.0,"event_name":"Liars Game","player_choice":"AGREE","floor":12.0,"gold_loss":0.0,"damage_taken":0.0,"cards_obtained":["Doubt"]},{"damage_healed":0.0,"max_hp_gain":0.0,"max_hp_loss":0.0,"gold_gain":0.0,"event_name":"Nest","player_choice":"Joined the Cult","floor":20.0,"gold_loss":0.0,"damage_taken":6.0,"cards_obtained":["RitualDagger"]},{"damage_healed":0.0,"max_hp_gain":0.0,"max_hp_loss":0.0,"gold_gain":0.0,"cards_transformed":["Strike_B","Strike_B"],"event_name":"Drug Dealer","player_choice":"Became Test Subject","floor":21.0,"gold_loss":0.0,"damage_taken":0.0,"cards_obtained":["Reboot","Auto Shields"]},{"damage_healed":0.0,"max_hp_gain":0.0,"max_hp_loss":0.0,"gold_gain":0.0,"event_name":"SensoryStone","player_choice":"Memory 3","floor":37.0,"gold_loss":0.0,"damage_taken":10.0}],"is_beta":false,"boss_relics":[{"not_picked":["Lizard Tail","Nuclear Battery"],"picked":"Snecko Eye"},{"not_picked":["White Beast Statue","Busted Crown"],"picked":"Fusion Hammer"}],"items_purged_floors":[22,39],"is_endless":false,"potions_floor_spawned":[6,8,10,13,14,18,25,27,31,33,41,44,48,54],"ascension_level":13}