{"gold_per_floor":[114,124,144,69,69,69,83,83,83,98,157,31,31,49,49,49],"floor_reached":16,"playtime":600,"items_purged":["Defend_B","Defend_B"],"score":92,"play_id":"c1c77ae8-f1fc-41c5-aa99-a0cd29680111","local_time":"20190721190011","is_ascension_mode":false,"campfire_choices":[{"floor":6,"key":"REST"},{"floor":8,"key":"REST"},{"floor":15,"key":"REST"}],"neow_cost":"PERCENT_DAMAGE","seed_source_timestamp":585869608128483,"circlet_count":0,"master_deck":["Strike_B","Strike_B","Strike_B","Defend_B","Defend_B","Zap+1","Steam Power","Steam Power","Self Repair","Leap","Leap","Go for the Eyes+1","Glacier"],"relics":["Cracked Core","Pear","Molten Egg 2"],"potions_floor_usage":[11,11,16,16,16,16],"damage_taken":[{"damage":1,"enemies":"Jaw Worm","floor":1,"turns":4},{"damage":4,"enemies":"Cultist","floor":2,"turns":5},{"damage":7,"enemies":"Small Slimes","floor":3,"turns":3},{"damage":4,"enemies":"Blue Slaver","floor":7,"turns":3},{"damage":11,"enemies":"2 Fungi Beasts","floor":10,"turns":3},{"damage":29,"enemies":"3 Sentries","floor":11,"turns":7},{"damage":4,"enemies":"Exordium Wildlife","floor":14,"turns":3},{"damage":128,"enemies":"Slime Boss","floor":16,"turns":17}],"seed_played":"-3773848689714248075","potions_obtained":[{"floor":1,"key":"Ancient Potion"},{"floor":7,"key":"Explosive Potion"},{"floor":10,"key":"Ancient Potion"},{"floor":13,"key":"FearPotion"},{"floor":13,"key":"EntropicBrew"},{"floor":13,"key":"FairyPotion"}],"is_trial":false,"path_per_floor":["M","M","M","$","?","R","M","R","T","M","?","$","?","M","R","B"],"character_chosen":"DEFECT","items_purchased":["Go for the Eyes+1"],"campfire_rested":3,"item_purchase_floors":[12],"current_hp_per_floor":[53,49,42,42,42,64,60,75,85,81,59,59,59,62,85,0],"gold":49,"neow_bonus":"REMOVE_TWO","is_prod":false,"is_daily":false,"chose_seed":false,"campfire_upgraded":0,"win_rate":0.0,"timestamp":1563750011,"path_taken":["M","M","M","$","?","R","?","R","T","M","?","$","?","M","R","BOSS"],"build_version":"2019-07-17","purchased_purges":2,"victory":false,"max_hp_per_floor":[75,75,75,75,75,75,75,75,85,85,85,85,85,85,85,85],"card_choices":[{"not_picked":["Cold Snap","Stack"],"picked":"Steam Power","floor":1},{"not_picked":["Genetic Algorithm","White Noise"],"picked":"Steam Power","floor":2},{"not_picked":["Lockon","Compile Driver","White Noise"],"picked":"SKIP","floor":3},{"not_picked":["Melter","Streamline"],"picked":"Self Repair","floor":7},{"not_picked":["Redo","Cold Snap"],"picked":"Leap","floor":10},{"not_picked":["Defragment","Hello World"],"picked":"Leap","floor":11},{"not_picked":["Thunder Strike+1","Capacitor"],"picked":"Glacier","floor":14}],"player_experience":87182,"relics_obtained":[{"floor":9,"key":"Pear"},{"floor":11,"key":"Molten Egg 2"}],"event_choices":[{"damage_healed":0,"gold_gain":0,"player_choice":"Upgraded","damage_taken":0,"max_hp_gain":0,"max_hp_loss":0,"event_name":"Upgrade Shrine","floor":5,"gold_loss":0,"cards_upgraded":["Zap"]},{"damage_healed":0,"gold_gain":0,"player_choice":"Searched \u00271\u0027 times","damage_taken":0,"max_hp_gain":0,"max_hp_loss":0,"event_name":"Dead Adventurer","floor":11,"gold_loss":0},{"damage_healed":0,"gold_gain":0,"player_choice":"Got Potions","damage_taken":0,"max_hp_gain":0,"max_hp_loss":0,"event_name":"Lab","floor":13,"gold_loss":0}],"is_beta":false,"boss_relics":[],"items_purged_floors":[4,12],"is_endless":false,"potions_floor_spawned":[1,7,10],"killed_by":"Slime Boss","ascension_level":0}