{"gold_per_floor":[110,124,138,138,238,267,267,297,323,323,334,363,373,391,391,391],"floor_reached":16,"playtime":2246,"items_purged":[],"score":189,"play_id":"ffcd2770-4e15-434f-8471-e1f8b22e5715","local_time":"20190723091711","is_ascension_mode":true,"campfire_choices":[{"floor":7,"key":"REST"},{"data":"Bash","floor":10,"key":"SMITH"},{"floor":15,"key":"REST"}],"neow_cost":"NONE","seed_source_timestamp":1035095601162200,"circlet_count":0,"master_deck":["AscendersBane","Strike_R","Strike_R","Strike_R","Strike_R","Strike_R","Defend_R","Defend_R","Defend_R","Defend_R","Bash+1","Inflame","Shrug It Off","Metallicize","Ghostly Armor","Ghostly Armor","Feel No Pain","Shockwave","Cleave","Havoc"],"relics":["Burning Blood","Ancient Tea Set","Lantern","Strawberry","Centennial Puzzle","Potion Belt","Omamori"],"potions_floor_usage":[6,8,8,13],"damage_taken":[{"damage":14,"enemies":"Small Slimes","floor":1,"turns":5},{"damage":6,"enemies":"Cultist","floor":2,"turns":4},{"damage":4,"enemies":"Jaw Worm","floor":3,"turns":3},{"damage":24,"enemies":"Gremlin Nob","floor":6,"turns":4},{"damage":9,"enemies":"3 Sentries","floor":8,"turns":9},{"damage":10,"enemies":"Large Slime","floor":11,"turns":7},{"damage":40,"enemies":"Gremlin Nob","floor":12,"turns":6},{"damage":21,"enemies":"2 Fungi Beasts","floor":13,"turns":5},{"damage":12,"enemies":"3 Louse","floor":14,"turns":2},{"damage":59,"enemies":"The Guardian","floor":16,"turns":14}],"seed_played":"-5895058879558881354","potions_obtained":[{"floor":2,"key":"Fire Potion"},{"floor":3,"key":"AttackPotion"},{"floor":6,"key":"Fire Potion"},{"floor":8,"key":"SpeedPotion"}],"is_trial":false,"path_per_floor":["M","M","M","?","?","E","R","E","T","R","M","E","M","M","R","B"],"character_chosen":"IRONCLAD","items_purchased":[],"campfire_rested":2,"item_purchase_floors":[],"current_hp_per_floor":[64,64,66,59,59,48,74,71,71,71,67,33,18,12,38,0],"gold":391,"neow_bonus":"RANDOM_COMMON_RELIC","is_prod":false,"is_daily":false,"chose_seed":false,"campfire_upgraded":1,"win_rate":0,"timestamp":1563869831,"path_taken":["M","M","M","?","?","E","R","E","T","R","M","E","M","?","R","BOSS"],"build_version":"2019-07-17","purchased_purges":0,"victory":false,"max_hp_per_floor":[80,80,80,80,80,87,87,87,87,87,87,87,87,87,87,87],"card_choices":[{"not_picked":["Twin Strike","Body Slam"],"picked":"Inflame","floor":1},{"not_picked":["Entrench","Pommel Strike"],"picked":"Shrug It Off","floor":2},{"not_picked":["Armaments","Reckless Charge"],"picked":"Metallicize","floor":3},{"not_picked":["Anger","Reckless Charge"],"picked":"Ghostly Armor","floor":6},{"not_picked":["Whirlwind","Thunderclap"],"picked":"Ghostly Armor","floor":8},{"not_picked":["Sword Boomerang","Power Through"],"picked":"Feel No Pain","floor":11},{"not_picked":["Dark Embrace","Sword Boomerang"],"picked":"Shockwave","floor":12},{"not_picked":["Sword Boomerang","Infernal Blade"],"picked":"Cleave","floor":13},{"not_picked":["Combust","Cleave"],"picked":"Havoc","floor":14}],"player_experience":1072524,"relics_obtained":[{"floor":6,"key":"Strawberry"},{"floor":8,"key":"Centennial Puzzle"},{"floor":9,"key":"Potion Belt"},{"floor":12,"key":"Omamori"}],"event_choices":[{"damage_healed":0,"gold_gain":0,"player_choice":"Success","damage_taken":7,"relics_obtained":["Lantern"],"max_hp_gain":0,"max_hp_loss":0,"event_name":"Scrap Ooze","floor":4,"gold_loss":0},{"damage_healed":0,"gold_gain":100,"player_choice":"Pray","damage_taken":0,"max_hp_gain":0,"max_hp_loss":0,"event_name":"Golden Shrine","floor":5,"gold_loss":0}],"is_beta":false,"boss_relics":[],"items_purged_floors":[],"is_endless":false,"potions_floor_spawned":[2,3,6,8],"killed_by":"The Guardian","ascension_level":11}