{"gold_per_floor":[110,185,185,195,143,169,169,188,212,163,338,338,369,369,369,467,467,482,150,150,150,165,165,191,207,207,41,41,67,86,100,100,203,203,222,235,235,235,158,158,158],"floor_reached":41,"playtime":2291,"items_purged":[],"score":460,"play_id":"6d178457-ce7e-4600-9c5f-475491140500","local_time":"20190709011925","is_ascension_mode":false,"campfire_choices":[{"data":"Armaments","floor":7,"key":"SMITH"},{"data":"Perfected Strike","floor":12,"key":"SMITH"},{"data":"Shrug It Off","floor":15,"key":"SMITH"},{"data":"Anger","floor":23,"key":"SMITH"},{"floor":28,"key":"REST"},{"floor":32,"key":"REST"},{"floor":40,"key":"REST"}],"neow_cost":"NONE","seed_source_timestamp":30579317851707,"circlet_count":0,"master_deck":["Strike_R","Strike_R","Strike_R","Strike_R","Strike_R","Defend_R","Defend_R","Defend_R","Bash","Clash","Perfected Strike+1","Armaments+1","Shrug It Off+1","Twin Strike","Inflame","Violence","Anger+1","Dual Wield+1","Rage","Metallicize","Anger","Twin Strike","Perfected Strike","Pommel Strike+1","Madness","Madness","Rampage"],"relics":["Burning Blood","NeowsBlessing","Lantern","Omamori","Incense Burner","Sozu","Ancient Tea Set","Centennial Puzzle","Bottled Tornado","Potion Belt","Busted Crown","Pantograph"],"potions_floor_usage":[13,18],"damage_taken":[{"damage":0,"enemies":"Small Slimes","floor":1,"turns":1},{"damage":0,"enemies":"Jaw Worm","floor":4,"turns":1},{"damage":0,"enemies":"Lagavulin","floor":6,"turns":1},{"damage":5,"enemies":"2 Louse","floor":8,"turns":3},{"damage":4,"enemies":"3 Sentries","floor":13,"turns":5},{"damage":71,"enemies":"The Guardian","floor":16,"turns":10},{"damage":0,"enemies":"3 Byrds","floor":18,"turns":5},{"damage":15,"enemies":"2 Thieves","floor":22,"turns":4},{"damage":37,"enemies":"Slavers","floor":24,"turns":5},{"damage":16,"enemies":"Snake Plant","floor":25,"turns":2},{"damage":18,"enemies":"Book of Stabbing","floor":29,"turns":3},{"damage":12,"enemies":"Centurion and Healer","floor":30,"turns":4},{"damage":0,"enemies":"3 Cultists","floor":31,"turns":5},{"damage":49,"enemies":"Automaton","floor":33,"turns":8},{"damage":4,"enemies":"Orb Walker","floor":35,"turns":3},{"damage":29,"enemies":"3 Darklings","floor":36,"turns":3},{"damage":79,"enemies":"Nemesis","floor":41,"turns":7}],"seed_played":"-3158326761041439750","potions_obtained":[{"floor":6,"key":"Fire Potion"},{"floor":16,"key":"Block Potion"}],"is_trial":false,"path_per_floor":["M","?","?","M","$","E","R","M","T","$","?","R","E","?","R","B",null,"M","$","?","?","M","R","E","M","T","$","R","E","M","M","R","B",null,"M","M","?","T","$","R","E"],"character_chosen":"IRONCLAD","items_purchased":["Armaments","Twin Strike","Violence","Ancient Tea Set","Rage","Metallicize","Anger","Rampage"],"campfire_rested":3,"item_purchase_floors":[5,10,19,19,27,27,27,39],"current_hp_per_floor":[80,69,74,80,80,85,85,85,85,85,85,85,85,78,78,13,85,85,85,85,85,76,76,45,35,35,35,60,48,42,48,73,30,85,85,62,51,51,51,76,0],"gold":158,"neow_bonus":"THREE_ENEMY_KILL","is_prod":false,"is_daily":false,"chose_seed":false,"campfire_upgraded":4,"win_rate":0.0,"timestamp":1562653165,"path_taken":["M","?","?","M","$","E","R","M","T","$","?","R","E","?","R","BOSS","M","$","?","?","M","R","E","M","T","?","R","E","M","M","R","BOSS","M","M","?","?","?","R","E"],"build_version":"2019-07-05","purchased_purges":0,"victory":false,"max_hp_per_floor":[80,80,85,85,85,85,85,85,85,85,85,85,85,85,85,85,85,85,85,85,85,85,85,85,85,85,85,85,85,85,85,85,85,85,85,85,85,85,85,85,85],"card_choices":[{"not_picked":["Wild Strike","Sword Boomerang"],"picked":"Clash","floor":1},{"not_picked":["Cleave","Thunderclap"],"picked":"Perfected Strike","floor":4},{"not_picked":["Evolve","Armaments","Flex"],"picked":"SKIP","floor":6},{"not_picked":["Heavy Blade","True Grit"],"picked":"Shrug It Off","floor":8},{"not_picked":["Immolate","Heavy Blade","Spot Weakness"],"picked":"SKIP","floor":13},{"not_picked":["Body Slam+1","Uppercut"],"picked":"Inflame","floor":18},{"not_picked":["Blood for Blood","Bloodletting"],"picked":"Anger","floor":22},{"not_picked":["Anger+1","Barricade"],"picked":"Dual Wield+1","floor":24},{"not_picked":["Warcry","Inflame+1","Pummel+1"],"picked":"SKIP","floor":25},{"not_picked":["Heavy Blade","True Grit"],"picked":"Twin Strike","floor":29},{"not_picked":["Anger","Warcry+1"],"picked":"Perfected Strike","floor":30},{"not_picked":["Flex","Combust"],"picked":"Pommel Strike+1","floor":31},{"not_picked":["Headbutt+1"],"picked":"SKIP","floor":35},{"not_picked":["Iron Wave"],"picked":"SKIP","floor":36}],"player_experience":26160,"relics_obtained":[{"floor":6,"key":"Lantern"},{"floor":9,"key":"Omamori"},{"floor":13,"key":"Incense Burner"},{"floor":24,"key":"Centennial Puzzle"},{"floor":26,"key":"Bottled Tornado"},{"floor":29,"key":"Potion Belt"},{"floor":38,"key":"Pantograph"}],"event_choices":[{"damage_healed":0,"gold_gain":75,"player_choice":"Gather Gold","damage_taken":11,"max_hp_gain":0,"max_hp_loss":0,"event_name":"World of Goop","floor":2,"gold_loss":0},{"damage_healed":0,"gold_gain":0,"player_choice":"Donut","damage_taken":0,"max_hp_gain":5,"max_hp_loss":0,"event_name":"Big Fish","floor":3,"gold_loss":0},{"damage_healed":0,"gold_gain":175,"player_choice":"AGREE","damage_taken":0,"max_hp_gain":0,"max_hp_loss":0,"event_name":"Liars Game","floor":11,"gold_loss":0,"cards_obtained":["Doubt"]},{"cards_removed":["Defend_R"],"damage_healed":0,"gold_gain":0,"player_choice":"Card Removal","damage_taken":7,"max_hp_gain":0,"max_hp_loss":0,"event_name":"Golden Wing","floor":14,"gold_loss":0},{"damage_healed":0,"gold_gain":0,"player_choice":"Ignored","damage_taken":0,"max_hp_gain":0,"max_hp_loss":0,"event_name":"Vampires","floor":20,"gold_loss":0},{"damage_healed":0,"gold_gain":0,"player_choice":"Ignored","damage_taken":0,"max_hp_gain":0,"max_hp_loss":0,"event_name":"Ghosts","floor":21,"gold_loss":0},{"damage_healed":0,"gold_gain":0,"player_choice":"Embrace Madness","damage_taken":11,"max_hp_gain":0,"max_hp_loss":0,"event_name":"Winding Halls","floor":37,"gold_loss":0,"cards_obtained":["Madness","Madness"]}],"is_beta":false,"boss_relics":[{"not_picked":["Empty Cage","Ectoplasm"],"picked":"Sozu"},{"not_picked":["Astrolabe","Lizard Tail"],"picked":"Busted Crown"}],"items_purged_floors":[],"is_endless":false,"potions_floor_spawned":[6,16,22,29,33,36],"killed_by":"Nemesis","ascension_level":0}