{"gold_per_floor":[114,41,41,55,66,66,76,76,76,24,51,65,81,12,12,111,111,126,8,21,38,38,38,53,53,53,53,63,0,0,0,0,95,95,105,30,42,42,53,53,70,0,0,0,0],"floor_reached":45,"playtime":2636,"items_purged":["Strike_B"],"score":440,"play_id":"1f4f107f-86b2-4768-ab61-695265187f54","local_time":"20190722212821","is_ascension_mode":false,"campfire_choices":[{"data":"Zap","floor":6,"key":"SMITH"},{"data":"Redo","floor":8,"key":"SMITH"},{"floor":15,"key":"REST"},{"floor":23,"key":"REST"},{"floor":25,"key":"REST"},{"data":"Hologram","floor":27,"key":"SMITH"},{"floor":30,"key":"REST"},{"data":"Scrape","floor":32,"key":"SMITH"},{"data":"Secret Technique","floor":40,"key":"SMITH"}],"neow_cost":"NONE","seed_source_timestamp":16131477371422,"circlet_count":0,"master_deck":["Strike_B","Strike_B","Strike_B","Defend_B","Defend_B+1","Defend_B","Defend_B+1","Zap+1","Conserve Battery","BootSequence","Reprogram","Steam Power","Redo+1","Turbo","Reprogram","Go for the Eyes","Reprogram","FTL","Reboot","Gash","Scrape+1","Hologram+1","Gash","Streamline","Gash","Steam+1","Redo+1","Secret Technique+1","Turbo","Gash"],"relics":["FrozenCore","Pantograph","Calipers","Pear","Mercury Hourglass","Cursed Key","Red Mask"],"potions_floor_usage":[11,13,16,18,20,24,33],"damage_taken":[{"damage":1,"enemies":"2 Louse","floor":1,"turns":4},{"damage":0,"enemies":"Jaw Worm","floor":4,"turns":3},{"damage":0,"enemies":"Small Slimes","floor":5,"turns":4},{"damage":0,"enemies":"Blue Slaver","floor":7,"turns":4},{"damage":20,"enemies":"Lagavulin","floor":11,"turns":9},{"damage":11,"enemies":"Large Slime","floor":12,"turns":8},{"damage":0,"enemies":"2 Fungi Beasts","floor":13,"turns":3},{"damage":57,"enemies":"The Guardian","floor":16,"turns":14},{"damage":29,"enemies":"Shell Parasite","floor":18,"turns":12},{"damage":0,"enemies":"2 Thieves","floor":20,"turns":4},{"damage":43,"enemies":"Centurion and Healer","floor":21,"turns":8},{"damage":9,"enemies":"Snecko","floor":24,"turns":9},{"damage":21,"enemies":"Sentry and Sphere","floor":28,"turns":7},{"damage":73,"enemies":"Collector","floor":33,"turns":14},{"damage":16,"enemies":"3 Shapes","floor":35,"turns":3},{"damage":0,"enemies":"Orb Walker","floor":37,"turns":4},{"damage":27,"enemies":"Transient","floor":39,"turns":5},{"damage":28,"enemies":"Jaw Worm Horde","floor":41,"turns":8},{"damage":33,"enemies":"Spire Growth","floor":45,"turns":4}],"seed_played":"-9110477154882834783","potions_obtained":[{"floor":5,"key":"Block Potion"},{"floor":11,"key":"Poison Potion"},{"floor":12,"key":"GamblersBrew"},{"floor":16,"key":"Weak Potion"},{"floor":18,"key":"Block Potion"},{"floor":21,"key":"Weak Potion"},{"floor":28,"key":"LiquidBronze"}],"is_trial":false,"path_per_floor":["M","$","?","M","M","R","M","R","T","$","E","M","M","$","R","B",null,"M","$","M","M","?","R","M","R","T","R","M","?","R","T","R","B",null,"M","$","M","?","M","R","M","?","T","?","M"],"character_chosen":"DEFECT","items_purchased":["BootSequence","Turbo","FTL","Scrape","Hologram"],"campfire_rested":4,"item_purchase_floors":[2,10,14,19,19],"current_hp_per_floor":[74,74,59,59,59,59,59,59,59,59,39,28,28,28,50,18,75,46,46,46,3,3,25,16,38,48,48,27,27,52,52,52,4,85,69,69,69,69,42,42,14,14,14,14,0],"gold":0,"neow_bonus":"REMOVE_CARD","is_prod":false,"is_daily":false,"chose_seed":false,"campfire_upgraded":5,"win_rate":0.0,"timestamp":1563845301,"path_taken":["M","$","?","M","M","R","M","R","T","$","E","M","M","$","R","BOSS","M","$","M","M","?","R","M","R","T","R","M","?","R","?","R","BOSS","M","$","M","?","M","R","M","?","T","?","?"],"build_version":"2019-07-17","purchased_purges":1,"victory":false,"max_hp_per_floor":[75,75,75,75,75,75,75,75,75,75,75,75,75,75,75,75,75,75,75,75,75,75,75,75,75,85,85,85,85,85,85,85,85,85,85,85,85,85,85,85,85,85,85,85,85],"card_choices":[{"not_picked":["Rebound","Leap"],"picked":"Conserve Battery","floor":1},{"not_picked":["Hologram","Compile Driver"],"picked":"Reprogram","floor":4},{"not_picked":["Chaos","Sweeping Beam"],"picked":"Steam Power","floor":5},{"not_picked":["Defragment","Barrage"],"picked":"Redo","floor":7},{"not_picked":["Redo","Undo"],"picked":"Reprogram","floor":11},{"not_picked":["Genetic Algorithm","Aggregate"],"picked":"Go for the Eyes","floor":12},{"not_picked":["Beam Cell","Loop"],"picked":"Reprogram","floor":13},{"not_picked":["Multi-Cast","Seek"],"picked":"Reboot","floor":16},{"not_picked":["Coolheaded","Sweeping Beam"],"picked":"Gash","floor":18},{"not_picked":["Barrage","Cold Snap+1"],"picked":"Gash","floor":20},{"not_picked":["Compile Driver","Recycle"],"picked":"Streamline","floor":21},{"not_picked":["Self Repair+1","Leap"],"picked":"Gash","floor":24},{"not_picked":["Tempest","Rainbow"],"picked":"Steam+1","floor":28},{"not_picked":["Rip and Tear","Ball Lightning"],"picked":"Redo+1","floor":35},{"not_picked":["Chaos+1","Ball Lightning+1","Conserve Battery"],"picked":"SKIP","floor":37},{"not_picked":["Panacea","PanicButton"],"picked":"Secret Technique","floor":38},{"not_picked":["Redo","Sweeping Beam"],"picked":"Turbo","floor":39},{"not_picked":["Heatsinks+1","Lockon+1"],"picked":"Gash","floor":41}],"player_experience":104425,"relics_obtained":[{"floor":9,"key":"Pantograph"},{"floor":11,"key":"Calipers"},{"floor":26,"key":"Pear"},{"floor":31,"key":"Mercury Hourglass"}],"event_choices":[{"damage_healed":0,"gold_gain":0,"player_choice":"Entered Light","damage_taken":15,"max_hp_gain":0,"max_hp_loss":0,"event_name":"Shining Light","floor":3,"gold_loss":0,"cards_upgraded":["Defend_B","Defend_B"]},{"damage_healed":0,"gold_gain":0,"player_choice":"Paid Fearfully","damage_taken":0,"max_hp_gain":0,"max_hp_loss":0,"event_name":"Masked Bandits","floor":29,"gold_loss":63},{"damage_healed":0,"gold_gain":0,"player_choice":"Memory 1","damage_taken":0,"max_hp_gain":0,"max_hp_loss":0,"event_name":"SensoryStone","floor":38,"gold_loss":0},{"damage_healed":0,"gold_gain":0,"player_choice":"Paid","damage_taken":0,"relics_obtained":["Red Mask"],"max_hp_gain":0,"max_hp_loss":0,"event_name":"Tomb of Lord Red Mask","floor":42,"gold_loss":70},{"damage_healed":0,"gold_gain":0,"player_choice":"Ignored","damage_taken":0,"max_hp_gain":0,"max_hp_loss":0,"event_name":"NoteForYourself","floor":44,"gold_loss":0}],"is_beta":false,"boss_relics":[{"not_picked":["Snecko Eye","Tiny House"],"picked":"FrozenCore"},{"not_picked":["Runic Dome","Runic Pyramid"],"picked":"Cursed Key"}],"items_purged_floors":[36],"is_endless":false,"potions_floor_spawned":[5,11,12,16,18,21,28],"killed_by":"Spire Growth","ascension_level":0}