{"gold_per_floor":[112,127,30,50,61,74,74,91,91,117,149,161,123,155,167,275,287,312,336,362,388,413,425,437,467,479,511,523],"floor_reached":28,"playtime":1153,"items_purged":["Dualcast"],"score":222,"play_id":"84b80d24-2873-4a88-bd2f-d1f2093b0adc","local_time":"20190722221212","is_ascension_mode":false,"campfire_choices":[{"data":"Coolheaded","floor":7,"key":"SMITH"},{"data":"Beam Cell","floor":12,"key":"SMITH"},{"data":"Double Energy","floor":15,"key":"SMITH"},{"floor":23,"key":"REST"}],"neow_cost":"NONE","seed_source_timestamp":20251529957272,"circlet_count":0,"master_deck":["Strike_B","Strike_B","Strike_B","Defend_B","Defend_B","Defend_B","Defend_B","Zap+1","Beam Cell+1","Sweeping Beam","Sweeping Beam","Sweeping Beam","Coolheaded+1","Streamline","Streamline","Gash","Double Energy+1","Echo Form","Go for the Eyes+1","Turbo","Reboot","Go for the Eyes","Steam","Go for the Eyes","Reboot"],"relics":["FrozenCore","MawBank","Bottled Tornado"],"potions_floor_usage":[16,16,19,20,20,21,25],"damage_taken":[{"damage":0,"enemies":"Cultist","floor":1,"turns":4},{"damage":1,"enemies":"Jaw Worm","floor":2,"turns":3},{"damage":0,"enemies":"Small Slimes","floor":4,"turns":2},{"damage":7,"enemies":"2 Fungi Beasts","floor":5,"turns":2},{"damage":13,"enemies":"Looter","floor":6,"turns":3},{"damage":0,"enemies":"Blue Slaver","floor":8,"turns":3},{"damage":0,"enemies":"Exordium Wildlife","floor":10,"turns":2},{"damage":0,"enemies":"2 Fungi Beasts","floor":11,"turns":2},{"damage":9,"enemies":"Gremlin Gang","floor":14,"turns":2},{"damage":3,"enemies":"Slime Boss","floor":16,"turns":6},{"damage":6,"enemies":"3 Byrds","floor":18,"turns":4},{"damage":13,"enemies":"Spheric Guardian","floor":19,"turns":5},{"damage":11,"enemies":"Shelled Parasite and Fungi","floor":20,"turns":5},{"damage":10,"enemies":"Cultist and Chosen","floor":21,"turns":6},{"damage":11,"enemies":"Centurion and Healer","floor":22,"turns":7},{"damage":17,"enemies":"Chosen and Byrds","floor":25,"turns":5},{"damage":11,"enemies":"Sentry and Sphere","floor":27,"turns":4},{"damage":44,"enemies":"Slavers","floor":28,"turns":4}],"seed_played":"5990129332515494321","potions_obtained":[{"floor":6,"key":"Strength Potion"},{"floor":8,"key":"Ancient Potion"},{"floor":10,"key":"Poison Potion"},{"floor":11,"key":"Weak Potion"},{"floor":16,"key":"Weak Potion"},{"floor":18,"key":"Regen Potion"},{"floor":19,"key":"Block Potion"},{"floor":25,"key":"Fruit Juice"}],"is_trial":false,"path_per_floor":["M","M","$","M","M","M","R","M","T","M","M","R","?","M","R","B",null,"M","M","M","M","M","R","$","M","T","M","E"],"character_chosen":"DEFECT","items_purchased":["Sweeping Beam"],"campfire_rested":1,"item_purchase_floors":[3],"current_hp_per_floor":[75,74,74,74,67,54,54,54,54,54,54,54,54,45,45,42,75,69,68,57,47,36,58,58,46,46,35,0],"gold":523,"neow_bonus":"UPGRADE_CARD","is_prod":false,"is_daily":false,"chose_seed":false,"campfire_upgraded":3,"win_rate":0.0,"timestamp":1563847932,"path_taken":["M","M","$","M","M","M","R","M","T","M","?","R","?","M","R","BOSS","M","M","M","M","M","R","$","M","T","M","E"],"build_version":"2019-07-17","purchased_purges":1,"victory":false,"max_hp_per_floor":[75,75,75,75,75,75,75,75,75,75,75,75,75,75,75,75,75,75,75,75,75,75,75,75,80,80,80,80],"card_choices":[{"not_picked":["Sunder","Recycle"],"picked":"Beam Cell","floor":1},{"not_picked":["Undo","Storm"],"picked":"Sweeping Beam","floor":2},{"not_picked":["Ball Lightning","Tempest"],"picked":"Sweeping Beam","floor":4},{"not_picked":["Reinforced Body","Go for the Eyes"],"picked":"Coolheaded","floor":5},{"not_picked":["Ball Lightning","Undo","Capacitor"],"picked":"SKIP","floor":6},{"not_picked":["Steam","Darkness"],"picked":"Streamline","floor":8},{"not_picked":["Coolheaded","Compile Driver"],"picked":"Streamline","floor":10},{"not_picked":["Auto Shields","Redo"],"picked":"Gash","floor":11},{"not_picked":["Redo","Storm"],"picked":"Double Energy","floor":14},{"not_picked":["Fission","Electrodynamics"],"picked":"Echo Form","floor":16},{"not_picked":["Coolheaded+1","Defragment"],"picked":"Go for the Eyes+1","floor":18},{"not_picked":["Lockon","Go for the Eyes+1"],"picked":"Turbo","floor":19},{"not_picked":["Auto Shields","Sweeping Beam"],"picked":"Reboot","floor":20},{"not_picked":["Ball Lightning+1","Compile Driver"],"picked":"Go for the Eyes","floor":21},{"not_picked":["Barrage+1","Double Energy"],"picked":"Steam","floor":22},{"not_picked":["Melter","Sunder"],"picked":"Go for the Eyes","floor":25},{"not_picked":["Hello World","Steam+1"],"picked":"Reboot","floor":27}],"player_experience":108521,"relics_obtained":[{"floor":9,"key":"MawBank"},{"floor":26,"key":"Bottled Tornado"}],"event_choices":[{"cards_removed":["Strike_B"],"damage_healed":0,"gold_gain":0,"player_choice":"Card Removal","damage_taken":0,"max_hp_gain":0,"max_hp_loss":0,"event_name":"The Cleric","floor":13,"gold_loss":50}],"is_beta":false,"boss_relics":[{"not_picked":["Coffee Dripper","Lizard Tail"],"picked":"FrozenCore"}],"items_purged_floors":[3],"is_endless":false,"potions_floor_spawned":[6,8,10,11,16,18,19,25],"killed_by":"Slavers","ascension_level":0}