{"gold_per_floor":[111,111,122,140,140,140,157,169,169,169,169,184,40,50,50,147,147,157,173,189,189,207,207,222,240,265,165,177,191,62,162,162,267,267,278,278,294,310,310,310,310,310,310,321,346,358,9,22,22,22],"floor_reached":51,"playtime":3517,"items_purged":["Strike_B","Strike_B"],"score":750,"play_id":"315e7976-ea90-47f7-8789-72ac1024ba65","local_time":"20190715190016","is_ascension_mode":false,"campfire_choices":[{"data":"Zap","floor":6,"key":"SMITH"},{"data":"Electrodynamics","floor":11,"key":"SMITH"},{"data":"Go for the Eyes","floor":15,"key":"SMITH"},{"data":"Rainbow","floor":23,"key":"SMITH"},{"floor":32,"key":"REST"},{"data":"Loop","floor":40,"key":"SMITH"},{"data":"Go for the Eyes","floor":42,"key":"SMITH"},{"data":"Dualcast","floor":46,"key":"SMITH"},{"data":"Go for the Eyes","floor":49,"key":"SMITH"}],"neow_cost":"NONE","seed_source_timestamp":10501510389061,"circlet_count":0,"master_deck":["Defend_B","Defend_B","Defend_B","Defend_B","Zap+1","Dualcast+1","Gash","Gash","Ball Lightning","Electrodynamics+1","Coolheaded","Lockon","Go for the Eyes+1","FTL","Go for the Eyes+1","Rainbow+1","Ball Lightning+1","Barrage","Streamline","Cold Snap","Conserve Battery","Sweeping Beam+1","Loop+1","Barrage","Conserve Battery+1","All For One","Defragment+1","Rebound","Defragment+1","Doubt","Capacitor+1","All For One","Steam","Trip","Coolheaded","Go for the Eyes+1","Streamline+1"],"relics":["Cracked Core","Orichalcum","Meat on the Bone","Eternal Feather","FaceOfCleric","Strawberry","StoneCalendar","Darkstone Periapt","Cursed Key","Vajra","MawBank","Bronze Scales"],"potions_floor_usage":[16,20,22,22,31,31,33,45,50,50],"damage_taken":[{"damage":0,"enemies":"Small Slimes","floor":1,"turns":4},{"damage":0,"enemies":"Cultist","floor":3,"turns":3},{"damage":1,"enemies":"Jaw Worm","floor":4,"turns":3},{"damage":0,"enemies":"Lots of Slimes","floor":7,"turns":2},{"damage":2,"enemies":"Looter","floor":8,"turns":2},{"damage":6,"enemies":"Exordium Wildlife","floor":12,"turns":2},{"damage":0,"enemies":"Lots of Slimes","floor":14,"turns":1},{"damage":37,"enemies":"The Guardian","floor":16,"turns":9},{"damage":2,"enemies":"Shell Parasite","floor":18,"turns":4},{"damage":3,"enemies":"Spheric Guardian","floor":19,"turns":3},{"damage":19,"enemies":"Shelled Parasite and Fungi","floor":20,"turns":5},{"damage":6,"enemies":"Snecko","floor":22,"turns":4},{"damage":13,"enemies":"Snake Plant","floor":24,"turns":3},{"damage":13,"enemies":"Centurion and Healer","floor":25,"turns":5},{"damage":0,"enemies":"3 Cultists","floor":28,"turns":3},{"damage":22,"enemies":"Snake Plant","floor":29,"turns":3},{"damage":41,"enemies":"Colosseum Slavers","floor":31,"turns":4},{"damage":18,"enemies":"Colosseum Nobs","floor":31,"turns":3},{"damage":71,"enemies":"Champ","floor":33,"turns":14},{"damage":3,"enemies":"3 Shapes","floor":35,"turns":3},{"damage":1,"enemies":"Orb Walker","floor":37,"turns":3},{"damage":0,"enemies":"Jaw Worm Horde","floor":38,"turns":2},{"damage":14,"enemies":"4 Shapes","floor":44,"turns":4},{"damage":31,"enemies":"Nemesis","floor":45,"turns":7},{"damage":25,"enemies":"Sphere and 2 Shapes","floor":48,"turns":4},{"damage":26,"enemies":"Time Eater","floor":50,"turns":8}],"seed_played":"-975660539880995295","potions_obtained":[{"floor":7,"key":"Explosive Potion"},{"floor":12,"key":"Explosive Potion"},{"floor":14,"key":"Weak Potion"},{"floor":16,"key":"Swift Potion"},{"floor":18,"key":"Energy Potion"},{"floor":20,"key":"Poison Potion"},{"floor":22,"key":"GamblersBrew"},{"floor":31,"key":"Regen Potion"},{"floor":33,"key":"Strength Potion"},{"floor":37,"key":"FocusPotion"},{"floor":38,"key":"Regen Potion"},{"floor":48,"key":"Fire Potion"}],"is_trial":false,"path_per_floor":["M","?","M","M","?","R","M","M","T","?","R","M","$","M","R","B",null,"M","M","M","?","M","R","M","M","T","$","M","M","$","?","R","B",null,"M","?","M","M","?","R","?","R","T","M","E","R","$","M","R","B",null],"character_chosen":"DEFECT","items_purchased":["FTL","Loop","Barrage","Steam","Trip","Bronze Scales","Coolheaded","Go for the Eyes"],"campfire_rested":1,"item_purchase_floors":[13,30,30,47,47,47,47,47],"current_hp_per_floor":[75,75,75,74,74,74,74,72,72,77,77,71,71,71,71,46,80,78,75,56,56,51,63,51,51,58,58,59,50,50,17,60,17,95,93,93,93,94,94,98,98,98,104,91,75,93,93,69,90,65],"gold":22,"neow_bonus":"RANDOM_COMMON_RELIC","is_prod":false,"is_daily":false,"chose_seed":false,"campfire_upgraded":8,"win_rate":0.0,"timestamp":1563235216,"path_taken":["M","?","?","M","?","R","M","?","T","?","R","M","?","M","R","BOSS","M","?","?","?","M","R","?","M","T","$","M","M","$","?","R","BOSS","M","?","?","M","?","R","?","R","T","?","E","R","$","M","R","BOSS"],"build_version":"2019-07-05","purchased_purges":2,"victory":true,"max_hp_per_floor":[75,75,75,75,75,75,75,75,75,80,80,80,80,80,80,80,80,80,80,80,80,81,81,82,83,90,90,91,92,92,94,94,95,95,96,96,97,98,98,98,98,98,104,105,106,106,106,107,107,108],"card_choices":[{"not_picked":["Turbo","Steam Power"],"picked":"Gash","floor":1},{"not_picked":["Chill","Turbo"],"picked":"Gash","floor":3},{"not_picked":["Tempest","BootSequence"],"picked":"Ball Lightning","floor":4},{"not_picked":["Steam","Darkness"],"picked":"Coolheaded","floor":7},{"not_picked":["Scrape","Capacitor"],"picked":"Lockon","floor":8},{"not_picked":["Tempest","Hologram"],"picked":"Go for the Eyes","floor":12},{"not_picked":["Tempest","Sweeping Beam"],"picked":"Go for the Eyes","floor":14},{"not_picked":["Multi-Cast","Biased Cognition"],"picked":"Rainbow","floor":16},{"not_picked":["Turbo+1","Sunder","BootSequence"],"picked":"SKIP","floor":18},{"not_picked":["Skim","Force Field"],"picked":"Ball Lightning+1","floor":19},{"not_picked":["Darkness","Recycle"],"picked":"Barrage","floor":20},{"not_picked":["Reinforced Body","Turbo"],"picked":"Coolheaded","floor":22},{"not_picked":["Hologram","Steam+1"],"picked":"Streamline","floor":24},{"not_picked":["Scrape","Compile Driver"],"picked":"Cold Snap","floor":25},{"not_picked":["Chaos+1","Go for the Eyes+1"],"picked":"Conserve Battery","floor":28},{"not_picked":["Aggregate+1","Go for the Eyes"],"picked":"Sweeping Beam+1","floor":29},{"not_picked":["BootSequence","Biased Cognition"],"picked":"Conserve Battery+1","floor":31},{"not_picked":["Machine Learning","Reboot"],"picked":"All For One","floor":33},{"not_picked":["Heatsinks+1","Storm"],"picked":"Defragment+1","floor":35},{"not_picked":["BootSequence+1","Hologram"],"picked":"Rebound","floor":37},{"not_picked":["Skim","Chill+1"],"picked":"Defragment+1","floor":38},{"not_picked":["Go for the Eyes","Compile Driver"],"picked":"Capacitor+1","floor":44},{"not_picked":["Heatsinks","BootSequence"],"picked":"All For One","floor":45},{"not_picked":["Lockon","Cold Snap+1"],"picked":"Streamline+1","floor":48}],"player_experience":161601,"relics_obtained":[{"floor":9,"key":"Meat on the Bone"},{"floor":26,"key":"Strawberry"},{"floor":31,"key":"StoneCalendar"},{"floor":31,"key":"Darkstone Periapt"},{"floor":43,"key":"Vajra"},{"floor":45,"key":"MawBank"}],"event_choices":[{"cards_removed":["Strike_B"],"damage_healed":0,"gold_gain":0,"player_choice":"Offered Basic","damage_taken":0,"max_hp_gain":0,"max_hp_loss":0,"event_name":"Bonfire Elementals","floor":2,"gold_loss":0},{"damage_healed":0,"gold_gain":0,"player_choice":"1 cards matched","damage_taken":0,"max_hp_gain":0,"max_hp_loss":0,"event_name":"Match and Keep!","floor":5,"gold_loss":0,"cards_obtained":["Electrodynamics"]},{"damage_healed":0,"gold_gain":0,"player_choice":"Donut","damage_taken":0,"max_hp_gain":5,"max_hp_loss":0,"event_name":"Big Fish","floor":10,"gold_loss":0},{"damage_healed":0,"gold_gain":0,"player_choice":"Trade","damage_taken":0,"relics_obtained":["FaceOfCleric"],"max_hp_gain":0,"max_hp_loss":0,"event_name":"FaceTrader","floor":21,"gold_loss":0},{"damage_healed":0,"gold_gain":0,"player_choice":"Fight","damage_taken":0,"max_hp_gain":0,"max_hp_loss":0,"event_name":"Colosseum","floor":31,"gold_loss":0},{"damage_healed":0,"gold_gain":0,"player_choice":"Fought Nobs","damage_taken":0,"max_hp_gain":0,"max_hp_loss":0,"event_name":"Colosseum","floor":31,"gold_loss":0},{"damage_healed":0,"gold_gain":0,"player_choice":"0 cards matched","damage_taken":0,"max_hp_gain":0,"max_hp_loss":0,"event_name":"Match and Keep!","floor":36,"gold_loss":0,"cards_obtained":[]},{"cards_removed":["Coolheaded"],"damage_healed":0,"gold_gain":0,"player_choice":"Removed Skill","damage_taken":0,"max_hp_gain":0,"max_hp_loss":0,"event_name":"Falling","floor":39,"gold_loss":0},{"cards_removed":["Strike_B"],"damage_healed":0,"gold_gain":0,"player_choice":"Purged","damage_taken":0,"max_hp_gain":0,"max_hp_loss":0,"event_name":"Purifier","floor":41,"gold_loss":0}],"is_beta":false,"boss_relics":[{"not_picked":["Ectoplasm","White Beast Statue"],"picked":"Eternal Feather"},{"not_picked":["Runic Dome","Orrery"],"picked":"Cursed Key"}],"items_purged_floors":[13,27],"is_endless":false,"potions_floor_spawned":[7,12,14,16,18,20,22,31,33,37,38,48],"ascension_level":0}