{"gold_per_floor":[111,36,36,36,36,62,74,74,97,107,118,138,138,151,151,247,247,217],"floor_reached":18,"playtime":521,"items_purged":["Strike_G"],"score":187,"play_id":"203fbfa4-62f5-463f-b275-3eca71a59cba","local_time":"20190720180938","is_ascension_mode":false,"campfire_choices":[{"data":"Poisoned Stab","floor":13,"key":"SMITH"},{"data":"Die Die Die","floor":15,"key":"SMITH"}],"neow_cost":"NONE","seed_source_timestamp":496514483562837,"circlet_count":0,"master_deck":["Strike_G","Strike_G","Defend_G","Defend_G","Defend_G","Defend_G","Defend_G","Survivor+1","Neutralize","Quick Slash","Poisoned Stab+1","Flying Knee","Quick Slash","Die Die Die+1","Venomology"],"relics":["Ring of the Snake","NeowsBlessing","Bronze Scales","Regal Pillow","HoveringKite"],"potions_floor_usage":[16,16],"damage_taken":[{"damage":0,"enemies":"Small Slimes","floor":1,"turns":1},{"damage":0,"enemies":"3 Sentries","floor":6,"turns":1},{"damage":0,"enemies":"Cultist","floor":7,"turns":1},{"damage":0,"enemies":"Jaw Worm","floor":10,"turns":3},{"damage":0,"enemies":"3 Louse","floor":11,"turns":4},{"damage":0,"enemies":"Looter","floor":12,"turns":3},{"damage":1,"enemies":"Lots of Slimes","floor":14,"turns":3},{"damage":36,"enemies":"The Guardian","floor":16,"turns":9},{"damage":7,"enemies":"2 Thieves","floor":18,"turns":2}],"seed_played":"2950028255797273159","potions_obtained":[{"floor":6,"key":"GhostInAJar"},{"floor":12,"key":"SteroidPotion"},{"floor":14,"key":"GhostInAJar"}],"is_trial":false,"path_per_floor":["M","$","?","$","?","E","M","?","T","M","M","M","R","M","R","B",null,"M"],"character_chosen":"THE_SILENT","items_purchased":[],"campfire_rested":0,"item_purchase_floors":[],"current_hp_per_floor":[70,70,70,70,70,70,70,70,70,70,70,70,70,69,69,33,70,63],"gold":217,"neow_bonus":"THREE_ENEMY_KILL","is_prod":false,"is_daily":false,"chose_seed":false,"campfire_upgraded":2,"win_rate":0.0,"timestamp":1563660578,"path_taken":["M","$","?","?","?","E","M","?","T","M","?","M","R","M","R","BOSS","M"],"build_version":"2019-07-17","purchased_purges":1,"victory":false,"max_hp_per_floor":[70,70,70,70,70,70,70,70,70,70,70,70,70,70,70,70,70,70],"card_choices":[{"not_picked":["Sucker Punch","Riddle With Holes"],"picked":"Quick Slash","floor":1},{"not_picked":["Dagger Throw","Bane"],"picked":"Poisoned Stab","floor":6},{"not_picked":["Flechettes","Underhanded Strike","Flying Knee"],"picked":"SKIP","floor":7},{"not_picked":["Dodge and Roll","Slice","Caltrops"],"picked":"SKIP","floor":10},{"not_picked":["Blade Dance","Outmaneuver"],"picked":"Flying Knee","floor":11},{"not_picked":["Footwork","Underhanded Strike"],"picked":"Quick Slash","floor":12},{"not_picked":["Masterful Stab","Blur"],"picked":"Die Die Die","floor":14},{"not_picked":["Unload","Wraith Form v2"],"picked":"Venomology","floor":16}],"player_experience":52933,"relics_obtained":[{"floor":6,"key":"Bronze Scales"},{"floor":9,"key":"Regal Pillow"}],"event_choices":[{"damage_healed":0,"gold_gain":0,"player_choice":"Upgraded","damage_taken":0,"max_hp_gain":0,"max_hp_loss":0,"event_name":"Upgrade Shrine","floor":3,"gold_loss":0,"cards_upgraded":["Survivor"]},{"cards_removed":["Strike_G"],"damage_healed":0,"gold_gain":0,"player_choice":"Forget","damage_taken":0,"max_hp_gain":0,"max_hp_loss":0,"event_name":"Living Wall","floor":5,"gold_loss":0},{"cards_removed":["Strike_G"],"damage_healed":0,"gold_gain":0,"player_choice":"Purged","damage_taken":0,"max_hp_gain":0,"max_hp_loss":0,"event_name":"Purifier","floor":8,"gold_loss":0}],"is_beta":false,"boss_relics":[{"not_picked":["Ring of the Serpent","Sozu"],"picked":"HoveringKite"}],"items_purged_floors":[2],"is_endless":false,"potions_floor_spawned":[6,12,14],"killed_by":"2 Thieves","ascension_level":0}