{"gold_per_floor":[115,115,133,147,161,195,212,239,266,266,277,296,296,19,19,123,123,136,7,106,6,19,45,45,61,113,40,140,140,140,152,152,152],"floor_reached":33,"playtime":2543,"items_purged":["Writhe","Doubt"],"score":277,"play_id":"2166f9a6-f077-419b-8f61-117f4def98dd","local_time":"20190717214623","is_ascension_mode":false,"campfire_choices":[{"floor":10,"key":"REST"},{"data":"Violence","floor":15,"key":"SMITH"},{"data":"Warcry","floor":24,"key":"SMITH"},{"floor":29,"key":"REST"},{"floor":32,"key":"REST"}],"neow_cost":"NONE","seed_source_timestamp":248295623673249,"circlet_count":0,"master_deck":["Strike_R","Strike_R","Strike_R","Strike_R","Strike_R","Defend_R","Defend_R+1","Defend_R","Defend_R+1","Anger","Anger","Clash","Rampage","Warcry","Pommel Strike","Warcry+1","Battle Trance","Violence+1","Impatience","Juggernaut","Pommel Strike","Battle Trance","Burning Pact+1","Warcry"],"relics":["Burning Blood","Shuriken","Bag of Preparation","Bronze Scales","Oddly Smooth Stone","Calling Bell","Lantern","Mercury Hourglass","Torii","War Paint","Happy Flower","Shovel","Letter Opener"],"potions_floor_usage":[6,8,8,23,23,25,33],"damage_taken":[{"damage":2,"enemies":"Small Slimes","floor":1,"turns":4},{"damage":0,"enemies":"Cultist","floor":3,"turns":3},{"damage":3,"enemies":"2 Louse","floor":4,"turns":2},{"damage":6,"enemies":"Large Slime","floor":5,"turns":4},{"damage":51,"enemies":"Gremlin Nob","floor":6,"turns":5},{"damage":4,"enemies":"Exordium Wildlife","floor":7,"turns":3},{"damage":21,"enemies":"Lagavulin","floor":8,"turns":4},{"damage":0,"enemies":"3 Louse","floor":11,"turns":2},{"damage":5,"enemies":"Looter","floor":12,"turns":3},{"damage":20,"enemies":"Slime Boss","floor":16,"turns":8},{"damage":27,"enemies":"Shell Parasite","floor":18,"turns":5},{"damage":4,"enemies":"3 Byrds","floor":22,"turns":3},{"damage":48,"enemies":"Gremlin Leader","floor":23,"turns":6},{"damage":1,"enemies":"Centurion and Healer","floor":25,"turns":5},{"damage":12,"enemies":"Colosseum Slavers","floor":28,"turns":3},{"damage":27,"enemies":"Colosseum Nobs","floor":28,"turns":4},{"damage":22,"enemies":"Snecko","floor":31,"turns":6},{"damage":53,"enemies":"Automaton","floor":33,"turns":6}],"seed_played":"6058040288087525661","potions_obtained":[{"floor":3,"key":"LiquidBronze"},{"floor":4,"key":"SpeedPotion"},{"floor":6,"key":"SteroidPotion"},{"floor":16,"key":"BloodPotion"},{"floor":18,"key":"Dexterity Potion"},{"floor":22,"key":"Poison Potion"},{"floor":31,"key":"Explosive Potion"}],"is_trial":false,"path_per_floor":["M","?","M","M","M","E","M","E","T","R","M","M","?","$","R","B",null,"M","$","?","$","M","E","R","M","T","$","?","R","?","M","R","B"],"character_chosen":"IRONCLAD","items_purchased":["Violence","Impatience","Pommel Strike","Battle Trance"],"campfire_rested":3,"item_purchase_floors":[14,14,19,27],"current_hp_per_floor":[80,80,80,80,80,35,37,22,22,46,52,53,46,46,46,32,80,59,59,59,59,61,39,39,44,44,44,17,41,41,25,49,0],"gold":152,"neow_bonus":"THREE_CARDS","is_prod":false,"is_daily":false,"chose_seed":false,"campfire_upgraded":2,"win_rate":0,"timestamp":1563414383,"path_taken":["M","?","M","M","M","E","?","E","T","R","M","M","?","$","R","BOSS","M","$","?","$","M","E","R","M","T","$","?","R","?","M","R","BOSS"],"build_version":"2019-07-05","purchased_purges":2,"victory":false,"max_hp_per_floor":[80,80,80,80,80,80,80,80,80,80,80,80,80,80,80,80,80,80,80,80,80,80,80,80,80,80,80,80,80,80,80,80,80],"card_choices":[{"not_picked":["Flame Barrier","Cleave"],"picked":"Anger","floor":0},{"not_picked":["Flex","Perfected Strike"],"picked":"Anger","floor":1},{"not_picked":["Pummel","Twin Strike","Sword Boomerang"],"picked":"SKIP","floor":3},{"not_picked":["True Grit","Sword Boomerang"],"picked":"Rampage","floor":4},{"not_picked":["Headbutt","Pummel"],"picked":"Warcry","floor":5},{"not_picked":["Double Tap","Metallicize"],"picked":"Pommel Strike","floor":6},{"not_picked":["Sword Boomerang","Twin Strike","Pummel"],"picked":"SKIP","floor":7},{"not_picked":["Whirlwind","Evolve","Hemokinesis"],"picked":"SKIP","floor":8},{"not_picked":["Ghostly Armor","Infernal Blade"],"picked":"Warcry","floor":11},{"not_picked":["Flex","Clash"],"picked":"Battle Trance","floor":12},{"not_picked":["Immolate","Berserk"],"picked":"Juggernaut","floor":16},{"not_picked":["Body Slam","Hemokinesis","True Grit"],"picked":"SKIP","floor":18},{"not_picked":["Heavy Blade+1","Sword Boomerang+1","True Grit"],"picked":"SKIP","floor":22},{"not_picked":["Whirlwind","Uppercut","Dropkick+1"],"picked":"SKIP","floor":23},{"not_picked":["Juggernaut","Infernal Blade","Heavy Blade"],"picked":"SKIP","floor":25},{"not_picked":["True Grit+1","Iron Wave"],"picked":"Burning Pact+1","floor":28},{"not_picked":["Cleave","Heavy Blade"],"picked":"Warcry","floor":31}],"player_experience":15206,"relics_obtained":[{"floor":6,"key":"Shuriken"},{"floor":8,"key":"Bag of Preparation"},{"floor":9,"key":"Bronze Scales"},{"floor":17,"key":"Lantern"},{"floor":17,"key":"Mercury Hourglass"},{"floor":17,"key":"Torii"},{"floor":23,"key":"War Paint"},{"floor":26,"key":"Happy Flower"},{"floor":28,"key":"Shovel"},{"floor":28,"key":"Letter Opener"}],"event_choices":[{"damage_healed":0,"gold_gain":0,"cards_transformed":["Bash"],"player_choice":"Transformed","damage_taken":0,"max_hp_gain":0,"max_hp_loss":0,"event_name":"Transmorgrifier","floor":2,"gold_loss":0,"cards_obtained":["Clash"]},{"damage_healed":0,"gold_gain":0,"player_choice":"Success","damage_taken":7,"relics_obtained":["Oddly Smooth Stone"],"max_hp_gain":0,"max_hp_loss":0,"event_name":"Scrap Ooze","floor":13,"gold_loss":0},{"damage_healed":0,"gold_gain":99,"player_choice":"Stole From Cult","damage_taken":0,"max_hp_gain":0,"max_hp_loss":0,"event_name":"Nest","floor":20,"gold_loss":0},{"damage_healed":0,"gold_gain":0,"player_choice":"Fight","damage_taken":0,"max_hp_gain":0,"max_hp_loss":0,"event_name":"Colosseum","floor":28,"gold_loss":0},{"damage_healed":0,"gold_gain":0,"player_choice":"Fought Nobs","damage_taken":0,"max_hp_gain":0,"max_hp_loss":0,"event_name":"Colosseum","floor":28,"gold_loss":0},{"cards_removed":["Doubt"],"damage_healed":0,"gold_gain":0,"player_choice":"Elegance","damage_taken":0,"max_hp_gain":0,"max_hp_loss":0,"event_name":"Back to Basics","floor":30,"gold_loss":0}],"is_beta":false,"boss_relics":[{"not_picked":["Philosopher\u0027s Stone","Fusion Hammer"],"picked":"Calling Bell"}],"items_purged_floors":[19,21],"is_endless":false,"potions_floor_spawned":[3,4,6,16,18,22,28,31],"killed_by":"Automaton","ascension_level":0}