{"gold_per_floor":[116,133,208,208,226,226,2,2,2,13,38,58,75,109,109,210,210,227,24,35,35,53,80,90,90,115,132,10,10,38,12,12,110,110,127,127],"floor_reached":36,"playtime":2906,"items_purged":["Pain","Defend_R"],"score":414,"play_id":"1c426398-d8b2-4d90-81cb-d0448789f739","local_time":"20190718182056","is_ascension_mode":false,"campfire_choices":[{"data":"Fiend Fire","floor":6.0,"key":"SMITH"},{"data":"Shrug It Off","floor":8.0,"key":"SMITH"},{"data":"Brutality","floor":15.0,"key":"SMITH"},{"data":"Feed","floor":25.0,"key":"SMITH"},{"data":"Seeing Red","floor":29.0,"key":"SMITH"},{"floor":32.0,"key":"REST"}],"neow_cost":"NONE","seed_source_timestamp":0,"circlet_count":0,"master_deck":["Strike_R","Strike_R","Defend_R","Defend_R","Bash","Fiend Fire+1","Pommel Strike","Shrug It Off+1","Clothesline","Brutality+1","Shrug It Off","Warcry","Immolate","Barricade+1","Disarm+1","Sever Soul+1","Shrug It Off","Pummel","Seeing Red+1","Feed+1","Seeing Red+1","Bludgeon","Warcry+1"],"special_seed":0,"relics":["Burning Blood","WarpedTongs","Membership Card","Thread and Needle","Bronze Scales","Boot","Astrolabe","Pantograph","Champion Belt","Anchor","Oddly Smooth Stone","StoneCalendar","Cursed Key"],"potions_floor_usage":[],"damage_taken":[{"damage":0.0,"enemies":"Cultist","floor":1.0,"turns":3.0},{"damage":2.0,"enemies":"Small Slimes","floor":2.0,"turns":4.0},{"damage":2.0,"enemies":"2 Louse","floor":5.0,"turns":3.0},{"damage":5.0,"enemies":"Gremlin Gang","floor":10.0,"turns":5.0},{"damage":9.0,"enemies":"3 Sentries","floor":11.0,"turns":9.0},{"damage":4.0,"enemies":"Large Slime","floor":12.0,"turns":4.0},{"damage":9.0,"enemies":"Looter","floor":13.0,"turns":3.0},{"damage":31.0,"enemies":"Lagavulin","floor":14.0,"turns":7.0},{"damage":37.0,"enemies":"The Guardian","floor":16.0,"turns":12.0},{"damage":9.0,"enemies":"2 Thieves","floor":18.0,"turns":4.0},{"damage":11.0,"enemies":"Shell Parasite","floor":20.0,"turns":6.0},{"damage":13.0,"enemies":"Snake Plant","floor":22.0,"turns":2.0},{"damage":28.0,"enemies":"Book of Stabbing","floor":23.0,"turns":5.0},{"damage":7.0,"enemies":"Shelled Parasite and Fungi","floor":24.0,"turns":6.0},{"damage":28.0,"enemies":"Sentry and Sphere","floor":27.0,"turns":8.0},{"damage":43.0,"enemies":"Gremlin Leader","floor":30.0,"turns":9.0},{"damage":21.0,"enemies":"Champ","floor":33.0,"turns":20.0},{"damage":2.0,"enemies":"Orb Walker","floor":35.0,"turns":3.0},{"damage":0,"enemies":"3 Darklings","floor":36,"turns":1}],"seed_played":"-20697659725268788","potions_obtained":[{"floor":5.0,"key":"Block Potion"},{"floor":10.0,"key":"GamblersBrew"},{"floor":11.0,"key":"GamblersBrew"},{"floor":16.0,"key":"EntropicBrew"},{"floor":24.0,"key":"SteroidPotion"},{"floor":30.0,"key":"SpeedPotion"},{"floor":33.0,"key":"PowerPotion"}],"is_trial":false,"path_per_floor":["M","M","?","?","M","R","$","R","T","M","E","M","M","E","R","B",null,"M","$","M","?","M","E","M","R","T","M","$","R","E","$","R","B",null,"M","M"],"character_chosen":"IRONCLAD","items_purchased":["Membership Card","Shrug It Off","Pantograph","BloodPotion","Oddly Smooth Stone","Dexterity Potion"],"campfire_rested":1,"item_purchase_floors":[7,7,19,19,28,31],"current_hp_per_floor":[80,80,69,69,73,73,73,73,73,74,71,73,70,45,45,14,80,77,77,72,72,65,63,66,66,66,44,44,44,7,7,32,46,88,88,88],"gold":127,"neow_bonus":"ONE_RANDOM_RARE_CARD","is_prod":false,"is_daily":false,"chose_seed":false,"campfire_upgraded":5,"win_rate":0,"timestamp":1563488456,"path_taken":["M","M","?","?","?","R","$","R","T","M","E","M","M","E","R","BOSS","M","$","M","?","M","E","?","R","T","M","$","R","E","$","R","BOSS","M","?"],"build_version":"2019-07-17","purchased_purges":2,"victory":false,"max_hp_per_floor":[80,80,80,80,80,80,80,80,80,80,80,80,80,80,80,80,80,80,80,80,80,80,80,84,84,84,84,84,84,84,84,84,88,88,88,88],"card_choices":[{"not_picked":["Anger","Heavy Blade"],"picked":"Pommel Strike","floor":1.0},{"not_picked":["Body Slam","Rupture","Inflame"],"picked":"SKIP","floor":2.0},{"not_picked":["Flex","True Grit","Iron Wave"],"picked":"SKIP","floor":5.0},{"not_picked":["Headbutt","Feel No Pain"],"picked":"Clothesline","floor":10.0},{"not_picked":["Wild Strike","Burning Pact"],"picked":"Brutality","floor":11.0},{"not_picked":["Cleave","Pommel Strike","Perfected Strike"],"picked":"SKIP","floor":12.0},{"not_picked":["Clash","Pommel Strike"],"picked":"Shrug It Off","floor":13.0},{"not_picked":["Combust","Havoc"],"picked":"Warcry","floor":14.0},{"not_picked":["Fiend Fire","Double Tap"],"picked":"Immolate","floor":16.0},{"not_picked":["Intimidate","Hemokinesis"],"picked":"Shrug It Off","floor":18.0},{"not_picked":["Wild Strike+1","Flex","Iron Wave+1"],"picked":"SKIP","floor":20.0},{"not_picked":["Anger+1","Shrug It Off+1"],"picked":"Seeing Red+1","floor":22.0},{"not_picked":["Shockwave","Feel No Pain"],"picked":"Feed","floor":23.0},{"not_picked":["Fire Breathing","Thunderclap","Rage"],"picked":"SKIP","floor":24.0},{"not_picked":["Uppercut+1","Warcry"],"picked":"Seeing Red","floor":27.0},{"not_picked":["Reckless Charge","Body Slam+1","Anger+1"],"picked":"SKIP","floor":30.0},{"not_picked":["Barricade","Exhume"],"picked":"Bludgeon","floor":33.0},{"not_picked":["Pommel Strike+1","Heavy Blade+1"],"picked":"Warcry+1","floor":35.0}],"player_experience":29174,"relics_obtained":[{"floor":9.0,"key":"Thread and Needle"},{"floor":11.0,"key":"Bronze Scales"},{"floor":14.0,"key":"Boot"},{"floor":23.0,"key":"Champion Belt"},{"floor":26.0,"key":"Anchor"},{"floor":30.0,"key":"StoneCalendar"}],"event_choices":[{"damage_healed":0.0,"max_hp_gain":0.0,"max_hp_loss":0.0,"gold_gain":75.0,"event_name":"World of Goop","player_choice":"Gather Gold","floor":3.0,"gold_loss":0.0,"damage_taken":11.0},{"damage_healed":0.0,"max_hp_gain":0.0,"max_hp_loss":0.0,"gold_gain":0.0,"event_name":"Accursed Blacksmith","player_choice":"Rummage","floor":4.0,"gold_loss":0.0,"damage_taken":0.0,"relics_obtained":["WarpedTongs"],"cards_obtained":["Pain"]},{"damage_healed":0.0,"max_hp_gain":0.0,"max_hp_loss":0.0,"gold_gain":0.0,"cards_transformed":["Defend_R"],"event_name":"Transmorgrifier","player_choice":"Transformed","floor":21.0,"gold_loss":0.0,"damage_taken":0.0,"cards_obtained":["Pummel"]}],"is_beta":false,"boss_relics":[{"not_picked":["Snecko Eye","Orrery"],"picked":"Astrolabe"},{"not_picked":["Mark of Pain","Coffee Dripper"],"picked":"Cursed Key"}],"items_purged_floors":[19,28],"is_endless":false,"potions_floor_spawned":[5,10,11,16,24,30,33],"killed_by":"3 Darklings","ascension_level":0}