{"gold_per_floor":[118,118,193,193,118,157,157,157,210,210,228,75,88,109,109,109],"floor_reached":16,"playtime":677,"items_purged":["Defend_G","Strike_G"],"score":129,"play_id":"27e85954-de8d-4649-92d7-1f480c4f49b0","local_time":"20190713231436","is_ascension_mode":true,"campfire_choices":[{"data":"Sucker Punch","floor":7,"key":"SMITH"},{"data":"Neutralize","floor":10,"key":"SMITH"},{"data":"Footwork","floor":15,"key":"SMITH"}],"neow_cost":"NONE","seed_source_timestamp":19859789852080,"circlet_count":0,"master_deck":["Strike_G","Strike_G","Strike_G","Defend_G","Defend_G","Defend_G","Defend_G","Survivor","Neutralize+1","Sucker Punch+1","Predator","Parasite","Backflip","Dagger Spray","Footwork+1","Outmaneuver"],"relics":["Ring of the Snake","NeowsBlessing","Golden Idol","Smiling Mask","Bag of Marbles"],"potions_floor_usage":[16,16,16],"damage_taken":[{"damage":0,"enemies":"Small Slimes","floor":1,"turns":1},{"damage":0,"enemies":"Lagavulin","floor":6,"turns":1},{"damage":0,"enemies":"2 Louse","floor":11,"turns":1},{"damage":6,"enemies":"Jaw Worm","floor":13,"turns":2},{"damage":1,"enemies":"Red Slaver","floor":14,"turns":5},{"damage":49,"enemies":"Hexaghost","floor":16,"turns":16}],"seed_played":"3263330649718668041","potions_obtained":[{"floor":6,"key":"Swift Potion"},{"floor":11,"key":"Dexterity Potion"}],"is_trial":false,"path_per_floor":["M","?","?","?","$","E","R","?","T","R","M","$","M","M","R","B"],"character_chosen":"THE_SILENT","items_purchased":["Dagger Spray","Fire Potion"],"campfire_rested":0,"item_purchase_floors":[12,12],"current_hp_per_floor":[70,70,59,59,59,59,59,65,65,65,65,65,59,58,58,9],"gold":109,"neow_bonus":"THREE_ENEMY_KILL","is_prod":false,"is_daily":false,"chose_seed":false,"campfire_upgraded":3,"win_rate":0,"timestamp":1563077676,"path_taken":["M","?","?","?","$","E","R","?","T","R","M","$","M","M","R","BOSS"],"build_version":"2019-07-05","purchased_purges":2,"victory":false,"max_hp_per_floor":[70,70,70,65,65,65,65,65,65,65,65,65,65,65,65,65],"card_choices":[{"not_picked":["Dagger Spray","Cloak And Dagger"],"picked":"Sucker Punch","floor":1},{"not_picked":["Acrobatics","All Out Attack"],"picked":"Predator","floor":6},{"not_picked":["Masterful Stab","Prepared"],"picked":"Backflip","floor":11},{"not_picked":["Noxious Fumes","Blur"],"picked":"Footwork","floor":13},{"not_picked":["Dagger Throw","Quick Slash"],"picked":"Outmaneuver","floor":14}],"player_experience":155373,"relics_obtained":[{"floor":6,"key":"Smiling Mask"},{"floor":9,"key":"Bag of Marbles"}],"event_choices":[{"cards_removed":["Strike_G"],"damage_healed":0,"gold_gain":0,"player_choice":"Forget","damage_taken":0,"max_hp_gain":0,"max_hp_loss":0,"event_name":"Living Wall","floor":2,"gold_loss":0},{"damage_healed":0,"gold_gain":75,"player_choice":"Gather Gold","damage_taken":11,"max_hp_gain":0,"max_hp_loss":0,"event_name":"World of Goop","floor":3,"gold_loss":0},{"damage_healed":0,"gold_gain":0,"player_choice":"Lose Max HP","damage_taken":0,"relics_obtained":["Golden Idol"],"max_hp_gain":0,"max_hp_loss":5,"event_name":"Golden Idol","floor":4,"gold_loss":0},{"damage_healed":16,"gold_gain":0,"player_choice":"Healed and dodged fight","damage_taken":0,"max_hp_gain":0,"max_hp_loss":0,"event_name":"Mushrooms","floor":8,"gold_loss":0,"cards_obtained":["Parasite"]}],"is_beta":false,"boss_relics":[],"items_purged_floors":[5,12],"is_endless":false,"potions_floor_spawned":[6,11,14],"killed_by":"Hexaghost","ascension_level":1}