{"gold_per_floor":[167,179,191,191,206,218,273,273,319,329,348,348,298,317,317,417,417,429,447,362,372,392,392,392,392,392,392,406,426,439,457,457,457],"floor_reached":33,"playtime":4249,"items_purged":[],"score":247,"play_id":"29fa828e-e574-4351-af1f-3861f2c616a5","local_time":"20190720195206","is_ascension_mode":false,"campfire_choices":[{"data":"Flame Barrier","floor":12.0,"key":"SMITH"},{"data":"Iron Wave","floor":15.0,"key":"SMITH"},{"floor":23.0,"key":"REST"},{"floor":25.0,"key":"REST"},{"data":"Juggernaut","floor":27,"key":"SMITH"},{"floor":32,"key":"REST"}],"neow_cost":"NONE","seed_source_timestamp":0,"circlet_count":0,"master_deck":["Strike_R","Defend_R","Defend_R","Defend_R","Defend_R","Bash+1","Iron Wave+1","Flame Barrier+1","Clash","Twin Strike","Heavy Blade","Twin Strike","Twin Strike","Inflame","Sword Boomerang","Evolve","Juggernaut+1","Thunderclap+1","Iron Wave+1","Offering+1","Clash","Perfected Strike","Flex","Pommel Strike+1","Flex","Wild Strike","Iron Wave","Anger","Heavy Blade"],"special_seed":0,"relics":["Tiny House","Ornamental Fan","Lantern","Smiling Mask","Astrolabe","Darkstone Periapt","Ice Cream"],"potions_floor_usage":[33,33],"damage_taken":[{"damage":1.0,"enemies":"Jaw Worm","floor":1.0,"turns":2.0},{"damage":6.0,"enemies":"Cultist","floor":2.0,"turns":4.0},{"damage":0.0,"enemies":"2 Louse","floor":3.0,"turns":3.0},{"damage":0.0,"enemies":"2 Fungi Beasts","floor":5.0,"turns":3.0},{"damage":0.0,"enemies":"3 Louse","floor":6.0,"turns":3.0},{"damage":10.0,"enemies":"3 Sentries","floor":7.0,"turns":10.0},{"damage":0.0,"enemies":"Looter","floor":10.0,"turns":2.0},{"damage":0.0,"enemies":"Red Slaver","floor":11.0,"turns":2.0},{"damage":0.0,"enemies":"Blue Slaver","floor":14.0,"turns":2.0},{"damage":23.0,"enemies":"Slime Boss","floor":16.0,"turns":9.0},{"damage":18.0,"enemies":"Shell Parasite","floor":18.0,"turns":5.0},{"damage":4.0,"enemies":"Chosen","floor":19.0,"turns":5.0},{"damage":20.0,"enemies":"Shelled Parasite and Fungi","floor":21.0,"turns":4.0},{"damage":15.0,"enemies":"3 Cultists","floor":22.0,"turns":4.0},{"damage":0,"enemies":"Snecko","floor":28,"turns":3},{"damage":14,"enemies":"Centurion and Healer","floor":29,"turns":4},{"damage":22,"enemies":"3 Cultists","floor":30,"turns":5},{"damage":30,"enemies":"Cultist and Chosen","floor":31,"turns":6},{"damage":62,"enemies":"Automaton","floor":33,"turns":6}],"seed_played":"-6815693410773569036","potions_obtained":[{"floor":0.0,"key":"Fire Potion"},{"floor":3.0,"key":"EntropicBrew"},{"floor":6.0,"key":"PowerPotion"},{"floor":7.0,"key":"Ancient Potion"},{"floor":16.0,"key":"AttackPotion"},{"floor":21.0,"key":"Swift Potion"},{"floor":28,"key":"SmokeBomb"},{"floor":30,"key":"FearPotion"}],"is_trial":false,"path_per_floor":["?","M","?","?","?","?","?","M"],"character_chosen":"IRONCLAD","items_purchased":[],"campfire_rested":3,"item_purchase_floors":[],"current_hp_per_floor":[84,78,78,78,78,78,68,73,73,73,73,73,73,73,73,50,90,72,68,68,48,33,60,60,87,87,87,87,73,51,21,48,0],"gold":457,"neow_bonus":"BOSS_RELIC","is_prod":false,"is_daily":false,"chose_seed":false,"campfire_upgraded":3,"win_rate":0.0,"timestamp":1563666726,"path_taken":["M","M","M","?","?","M","?","?","T","M","M","R","?","M","R","BOSS","M","M","?","M","M","R","?","R","T","R","M","M","M","?","R","BOSS"],"build_version":"2019-01-23","purchased_purges":0,"victory":false,"max_hp_per_floor":[85,85,85,85,85,85,85,90,90,90,90,90,90,90,90,90,90,90,90,90,90,90,90,90,90,90,90,90,90,90,90,90,90],"card_choices":[{"not_picked":["Pommel Strike","Twin Strike"],"picked":"Iron Wave","floor":0.0},{"not_picked":["Wild Strike","Warcry"],"picked":"Flame Barrier","floor":1.0},{"not_picked":["True Grit","Warcry"],"picked":"Clash","floor":2.0},{"not_picked":["Whirlwind","Sword Boomerang"],"picked":"Twin Strike","floor":3.0},{"not_picked":["Intimidate","Shrug It Off"],"picked":"Heavy Blade","floor":5.0},{"not_picked":["Perfected Strike","Clothesline"],"picked":"Twin Strike","floor":6.0},{"not_picked":["Warcry","Sword Boomerang"],"picked":"Twin Strike","floor":7.0},{"not_picked":["Twin Strike","Power Through"],"picked":"Inflame","floor":10.0},{"not_picked":["Metallicize","Dropkick"],"picked":"Sword Boomerang","floor":11.0},{"not_picked":["Shockwave","Sever Soul"],"picked":"Evolve","floor":14.0},{"not_picked":["Limit Break","Feed"],"picked":"Juggernaut","floor":16.0},{"not_picked":["Armaments","Warcry"],"picked":"Clash","floor":18.0},{"not_picked":["Headbutt","Second Wind"],"picked":"Perfected Strike","floor":19.0},{"not_picked":["Cleave","Carnage"],"picked":"Flex","floor":21.0},{"not_picked":["Wild Strike","Bloodletting"],"picked":"Pommel Strike+1","floor":22.0},{"not_picked":["Thunderclap","Headbutt"],"picked":"Wild Strike","floor":28},{"not_picked":["Armaments","Corruption"],"picked":"Iron Wave","floor":29},{"not_picked":["Combust+1","Twin Strike"],"picked":"Anger","floor":30},{"not_picked":["Second Wind+1","Clothesline+1"],"picked":"Heavy Blade","floor":31}],"player_experience":34492,"relics_obtained":[{"floor":4.0,"key":"Ornamental Fan"},{"floor":7.0,"key":"Lantern"},{"floor":9.0,"key":"Smiling Mask"},{"floor":26.0,"key":"Ice Cream"}],"event_choices":[{"damage_healed":0.0,"max_hp_gain":0.0,"max_hp_loss":0.0,"gold_gain":0.0,"event_name":"Wheel of Change","player_choice":"Relic","floor":4.0,"gold_loss":0.0,"damage_taken":0.0},{"damage_healed":0.0,"max_hp_gain":0.0,"max_hp_loss":0.0,"gold_gain":0.0,"event_name":"Dead Adventurer","player_choice":"Searched \u00271\u0027 times","floor":7.0,"gold_loss":0.0,"damage_taken":0.0},{"damage_healed":0.0,"max_hp_gain":5.0,"max_hp_loss":0.0,"gold_gain":0.0,"event_name":"Big Fish","player_choice":"Donut","floor":8.0,"gold_loss":0.0,"damage_taken":0.0},{"cards_removed":["Strike_R"],"damage_healed":0.0,"max_hp_gain":0.0,"max_hp_loss":0.0,"gold_gain":0.0,"event_name":"The Cleric","player_choice":"Card Removal","floor":13.0,"gold_loss":50.0,"damage_taken":0.0},{"damage_healed":0.0,"max_hp_gain":0.0,"max_hp_loss":0.0,"gold_gain":0.0,"event_name":"Addict","player_choice":"Obtained Relic","floor":20.0,"gold_loss":85.0,"damage_taken":0.0,"relics_obtained":["Darkstone Periapt"]},{"damage_healed":0.0,"max_hp_gain":0.0,"max_hp_loss":0.0,"gold_gain":0.0,"event_name":"Duplicator","player_choice":"Copied","floor":24.0,"gold_loss":0.0,"damage_taken":0.0,"cards_obtained":["Flex"]}],"is_beta":false,"boss_relics":[{"not_picked":["Coffee Dripper","Fusion Hammer"],"picked":"Astrolabe"}],"items_purged_floors":[],"is_endless":false,"potions_floor_spawned":[3,6,7,16,21,28,30],"killed_by":"Automaton","ascension_level":0}