{"gold_per_floor":[114,114,114,114,189,189,204,219,269,284,299,299,314,329,329,429,429,444,82,97,7,22,22,37,37,37,67,67,82,59,159,159,259,259,274,289,89,104,119,119,134,134,134,134,149,149,149,164,164,164],"floor_reached":51,"playtime":6098,"items_purged":["Regret"],"score":713,"play_id":"75609d31-2d98-4d23-ab34-e6ace2160a58","local_time":"20190723173908","daily_mods":["Insanity","Blue Cards","Binary"],"is_ascension_mode":false,"campfire_choices":[{"floor":6,"key":"REST"},{"data":"Bane","floor":12,"key":"SMITH"},{"floor":15,"key":"REST"},{"data":"Sunder","floor":23,"key":"SMITH"},{"floor":25,"key":"REST"},{"data":"Double Energy","floor":28,"key":"SMITH"},{"floor":32,"key":"REST"},{"data":"Mayhem","floor":44,"key":"SMITH"},{"floor":46,"key":"REST"},{"floor":49,"key":"REST"}],"neow_cost":"","seed_source_timestamp":0,"circlet_count":0,"master_deck":["Gash","Self Repair","FTL+1","Bane+1","Steam","Sunder+1","Bane","Beam Cell","PiercingWail","Dagger Spray","Quick Slash","Chill","Recycle","Quick Slash","Hologram","Noxious Fumes","Sucker Punch","Turbo","Bane","Dagger Spray","Expertise+1","Flying Knee","Loop","Chaos","Beam Cell","Turbo","Skim","Turbo","Sucker Punch","Double Energy+1","Self Repair","Fusion","Deadly Poison","Darkness","Storm","Leap","Distraction","Noxious Fumes","Compile Driver","Flying Knee","Cloak And Dagger","Sucker Punch","Underhanded Strike","Deflect","Go for the Eyes","Barrage","Chill","Slice","Go for the Eyes","Auto Shields","Flying Knee","Force Field","Coolheaded","Chill","Night Terror","Rebound","Corpse Explosion","PiercingWail","Defragment+1","Bane","Rebound+1","Predator","Beam Cell+1","Static Discharge","Rebound","Aggregate","Buffer+1","Streamline","Gash+1","Hologram+1","Doom and Gloom","Madness","Madness","Go for the Eyes","Mayhem+1","Ball Lightning+1","Steam"],"special_seed":18100,"relics":["Ring of the Snake","Mummified Hand","Potion Belt","Anchor","WristBlade","Paper Crane","Shuriken","Meat on the Bone","FossilizedHelix","Bottled Tornado","Lizard Tail","ClockworkSouvenir","Blood Vial"],"potions_floor_usage":[16,16,16,27,27,31,39,41,45,45,50],"damage_taken":[{"damage":0,"enemies":"Jaw Worm","floor":1,"turns":3},{"damage":0,"enemies":"2 Louse","floor":7,"turns":2},{"damage":2,"enemies":"Cultist","floor":8,"turns":3},{"damage":0,"enemies":"Exordium Thugs","floor":10,"turns":4},{"damage":0,"enemies":"Large Slime","floor":11,"turns":4},{"damage":5,"enemies":"Exordium Wildlife","floor":13,"turns":6},{"damage":7,"enemies":"2 Fungi Beasts","floor":14,"turns":3},{"damage":14,"enemies":"Hexaghost","floor":16,"turns":7},{"damage":0,"enemies":"3 Byrds","floor":18,"turns":2},{"damage":10,"enemies":"2 Thieves","floor":20,"turns":3},{"damage":13,"enemies":"Snecko","floor":22,"turns":4},{"damage":12,"enemies":"Centurion and Healer","floor":24,"turns":3},{"damage":10,"enemies":"Gremlin Leader","floor":27,"turns":5},{"damage":23,"enemies":"Shelled Parasite and Fungi","floor":29,"turns":5},{"damage":13,"enemies":"Colosseum Slavers","floor":31,"turns":4},{"damage":10,"enemies":"Colosseum Nobs","floor":31,"turns":3},{"damage":45,"enemies":"Champ","floor":33,"turns":8},{"damage":0,"enemies":"3 Darklings","floor":35,"turns":4},{"damage":3,"enemies":"3 Shapes","floor":36,"turns":2},{"damage":0,"enemies":"Maw","floor":38,"turns":8},{"damage":17,"enemies":"Jaw Worm Horde","floor":39,"turns":4},{"damage":33,"enemies":"Writhing Mass","floor":41,"turns":5},{"damage":17,"enemies":"Maw","floor":45,"turns":6},{"damage":28,"enemies":"4 Shapes","floor":48,"turns":6},{"damage":21,"enemies":"Donu and Deca","floor":50,"turns":6}],"seed_played":"6492885711398748566","potions_obtained":[{"floor":7,"key":"SpeedPotion"},{"floor":8,"key":"Block Potion"},{"floor":14,"key":"GamblersBrew"},{"floor":16,"key":"Dexterity Potion"},{"floor":18,"key":"Block Potion"},{"floor":24,"key":"FearPotion"},{"floor":27,"key":"GamblersBrew"},{"floor":29,"key":"SpeedPotion"},{"floor":38,"key":"Energy Potion"},{"floor":39,"key":"GhostInAJar"},{"floor":45,"key":"SteroidPotion"},{"floor":48,"key":"LiquidBronze"}],"is_trial":false,"path_per_floor":["?","?","?","?","M","?","M","?","?","?","?","M"],"character_chosen":"THE_SILENT","items_purchased":["Defragment","Paper Crane","Rebound","ClockworkSouvenir"],"campfire_rested":6,"item_purchase_floors":[19,19,30,37],"current_hp_per_floor":[70,56,49,49,38,59,70,68,68,70,70,70,70,70,70,70,70,70,70,67,67,54,54,42,63,63,53,53,56,56,47,68,42,70,70,67,67,70,60,51,30,30,30,30,41,62,62,43,64,45],"gold":164,"neow_bonus":"","is_prod":false,"is_daily":true,"chose_seed":false,"campfire_upgraded":4,"win_rate":0,"timestamp":1563917948,"path_taken":["M","?","?","?","?","R","M","M","T","M","?","R","M","M","R","BOSS","M","$","M","?","?","R","M","R","T","E","R","M","$","?","R","BOSS","M","M","$","M","M","?","M","?","T","R","M","R","?","?","R","BOSS"],"build_version":"2019-01-23","purchased_purges":1,"victory":true,"max_hp_per_floor":[70,70,70,70,70,70,70,70,70,70,70,70,70,70,70,70,70,70,70,70,70,70,70,70,70,70,70,70,70,70,70,70,70,70,70,70,70,70,70,70,70,70,70,70,70,70,70,70,70,70],"card_choices":[{"not_picked":["Turbo"],"picked":"Auto Shields","floor":1},{"not_picked":["Dagger Spray"],"picked":"Flying Knee","floor":7},{"not_picked":["Blade Dance"],"picked":"Force Field","floor":8},{"not_picked":["Rip and Tear"],"picked":"Coolheaded","floor":10},{"not_picked":["Poisoned Stab"],"picked":"Chill","floor":11},{"not_picked":["Deadly Poison"],"picked":"Night Terror","floor":13},{"not_picked":["Prepared"],"picked":"Rebound","floor":14},{"not_picked":["Phantasmal Killer"],"picked":"Corpse Explosion","floor":16},{"not_picked":["Consume+1"],"picked":"PiercingWail","floor":18},{"not_picked":["Sweeping Beam"],"picked":"Bane","floor":20},{"not_picked":["Dagger Throw"],"picked":"Rebound+1","floor":22},{"not_picked":["Deadly Poison"],"picked":"Predator","floor":24},{"not_picked":["Wraith Form v2"],"picked":"Beam Cell+1","floor":27},{"not_picked":["Poisoned Stab+1"],"picked":"Static Discharge","floor":29},{"not_picked":["Go for the Eyes+1"],"picked":"Aggregate","floor":31},{"not_picked":["Venomology"],"picked":"Buffer","floor":33},{"not_picked":["Backflip+1"],"picked":"Streamline","floor":35},{"not_picked":["Hologram"],"picked":"Gash+1","floor":36},{"not_picked":["Catalyst"],"picked":"Hologram+1","floor":38},{"not_picked":["Glacier+1"],"picked":"Doom and Gloom","floor":39},{"not_picked":["Flying Knee"],"picked":"Go for the Eyes","floor":41},{"not_picked":["Madness"],"picked":"Mayhem","floor":42},{"not_picked":["Dagger Spray"],"picked":"Ball Lightning+1","floor":45},{"not_picked":["Cloak And Dagger+1"],"picked":"Steam","floor":48}],"player_experience":99684,"relics_obtained":[{"floor":9,"key":"Anchor"},{"floor":26,"key":"Shuriken"},{"floor":27,"key":"Meat on the Bone"},{"floor":31,"key":"FossilizedHelix"},{"floor":31,"key":"Bottled Tornado"},{"floor":43,"key":"Blood Vial"}],"event_choices":[{"damage_healed":0,"gold_gain":0,"player_choice":"Entered Light","damage_taken":14,"max_hp_gain":0,"max_hp_loss":0,"event_name":"Shining Light","floor":2,"gold_loss":0,"cards_upgraded":["Expertise","FTL"]},{"damage_healed":0,"gold_gain":0,"player_choice":"Success","damage_taken":7,"relics_obtained":["Mummified Hand"],"max_hp_gain":0,"max_hp_loss":0,"event_name":"Scrap Ooze","floor":3,"gold_loss":0},{"damage_healed":0,"gold_gain":0,"player_choice":"Box","damage_taken":0,"relics_obtained":["Potion Belt"],"max_hp_gain":0,"max_hp_loss":0,"event_name":"Big Fish","floor":4,"gold_loss":0,"cards_obtained":["Regret"]},{"damage_healed":0,"gold_gain":75,"player_choice":"Gather Gold","damage_taken":11,"max_hp_gain":0,"max_hp_loss":0,"event_name":"World of Goop","floor":5,"gold_loss":0},{"cards_removed":["Reflex"],"damage_healed":0,"gold_gain":0,"player_choice":"Upgrade and Remove","damage_taken":0,"max_hp_gain":0,"max_hp_loss":0,"event_name":"Designer","floor":21,"gold_loss":90,"cards_upgraded":["Defragment"]},{"damage_healed":0,"gold_gain":0,"player_choice":"Fight","damage_taken":0,"max_hp_gain":0,"max_hp_loss":0,"event_name":"Colosseum","floor":31,"gold_loss":0},{"damage_healed":0,"gold_gain":0,"player_choice":"Fought Nobs","damage_taken":0,"max_hp_gain":0,"max_hp_loss":0,"event_name":"Colosseum","floor":31,"gold_loss":0},{"damage_healed":0,"gold_gain":0,"player_choice":"Embrace Madness","damage_taken":9,"max_hp_gain":0,"max_hp_loss":0,"event_name":"Winding Halls","floor":40,"gold_loss":0,"cards_obtained":["Madness","Madness"]},{"damage_healed":0,"gold_gain":0,"player_choice":"Memory 1","damage_taken":0,"max_hp_gain":0,"max_hp_loss":0,"event_name":"SensoryStone","floor":42,"gold_loss":0},{"damage_healed":0,"gold_gain":0,"player_choice":"Forge","damage_taken":0,"max_hp_gain":0,"max_hp_loss":0,"event_name":"Accursed Blacksmith","floor":47,"gold_loss":0,"cards_upgraded":["Buffer"]}],"is_beta":false,"boss_relics":[{"not_picked":["Velvet Choker","Orrery"],"picked":"WristBlade"},{"not_picked":["Tiny House","Cursed Key"],"picked":"Lizard Tail"}],"items_purged_floors":[19],"is_endless":false,"potions_floor_spawned":[7,8,14,16,18,24,27,29,38,39,45,48],"ascension_level":0}