{"path_per_floor":["M","?","M","?","M","R","E","M","T","R","M","M","M","?","R","B",null,"M","M","$","M","M","R"],"character_chosen":"THE_SILENT","items_purchased":["Dagger Spray","Glass Knife","Deadly Poison"],"gold_per_floor":[113,113,124,124,141,141,171,181,181,181,200,210,220,220,220,316,316,329,349,20,38,56,56],"floor_reached":24,"campfire_rested":3,"playtime":2365,"current_hp_per_floor":[68,68,68,68,65,65,24,29,29,50,50,46,37,37,58,41,70,47,29,29,31,17,38],"items_purged":["Regret"],"gold":56,"score":202,"play_id":"0045344f-2ab1-48f7-849a-696411910b16","is_prod":false,"is_daily":false,"is_ascension_mode":false,"campfire_upgraded":1,"path_taken":["M","?","M","?","M","R","E","M","T","R","M","M","M","?","R","BOSS","M","?","$","M","?","R","?"],"build_version":"2018-02-15-PROD1","purchased_purges":1,"victory":false,"master_deck":["Defend_G","Defend_G","Defend_G","Defend_G","Defend_G","Strike_G","Strike_G","Strike_G","Strike_G","Strike_G","Survivor","Neutralize","Heel Hook","All Out Attack+1","Flying Knee","Poisoned Stab+1","Dagger Throw","Riddle With Holes","Terror","Dash","Envenom","Poisoned Stab+1","Poisoned Stab","Dagger Spray","Glass Knife","Deadly Poison","Skewer","Quick Slash"],"max_hp_per_floor":[70,70,70,70,70,70,70,70,70,70,70,70,70,70,70,70,70,70,70,70,70,70,70],"relics":["Ring of the Snake","Meat on the Bone","Tough Bandages","Black Star"],"card_choices":[{"not_picked":["Quick Slash","PiercingWail"],"picked":"Heel Hook"},{"not_picked":["Deadly Poison","Doppelganger"],"picked":"All Out Attack"},{"not_picked":["All Out Attack","Infinite Blades"],"picked":"Flying Knee"},{"not_picked":["PiercingWail","All Out Attack"],"picked":"Poisoned Stab"},{"not_picked":["Calculated Gamble","Sucker Punch"],"picked":"Dagger Throw"},{"not_picked":["Prepared","Poisoned Stab"],"picked":"Riddle With Holes"},{"not_picked":["Dodge and Roll","Outmaneuver"],"picked":"Terror"},{"not_picked":["Flechettes","Riddle With Holes"],"picked":"Dash"},{"not_picked":["Bullet Time","Wraith Form"],"picked":"Envenom"},{"not_picked":["Outmaneuver","PiercingWail"],"picked":"Poisoned Stab"},{"not_picked":["Escape Plan","PiercingWail"],"picked":"Poisoned Stab"},{"not_picked":["Crippling Poison","Sucker Punch"],"picked":"Skewer"},{"not_picked":["Slice","Outmaneuver"],"picked":"Quick Slash"}],"player_experience":8460,"potions_floor_usage":[16,22,22,24],"damage_taken":[{"damage":2,"enemies":"Small Slimes","floor":1,"turns":5},{"damage":0,"enemies":"2 Louse","floor":3,"turns":3},{"damage":3,"enemies":"Cultist","floor":5,"turns":3},{"damage":53,"enemies":"Lagavulin","floor":7,"turns":7},{"damage":7,"enemies":"2 Fungi Beasts","floor":8,"turns":3},{"damage":0,"enemies":"3 Louse","floor":11,"turns":3},{"damage":4,"enemies":"Blue Slaver","floor":12,"turns":4},{"damage":9,"enemies":"Large Slime","floor":13,"turns":4},{"damage":29,"enemies":"Hexaghost","floor":16,"turns":9},{"damage":23,"enemies":"3 Byrds","floor":18,"turns":6},{"damage":30,"enemies":"Chosen","floor":19,"turns":6},{"damage":10,"enemies":"Snecko","floor":21,"turns":4},{"damage":26,"enemies":"Centurion and Healer","floor":22,"turns":5},{"damage":41,"enemies":"Snake Plant","floor":24,"turns":4}],"event_choices":[{"event_name":"Shining Light","player_choice":"Ignored","floor":2,"damage_taken":0},{"event_name":"Big Fish","player_choice":"Box","floor":4,"damage_taken":0},{"event_name":"Upgrade Shrine","player_choice":"Upgraded","floor":14,"damage_taken":0}],"boss_relics":[{"not_picked":["White Beast Statue","Velvet Choker"],"picked":"Black Star"}],"potions_floor_spawned":[3,12,16,18,19],"seed_played":"-7000898298539370488","killed_by":"Snake Plant","ascension_level":0,"is_trial":false}