{"gold_per_floor":[110,122,138,138,40,40,59,33,33,33,33,33,53,73,73,176,176,190,115,115,129,149,149,163,163,163,189,29,44,64,84,84,84],"floor_reached":33,"playtime":1764,"items_purged":["Writhe"],"score":291,"play_id":"fd5cdbe9-1767-45cf-8b7b-6d1efb8d31da","local_time":"20190709080902","is_ascension_mode":false,"campfire_choices":[{"data":"Body Slam","floor":6,"key":"SMITH"},{"data":"Body Slam","floor":11,"key":"SMITH"},{"data":"Body Slam","floor":15,"key":"SMITH"},{"data":"Finesse","floor":23,"key":"SMITH"},{"data":"Juggernaut","floor":25,"key":"SMITH"},{"data":"Body Slam","floor":32,"key":"SMITH"}],"neow_cost":"NONE","seed_source_timestamp":55678359617731,"circlet_count":0,"master_deck":["Defend_R","Defend_R","Defend_R","Defend_R","Bash","Pommel Strike","Body Slam+1","Juggernaut+1","Trip","Finesse+1","Rampage","Body Slam+1","Battle Trance","Body Slam+1","Shrug It Off+1","Bite","Bite","Bite","Bite","Bite","Bandage Up","Body Slam+1","Double Tap","Flame Barrier+1"],"relics":["Burning Blood","NeowsBlessing","Meat on the Bone","Paper Frog","Sozu","Orichalcum","Oddly Smooth Stone"],"potions_floor_usage":[14,16,16],"damage_taken":[{"damage":0,"enemies":"Cultist","floor":1,"turns":1},{"damage":0,"enemies":"2 Louse","floor":2,"turns":1},{"damage":0,"enemies":"Small Slimes","floor":3,"turns":1},{"damage":11,"enemies":"2 Fungi Beasts","floor":7,"turns":4},{"damage":7,"enemies":"Blue Slaver","floor":13,"turns":3},{"damage":13,"enemies":"Exordium Wildlife","floor":14,"turns":4},{"damage":33,"enemies":"The Guardian","floor":16,"turns":7},{"damage":27,"enemies":"Spheric Guardian","floor":18,"turns":5},{"damage":15,"enemies":"3 Byrds","floor":21,"turns":5},{"damage":29,"enemies":"Shelled Parasite and Fungi","floor":22,"turns":4},{"damage":32,"enemies":"Snake Plant","floor":24,"turns":4},{"damage":23,"enemies":"Centurion and Healer","floor":29,"turns":4},{"damage":7,"enemies":"Sentry and Sphere","floor":30,"turns":4},{"damage":15,"enemies":"Snake Plant","floor":31,"turns":2},{"damage":73,"enemies":"Champ","floor":33,"turns":7}],"seed_played":"6003946207359541720","potions_obtained":[{"floor":7,"key":"SteroidPotion"},{"floor":13,"key":"Regen Potion"},{"floor":14,"key":"Strength Potion"}],"is_trial":false,"path_per_floor":["M","M","M","?","$","R","M","$","T","?","R","$","M","M","R","B",null,"M","?","?","M","M","R","M","R","T","T","$","M","M","M","R","B"],"character_chosen":"IRONCLAD","items_purchased":["Finesse","Body Slam","Bandage Up"],"campfire_rested":0,"item_purchase_floors":[5,8,28],"current_hp_per_floor":[80,80,80,80,80,80,75,75,75,50,50,50,49,54,54,39,80,59,59,56,56,40,40,32,32,32,32,32,39,50,45,45,0],"gold":84,"neow_bonus":"THREE_ENEMY_KILL","is_prod":false,"is_daily":false,"chose_seed":false,"campfire_upgraded":6,"win_rate":0.0,"timestamp":1562677742,"path_taken":["M","?","M","?","?","R","M","$","T","?","R","$","M","M","R","BOSS","M","?","?","M","M","R","M","R","T","?","?","M","M","?","R","BOSS"],"build_version":"2019-07-05","purchased_purges":1,"victory":false,"max_hp_per_floor":[80,80,80,80,80,80,80,80,80,80,80,80,80,80,80,80,80,80,80,56,56,56,56,56,56,56,56,56,56,56,56,56,56],"card_choices":[{"not_picked":["Twin Strike","Havoc"],"picked":"Pommel Strike","floor":1},{"not_picked":["Intimidate","Iron Wave"],"picked":"Body Slam","floor":2},{"not_picked":["Pommel Strike","Sever Soul"],"picked":"Juggernaut","floor":3},{"not_picked":["Sword Boomerang","Metallicize"],"picked":"Rampage","floor":7},{"not_picked":["Anger","Clothesline"],"picked":"Battle Trance","floor":13},{"not_picked":["Pommel Strike","Heavy Blade"],"picked":"Body Slam","floor":14},{"not_picked":["Iron Wave+1","Havoc"],"picked":"Shrug It Off+1","floor":18},{"not_picked":["Pommel Strike","Combust","Spot Weakness"],"picked":"SKIP","floor":21},{"not_picked":["Pommel Strike","Searing Blow+1","Corruption"],"picked":"SKIP","floor":22},{"not_picked":["Pommel Strike","Battle Trance","Clothesline"],"picked":"SKIP","floor":24},{"not_picked":["Clothesline","Sword Boomerang"],"picked":"Body Slam","floor":29},{"not_picked":["Hemokinesis","Heavy Blade+1"],"picked":"Double Tap","floor":30},{"not_picked":["Ghostly Armor+1","Perfected Strike"],"picked":"Flame Barrier+1","floor":31}],"player_experience":45019,"relics_obtained":[{"floor":9,"key":"Meat on the Bone"},{"floor":26,"key":"Orichalcum"},{"floor":27,"key":"Oddly Smooth Stone"}],"event_choices":[{"damage_healed":0,"gold_gain":0,"player_choice":"2 cards matched","damage_taken":0,"max_hp_gain":0,"max_hp_loss":0,"event_name":"Match and Keep!","floor":4,"gold_loss":0,"cards_obtained":["Writhe","Trip"]},{"damage_healed":0,"gold_gain":0,"player_choice":"Success","damage_taken":25,"relics_obtained":["Paper Frog"],"max_hp_gain":0,"max_hp_loss":0,"event_name":"Scrap Ooze","floor":10,"gold_loss":0},{"cards_removed":["Strike_R"],"damage_healed":0,"gold_gain":0,"player_choice":"Gave Gold","damage_taken":0,"max_hp_gain":0,"max_hp_loss":0,"event_name":"Beggar","floor":19,"gold_loss":75},{"damage_healed":0,"gold_gain":0,"player_choice":"Became a vampire","damage_taken":0,"max_hp_gain":0,"max_hp_loss":24,"event_name":"Vampires","floor":20,"gold_loss":0,"cards_obtained":["Bite","Bite","Bite","Bite","Bite"]}],"is_beta":false,"boss_relics":[{"not_picked":["Cursed Key","Calling Bell"],"picked":"Sozu"}],"items_purged_floors":[28],"is_endless":false,"potions_floor_spawned":[7,13,14,21,24,31],"killed_by":"Champ","ascension_level":0}