{"gold_per_floor":[114,64,40,53,53,53,27,27,27,42,42,62,8,8,8,108,108,123,123],"floor_reached":19,"playtime":814,"items_purged":[],"score":163,"play_id":"b798b25a-9933-4970-bee9-13fbd1cc1ed2","local_time":"20190715025108","is_ascension_mode":true,"campfire_choices":[{"data":"Sucker Punch","floor":6,"key":"SMITH"},{"data":"Terror","floor":8,"key":"SMITH"},{"data":"Neutralize","floor":11,"key":"SMITH"},{"data":"Storm of Steel","floor":15,"key":"SMITH"}],"neow_cost":"NONE","seed_source_timestamp":36656163754912,"circlet_count":0,"master_deck":["Strike_G","Strike_G","Strike_G","Defend_G","Defend_G","Defend_G","Defend_G","Defend_G","Survivor","Neutralize+1","Storm of Steel+1","Terror+1","Sucker Punch+1","Flechettes","Slice","Blur","Underhanded Strike","Sucker Punch","Bullet Time","All Out Attack","Flechettes"],"relics":["Ring of the Snake","Ornamental Fan","Cursed Key"],"potions_floor_usage":[16,16,18],"damage_taken":[{"damage":5,"enemies":"Small Slimes","floor":1,"turns":3},{"damage":5,"enemies":"Jaw Worm","floor":4,"turns":4},{"damage":0,"enemies":"Cultist","floor":10,"turns":2},{"damage":0,"enemies":"3 Louse","floor":12,"turns":4},{"damage":32,"enemies":"Hexaghost","floor":16,"turns":11},{"damage":11,"enemies":"3 Byrds","floor":18,"turns":6}],"seed_played":"7826021173405523692","potions_obtained":[{"floor":1,"key":"PowerPotion"},{"floor":10,"key":"Poison Potion"},{"floor":16,"key":"SkillPotion"}],"is_trial":false,"path_per_floor":["M","?","$","M","?","R","$","R","T","M","R","M","$","?","R","B",null,"M","?"],"character_chosen":"THE_SILENT","items_purchased":["Sucker Punch","Slice","Sucker Punch"],"campfire_rested":0,"item_purchase_floors":[3,7,13],"current_hp_per_floor":[65,65,65,60,60,60,60,60,60,60,60,60,60,60,60,28,70,59,59],"gold":123,"neow_bonus":"ONE_RANDOM_RARE_CARD","is_prod":false,"is_daily":false,"chose_seed":false,"campfire_upgraded":4,"win_rate":0,"timestamp":1563177068,"path_taken":["M","?","$","M","?","R","$","R","T","M","R","M","$","?","R","BOSS","M","?"],"build_version":"2019-07-05","purchased_purges":0,"victory":false,"max_hp_per_floor":[70,70,70,70,70,70,70,70,70,70,70,70,70,70,70,70,70,70,70],"card_choices":[{"not_picked":["Concentrate","Riddle With Holes"],"picked":"Terror","floor":1},{"not_picked":["Choke","Acrobatics"],"picked":"Flechettes","floor":4},{"not_picked":["Setup","Underhanded Strike"],"picked":"Blur","floor":10},{"not_picked":["Dagger Throw","Caltrops"],"picked":"Underhanded Strike","floor":12},{"not_picked":["Die Die Die","A Thousand Cuts"],"picked":"Bullet Time","floor":16},{"not_picked":["Dodge and Roll","Riddle With Holes"],"picked":"All Out Attack","floor":18}],"player_experience":158947,"relics_obtained":[{"floor":9,"key":"Ornamental Fan"}],"event_choices":[{"cards_removed":["Strike_G"],"damage_healed":0,"gold_gain":0,"player_choice":"Card Removal","damage_taken":0,"max_hp_gain":0,"max_hp_loss":0,"event_name":"The Cleric","floor":2,"gold_loss":50},{"cards_removed":["Strike_G"],"damage_healed":0,"gold_gain":0,"player_choice":"Forget","damage_taken":0,"max_hp_gain":0,"max_hp_loss":0,"event_name":"Living Wall","floor":5,"gold_loss":0},{"damage_healed":0,"gold_gain":0,"player_choice":"Ignored","damage_taken":0,"max_hp_gain":0,"max_hp_loss":0,"event_name":"Liars Game","floor":14,"gold_loss":0},{"damage_healed":0,"gold_gain":0,"player_choice":"Copied","damage_taken":0,"max_hp_gain":0,"max_hp_loss":0,"event_name":"Duplicator","floor":19,"gold_loss":0,"cards_obtained":["Flechettes"]}],"is_beta":false,"boss_relics":[{"not_picked":["Sozu","White Beast Statue"],"picked":"Cursed Key"}],"items_purged_floors":[],"is_endless":false,"potions_floor_spawned":[1,10,16],"ascension_level":1}