{"gold_per_floor":[18,18,32,50,50,50,76,89,89,114,133,163,163,182,182,286,286,299,299,299,73,91,91,121,140,167,192,192,11,28,61,61,156,156,170,170,182,202,216,216,251,270,270,303,58,58],"floor_reached":46,"playtime":3434,"items_purged":["Strike_G","Strike_G"],"score":657,"play_id":"64744855-296d-4cdf-b1fd-477fa2691e0d","local_time":"20190724225417","is_ascension_mode":true,"campfire_choices":[{"data":"Glass Knife","floor":6,"key":"SMITH"},{"data":"Neutralize","floor":13,"key":"SMITH"},{"data":"Catalyst","floor":15,"key":"SMITH"},{"data":"RitualDagger","floor":23,"key":"SMITH"},{"data":"Envenom","floor":28,"key":"SMITH"},{"floor":32,"key":"REST"},{"data":"Noxious Fumes","floor":40,"key":"SMITH"}],"neow_cost":"NO_GOLD","seed_source_timestamp":74545763211352,"circlet_count":0,"master_deck":["Strike_G","Defend_G","Defend_G","Defend_G","Defend_G","Defend_G","Survivor","Neutralize+1","Grand Finale","Deadly Poison","Glass Knife+1","Catalyst+1","Poisoned Stab","Escape Plan","Leg Sweep","Envenom+1","Distraction+1","RitualDagger+1","Backflip+1","Deadly Poison","Crippling Poison","Dodge and Roll","Noxious Fumes+1","Deadly Poison+1","Dagger Spray+1","Die Die Die","Well Laid Plans+1","Dodge and Roll+1","Poisoned Stab+1","Poisoned Stab+1","Catalyst+1","Doppelganger","Crippling Poison+1","Dodge and Roll+1","Riddle With Holes+1"],"relics":["Ring of the Serpent","Lantern","Snake Skull","Happy Flower","Mummified Hand","Oddly Smooth Stone","Omamori","Bag of Marbles","PreservedInsect","Ginger","Orrery","Pen Nib","War Paint","Meat on the Bone"],"potions_floor_usage":[7,20,30,31,41,44,44],"damage_taken":[{"damage":0,"enemies":"2 Louse","floor":1,"turns":3},{"damage":0,"enemies":"Jaw Worm","floor":3,"turns":5},{"damage":1,"enemies":"Cultist","floor":4,"turns":3},{"damage":11,"enemies":"Lagavulin","floor":7,"turns":6},{"damage":0,"enemies":"Looter","floor":8,"turns":2},{"damage":12,"enemies":"Exordium Thugs","floor":11,"turns":4},{"damage":17,"enemies":"3 Sentries","floor":12,"turns":8},{"damage":2,"enemies":"Red Slaver","floor":14,"turns":2},{"damage":12,"enemies":"The Guardian","floor":16,"turns":8},{"damage":6,"enemies":"Spheric Guardian","floor":18,"turns":4},{"damage":0,"enemies":"3 Byrds","floor":20,"turns":2},{"damage":10,"enemies":"Snake Plant","floor":22,"turns":3},{"damage":2,"enemies":"Gremlin Leader","floor":24,"turns":5},{"damage":9,"enemies":"Centurion and Healer","floor":25,"turns":5},{"damage":7,"enemies":"Book of Stabbing","floor":27,"turns":4},{"damage":6,"enemies":"3 Cultists","floor":30,"turns":5},{"damage":11,"enemies":"Slavers","floor":31,"turns":4},{"damage":7,"enemies":"Champ","floor":33,"turns":6},{"damage":18,"enemies":"3 Shapes","floor":35,"turns":4},{"damage":9,"enemies":"Orb Walker","floor":37,"turns":2},{"damage":10,"enemies":"3 Darklings","floor":38,"turns":4},{"damage":8,"enemies":"4 Shapes","floor":39,"turns":5},{"damage":5,"enemies":"Nemesis","floor":41,"turns":3},{"damage":24,"enemies":"Jaw Worm Horde","floor":42,"turns":5},{"damage":0,"enemies":"Giant Head","floor":44,"turns":5},{"damage":10,"enemies":"Spire Growth","floor":46,"turns":3}],"seed_played":"-4914886102228466924","potions_obtained":[{"floor":4,"key":"Block Potion"},{"floor":8,"key":"SpeedPotion"},{"floor":12,"key":"Ancient Potion"},{"floor":16,"key":"SmokeBomb"},{"floor":18,"key":"EssenceOfSteel"},{"floor":22,"key":"Poison Potion"},{"floor":25,"key":"Block Potion"},{"floor":31,"key":"Poison Potion"},{"floor":37,"key":"FearPotion"},{"floor":44,"key":"SteroidPotion"}],"is_trial":false,"path_per_floor":["M","?","M","M","?","R","E","M","T","T","M","E","R","M","R","B",null,"M","?","M","$","M","R","E","M","T","E","R","$","M","E","R","B",null,"M","?","M","M","M","R","E","M","T","E","$","M"],"character_chosen":"THE_SILENT","items_purchased":["Oddly Smooth Stone","Noxious Fumes","Meat on the Bone"],"campfire_rested":1,"item_purchase_floors":[21,29,45],"current_hp_per_floor":[70,70,70,69,74,74,63,63,63,63,51,34,34,32,32,20,75,69,63,63,63,53,53,51,42,42,35,35,35,29,18,40,33,75,57,57,48,38,30,30,25,1,1,1,1,0],"gold":58,"neow_bonus":"THREE_RARE_CARDS","is_prod":false,"is_daily":false,"chose_seed":false,"campfire_upgraded":6,"win_rate":0,"timestamp":1564001657,"path_taken":["M","?","M","M","?","R","E","M","T","?","M","E","R","M","R","BOSS","M","?","M","$","M","R","E","M","T","E","R","$","M","E","R","BOSS","M","?","?","M","M","R","E","M","T","E","?","M"],"build_version":"2019-07-05","purchased_purges":2,"victory":false,"max_hp_per_floor":[70,70,70,70,75,75,75,75,75,75,75,75,75,75,75,75,75,75,75,75,75,75,75,75,75,75,75,75,75,75,75,75,75,75,75,75,75,75,75,75,75,75,75,75,75,75],"card_choices":[{"not_picked":["Adrenaline","Night Terror"],"picked":"Grand Finale","floor":0},{"not_picked":["Underhanded Strike","Outmaneuver"],"picked":"Deadly Poison","floor":1},{"not_picked":["Terror","Deflect","Cloak And Dagger"],"picked":"SKIP","floor":3},{"not_picked":["Dagger Throw","Deflect"],"picked":"Catalyst","floor":4},{"not_picked":["Blade Dance","Infinite Blades","Masterful Stab"],"picked":"SKIP","floor":7},{"not_picked":["Predator","Dagger Spray"],"picked":"Poisoned Stab","floor":8},{"not_picked":["Slice","Masterful Stab"],"picked":"Escape Plan","floor":11},{"not_picked":["Outmaneuver","Die Die Die"],"picked":"Leg Sweep","floor":12},{"not_picked":["Underhanded Strike","Bane","Slice"],"picked":"SKIP","floor":14},{"not_picked":["Adrenaline","Unload"],"picked":"Envenom","floor":16},{"not_picked":["Sucker Punch","Deflect+1"],"picked":"Distraction+1","floor":18},{"not_picked":["Deflect","Underhanded Strike"],"picked":"Backflip","floor":22},{"not_picked":["Skewer","Cloak And Dagger"],"picked":"Deadly Poison","floor":24},{"not_picked":["Deadly Poison","Blade Dance"],"picked":"Crippling Poison","floor":25},{"not_picked":["Masterful Stab+1","Accuracy"],"picked":"Dodge and Roll","floor":27},{"not_picked":["Underhanded Strike","Outmaneuver+1"],"picked":"Deadly Poison","floor":30},{"not_picked":["Finisher+1","Reflex"],"picked":"Dagger Spray+1","floor":31},{"not_picked":["Phantasmal Killer","Tools of the Trade"],"picked":"Die Die Die","floor":33},{"not_picked":["Burst","Blade Dance+1"],"picked":"Well Laid Plans+1","floor":34},{"not_picked":["Caltrops","Blade Dance"],"picked":"Dodge and Roll+1","floor":34},{"not_picked":["Infinite Blades","Calculated Gamble"],"picked":"Poisoned Stab+1","floor":34},{"not_picked":["Dodge and Roll","Reflex"],"picked":"Poisoned Stab+1","floor":34},{"not_picked":["Calculated Gamble+1","Escape Plan"],"picked":"Catalyst+1","floor":35},{"not_picked":["Deadly Poison","Flying Knee","Blade Dance+1"],"picked":"SKIP","floor":37},{"not_picked":["All Out Attack","Blade Dance+1","Concentrate+1"],"picked":"SKIP","floor":38},{"not_picked":["Calculated Gamble","Caltrops"],"picked":"Doppelganger","floor":39},{"not_picked":["Distraction","Well Laid Plans+1"],"picked":"Crippling Poison+1","floor":41},{"not_picked":["Eviscerate","Poisoned Stab"],"picked":"Dodge and Roll+1","floor":42},{"not_picked":["Dagger Spray+1","Deflect+1"],"picked":"Riddle With Holes+1","floor":44}],"player_experience":133708,"relics_obtained":[{"floor":7,"key":"Lantern"},{"floor":9,"key":"Snake Skull"},{"floor":10,"key":"Happy Flower"},{"floor":12,"key":"Mummified Hand"},{"floor":24,"key":"Omamori"},{"floor":26,"key":"Bag of Marbles"},{"floor":27,"key":"PreservedInsect"},{"floor":31,"key":"Ginger"},{"floor":41,"key":"Pen Nib"},{"floor":44,"key":"War Paint"}],"event_choices":[{"damage_healed":0,"gold_gain":0,"cards_transformed":["Strike_G"],"player_choice":"Change","damage_taken":0,"max_hp_gain":0,"max_hp_loss":0,"event_name":"Living Wall","floor":2,"gold_loss":0,"cards_obtained":["Glass Knife"]},{"damage_healed":0,"gold_gain":0,"player_choice":"Donut","damage_taken":0,"max_hp_gain":5,"max_hp_loss":0,"event_name":"Big Fish","floor":5,"gold_loss":0},{"damage_healed":0,"gold_gain":0,"player_choice":"Joined the Cult","damage_taken":6,"max_hp_gain":0,"max_hp_loss":0,"event_name":"Nest","floor":19,"gold_loss":0,"cards_obtained":["RitualDagger"]},{"cards_removed":["Strike_G"],"damage_healed":0,"gold_gain":0,"player_choice":"Card Removal","damage_taken":0,"max_hp_gain":0,"max_hp_loss":0,"event_name":"Wheel of Change","floor":36,"gold_loss":0}],"is_beta":false,"boss_relics":[{"not_picked":["Philosopher\u0027s Stone","Fusion Hammer"],"picked":"Ring of the Serpent"},{"not_picked":["Snecko Eye","Sozu"],"picked":"Orrery"}],"items_purged_floors":[21,29],"is_endless":false,"potions_floor_spawned":[4,8,12,16,18,22,25,31,37,44],"killed_by":"Spire Growth","ascension_level":1}