{"gold_per_floor":[111,123,123,123,3,3,16,30,53,85,85,85],"floor_reached":12,"playtime":295,"items_purged":["Defend_B"],"score":103,"play_id":"dbe5d3a0-dc96-4768-9495-3b3cddd842ff","local_time":"20190721224532","is_ascension_mode":false,"campfire_choices":[{"data":"Turbo","floor":6,"key":"SMITH"}],"neow_cost":"NONE","seed_source_timestamp":599695277670249,"circlet_count":0,"master_deck":["Strike_B","Strike_B","Strike_B","Defend_B","Defend_B","Defend_B","Zap","Turbo+1","Tempest","Turbo","Turbo","Turbo","Fusion"],"relics":["Cracked Core","NeowsBlessing","Omamori","Pen Nib","SsserpentHead"],"potions_floor_usage":[10,10],"damage_taken":[{"damage":0,"enemies":"2 Louse","floor":1,"turns":1},{"damage":0,"enemies":"Small Slimes","floor":2,"turns":1},{"damage":0,"enemies":"Cultist","floor":7,"turns":1},{"damage":29,"enemies":"Exordium Wildlife","floor":8,"turns":5},{"damage":35,"enemies":"3 Sentries","floor":10,"turns":6},{"damage":27,"enemies":"Large Slime","floor":12,"turns":4}],"seed_played":"-4222252577621393132","potions_obtained":[{"floor":2,"key":"LiquidBronze"},{"floor":8,"key":"Regen Potion"}],"is_trial":false,"path_per_floor":["M","M","?","?","$","R","M","M","T","E","?","M"],"character_chosen":"DEFECT","items_purchased":["Turbo"],"campfire_rested":0,"item_purchase_floors":[5],"current_hp_per_floor":[75,75,75,68,68,68,68,39,39,19,19,0],"gold":85,"neow_bonus":"THREE_ENEMY_KILL","is_prod":false,"is_daily":false,"chose_seed":false,"campfire_upgraded":1,"win_rate":0.0,"timestamp":1563763532,"path_taken":["M","M","?","?","$","R","M","M","T","E","?","M"],"build_version":"2019-07-17","purchased_purges":1,"victory":false,"max_hp_per_floor":[75,75,75,75,75,75,75,75,75,75,75,75],"card_choices":[{"not_picked":["Barrage","Rebound"],"picked":"Turbo","floor":1},{"not_picked":["Compile Driver","Cold Snap"],"picked":"Tempest","floor":2},{"not_picked":["Ball Lightning","Conserve Battery"],"picked":"Turbo","floor":7},{"not_picked":["Heatsinks","Hologram"],"picked":"Turbo","floor":8},{"not_picked":["Gash","Redo"],"picked":"Fusion","floor":10}],"player_experience":95893,"relics_obtained":[{"floor":9,"key":"Omamori"},{"floor":10,"key":"Pen Nib"}],"event_choices":[{"cards_removed":["Dualcast"],"damage_healed":0,"gold_gain":0,"player_choice":"Forget","damage_taken":0,"max_hp_gain":0,"max_hp_loss":0,"event_name":"Living Wall","floor":3,"gold_loss":0},{"cards_removed":["Strike_B"],"damage_healed":0,"gold_gain":0,"player_choice":"Card Removal","damage_taken":7,"max_hp_gain":0,"max_hp_loss":0,"event_name":"Golden Wing","floor":4,"gold_loss":0},{"damage_healed":0,"gold_gain":0,"player_choice":"Trade","damage_taken":0,"relics_obtained":["SsserpentHead"],"max_hp_gain":0,"max_hp_loss":0,"event_name":"FaceTrader","floor":11,"gold_loss":0}],"is_beta":false,"boss_relics":[],"items_purged_floors":[5],"is_endless":false,"potions_floor_spawned":[2,8],"killed_by":"Large Slime","ascension_level":0}