{"gold_per_floor":[115,131,131,143,162,162,175,185,185,205,220,220,56,70,70,173,173,186,196,121,134,134,134,146,173,200,200,215,215,241,255,255,255],"floor_reached":33,"playtime":3541,"items_purged":["Strike_R"],"score":290,"play_id":"fb7752ca-267a-40cc-9b32-492788fb8ea9","local_time":"20190709061246","is_ascension_mode":false,"campfire_choices":[{"data":"Body Slam","floor":6,"key":"SMITH"},{"data":"Evolve","floor":15,"key":"SMITH"},{"data":"Body Slam","floor":23,"key":"SMITH"},{"floor":27,"key":"REST"},{"floor":32,"key":"REST"}],"neow_cost":"NONE","seed_source_timestamp":46906756554953,"circlet_count":0,"master_deck":["Strike_R","Strike_R","Strike_R","Strike_R","Defend_R","Defend_R","Defend_R","Defend_R","Bash","Twin Strike","Body Slam","Body Slam+1","Uppercut","Iron Wave","Flame Barrier","Ghostly Armor","Finesse","Evolve+1","Headbutt","Body Slam+1","Pommel Strike","Body Slam+1"],"relics":["Burning Blood","NeowsBlessing","Darkstone Periapt","Oddly Smooth Stone","Mark of Pain","Happy Flower","Lantern","Anchor"],"potions_floor_usage":[10,16,18,21,25,25,25,31],"damage_taken":[{"damage":0,"enemies":"Cultist","floor":1,"turns":1},{"damage":0,"enemies":"Small Slimes","floor":2,"turns":1},{"damage":0,"enemies":"Jaw Worm","floor":4,"turns":1},{"damage":11,"enemies":"Red Slaver","floor":5,"turns":3},{"damage":1,"enemies":"2 Fungi Beasts","floor":7,"turns":3},{"damage":15,"enemies":"Exordium Wildlife","floor":8,"turns":5},{"damage":14,"enemies":"Large Slime","floor":10,"turns":6},{"damage":6,"enemies":"Blue Slaver","floor":11,"turns":3},{"damage":5,"enemies":"Lots of Slimes","floor":14,"turns":5},{"damage":54,"enemies":"The Guardian","floor":16,"turns":15},{"damage":8,"enemies":"3 Byrds","floor":18,"turns":5},{"damage":17,"enemies":"2 Thieves","floor":19,"turns":5},{"damage":22,"enemies":"Snake Plant","floor":21,"turns":5},{"damage":40,"enemies":"Snecko","floor":24,"turns":7},{"damage":12,"enemies":"Book of Stabbing","floor":25,"turns":5},{"damage":4,"enemies":"Cultist and Chosen","floor":28,"turns":6},{"damage":18,"enemies":"Snake Plant","floor":31,"turns":4},{"damage":36,"enemies":"Collector","floor":33,"turns":5}],"seed_played":"5675237590706183205","potions_obtained":[{"floor":1,"key":"SneckoOil"},{"floor":2,"key":"EssenceOfSteel"},{"floor":8,"key":"Poison Potion"},{"floor":10,"key":"Explosive Potion"},{"floor":14,"key":"SpeedPotion"},{"floor":16,"key":"Strength Potion"},{"floor":19,"key":"SteroidPotion"},{"floor":24,"key":"Dexterity Potion"},{"floor":28,"key":"Fire Potion"}],"is_trial":false,"path_per_floor":["M","M","?","M","M","R","M","M","T","M","M","?","$","M","R","B",null,"M","M","$","M","?","R","M","E","T","R","M","?","T","M","R","B"],"character_chosen":"IRONCLAD","items_purchased":["Ghostly Armor","Finesse"],"campfire_rested":2,"item_purchase_floors":[13,13],"current_hp_per_floor":[80,80,80,80,75,75,80,71,71,63,63,80,80,80,80,32,80,78,67,67,51,51,51,17,11,11,35,37,22,22,10,35,0],"gold":255,"neow_bonus":"THREE_ENEMY_KILL","is_prod":false,"is_daily":false,"chose_seed":false,"campfire_upgraded":3,"win_rate":0.0,"timestamp":1562670766,"path_taken":["M","?","?","M","?","R","M","M","T","M","M","?","$","M","R","BOSS","M","M","$","M","?","R","?","E","T","R","M","?","?","M","R","BOSS"],"build_version":"2019-07-05","purchased_purges":1,"victory":false,"max_hp_per_floor":[80,80,80,80,80,80,80,80,80,80,80,80,80,80,80,80,80,80,80,80,80,80,80,80,80,80,80,80,85,85,85,85,85],"card_choices":[{"not_picked":["Fire Breathing","Warcry"],"picked":"Twin Strike","floor":1},{"not_picked":["Fire Breathing","Pommel Strike"],"picked":"Body Slam","floor":2},{"not_picked":["Inflame","Fire Breathing"],"picked":"Body Slam","floor":4},{"not_picked":["Clash","Infernal Blade"],"picked":"Uppercut","floor":5},{"not_picked":["Anger","Sentinel","Thunderclap"],"picked":"SKIP","floor":7},{"not_picked":["Infernal Blade","Warcry"],"picked":"Iron Wave","floor":8},{"not_picked":["Wild Strike","Immolate","Burning Pact"],"picked":"SKIP","floor":10},{"not_picked":["Wild Strike","Anger"],"picked":"Flame Barrier","floor":11},{"not_picked":["Warcry","Spot Weakness"],"picked":"Evolve","floor":14},{"not_picked":["True Grit","Hemokinesis+1"],"picked":"Headbutt","floor":18},{"not_picked":["Bloodletting","True Grit"],"picked":"Body Slam","floor":19},{"not_picked":["Havoc","Feel No Pain"],"picked":"Pommel Strike","floor":21},{"not_picked":["Rage","Metallicize","Sever Soul"],"picked":"SKIP","floor":24},{"not_picked":["Reckless Charge","Carnage"],"picked":"Body Slam+1","floor":25},{"not_picked":["Dropkick","Anger","Sword Boomerang"],"picked":"SKIP","floor":28},{"not_picked":["Whirlwind","Flex","Heavy Blade"],"picked":"SKIP","floor":31}],"player_experience":36341,"relics_obtained":[{"floor":9,"key":"Oddly Smooth Stone"},{"floor":25,"key":"Happy Flower"},{"floor":26,"key":"Lantern"},{"floor":30,"key":"Anchor"}],"event_choices":[{"damage_healed":0,"gold_gain":0,"player_choice":"Gave Potion","damage_taken":0,"relics_obtained":["Darkstone Periapt"],"max_hp_gain":0,"max_hp_loss":0,"event_name":"WeMeetAgain","floor":3,"gold_loss":0},{"damage_healed":26,"gold_gain":0,"player_choice":"Banana","damage_taken":0,"max_hp_gain":0,"max_hp_loss":0,"event_name":"Big Fish","floor":12,"gold_loss":0},{"damage_healed":0,"gold_gain":0,"player_choice":"0 cards matched","damage_taken":0,"max_hp_gain":0,"max_hp_loss":0,"event_name":"Match and Keep!","floor":22,"gold_loss":0,"cards_obtained":[]},{"damage_healed":0,"gold_gain":0,"player_choice":"Shed Blood","damage_taken":20,"max_hp_gain":5,"max_hp_loss":0,"event_name":"Forgotten Altar","floor":29,"gold_loss":0}],"is_beta":false,"boss_relics":[{"not_picked":["Astrolabe","Runic Dome"],"picked":"Mark of Pain"}],"items_purged_floors":[20],"is_endless":false,"potions_floor_spawned":[1,2,8,10,14,16,19,24,28],"killed_by":"Collector","ascension_level":0}