{"gold_per_floor":[118,131,56,69,82,82,99,99,122,151,151,151,151,174,174,174],"floor_reached":16,"playtime":988,"items_purged":["Pain"],"score":107,"play_id":"f66c5d67-f8a1-4980-8fc2-6c164b2a2635","local_time":"20190724195832","is_ascension_mode":true,"campfire_choices":[{"data":"Neutralize","floor":6,"key":"SMITH"},{"data":"Footwork","floor":8,"key":"SMITH"},{"data":"Bullet Time","floor":13,"key":"SMITH"},{"floor":15,"key":"REST"}],"neow_cost":"CURSE","seed_source_timestamp":66448203934411,"circlet_count":0,"master_deck":["Strike_G","Strike_G","Strike_G","Strike_G","Strike_G","Defend_G","Defend_G","Defend_G","Defend_G","Defend_G","Survivor","Neutralize+1","Deflect","Dagger Throw","Flying Knee","Blur","Footwork+1","Bullet Time+1"],"relics":["Ring of the Snake","Unceasing Top","Potion Belt","PreservedInsect","Golden Idol"],"potions_floor_usage":[],"damage_taken":[{"damage":16,"enemies":"Cultist","floor":1,"turns":5},{"damage":7,"enemies":"Small Slimes","floor":2,"turns":6},{"damage":1,"enemies":"2 Louse","floor":4,"turns":4},{"damage":6,"enemies":"2 Fungi Beasts","floor":5,"turns":4},{"damage":1,"enemies":"Looter","floor":7,"turns":3},{"damage":14,"enemies":"3 Sentries","floor":10,"turns":12},{"damage":3,"enemies":"Blue Slaver","floor":14,"turns":3},{"damage":42,"enemies":"Slime Boss","floor":16,"turns":12}],"seed_played":"-8670963089975563845","potions_obtained":[{"floor":1,"key":"LiquidBronze"},{"floor":4,"key":"GamblersBrew"},{"floor":7,"key":"SpeedPotion"}],"is_trial":false,"path_per_floor":["M","M","$","M","M","R","M","R","T","E","?","?","R","M","R","B"],"character_chosen":"THE_SILENT","items_purchased":[],"campfire_rested":1,"item_purchase_floors":[],"current_hp_per_floor":[54,47,47,46,40,40,39,39,39,25,25,25,25,22,41,0],"gold":174,"neow_bonus":"ONE_RARE_RELIC","is_prod":false,"is_daily":false,"chose_seed":false,"campfire_upgraded":3,"win_rate":0,"timestamp":1563991112,"path_taken":["M","M","$","?","M","R","M","R","T","E","?","?","R","M","R","BOSS"],"build_version":"2019-07-05","purchased_purges":1,"victory":false,"max_hp_per_floor":[70,70,70,70,70,70,70,70,70,70,65,65,65,65,65,65],"card_choices":[{"not_picked":["Sucker Punch","Tactician"],"picked":"Deflect","floor":1},{"not_picked":["Distraction","Accuracy"],"picked":"Dagger Throw","floor":2},{"not_picked":["Outmaneuver","Catalyst"],"picked":"Flying Knee","floor":4},{"not_picked":["Accuracy","Finisher"],"picked":"Blur","floor":5},{"not_picked":["Night Terror","Deadly Poison"],"picked":"Footwork","floor":7},{"not_picked":["Endless Agony","PiercingWail"],"picked":"Bullet Time","floor":10},{"not_picked":["Slice","Accuracy","Underhanded Strike"],"picked":"SKIP","floor":14}],"player_experience":125914,"relics_obtained":[{"floor":9,"key":"Potion Belt"},{"floor":10,"key":"PreservedInsect"}],"event_choices":[{"damage_healed":0,"gold_gain":0,"player_choice":"Lose Max HP","damage_taken":0,"relics_obtained":["Golden Idol"],"max_hp_gain":0,"max_hp_loss":5,"event_name":"Golden Idol","floor":11,"gold_loss":0},{"damage_healed":0,"gold_gain":0,"player_choice":"Ignored","damage_taken":0,"max_hp_gain":0,"max_hp_loss":0,"event_name":"Liars Game","floor":12,"gold_loss":0}],"is_beta":false,"boss_relics":[],"items_purged_floors":[3],"is_endless":false,"potions_floor_spawned":[1,4,7],"killed_by":"Slime Boss","ascension_level":1}