{"gold_per_floor":[118,132,146,321,332,362,362,362,362,2,17,17,47,57,57,57],"floor_reached":16,"playtime":940,"items_purged":[],"score":102,"play_id":"7bccc695-1094-4172-a485-19f7134985b9","local_time":"20190719181122","is_ascension_mode":false,"campfire_choices":[{"data":"Demon Form","floor":7,"key":"SMITH"},{"floor":15,"key":"REST"}],"neow_cost":"PERCENT_DAMAGE","seed_source_timestamp":50459765911209,"circlet_count":0,"master_deck":["Strike_R","Strike_R","Strike_R","Strike_R","Strike_R","Defend_R","Defend_R","Defend_R","Defend_R","Bash","Demon Form+1","Flex","Shrug It Off","Whirlwind","Flex","Cleave","Clash","Chrysalis","Inflame","Clash","Barricade"],"relics":["Burning Blood","PreservedInsect","Lantern","Red Skull","Odd Mushroom"],"potions_floor_usage":[6,14],"damage_taken":[{"damage":0,"enemies":"2 Louse","floor":1,"turns":4},{"damage":0,"enemies":"Cultist","floor":2,"turns":3},{"damage":16,"enemies":"Jaw Worm","floor":3,"turns":4},{"damage":14,"enemies":"Blue Slaver","floor":5,"turns":4},{"damage":57,"enemies":"Lagavulin","floor":6,"turns":8},{"damage":10,"enemies":"Looter","floor":11,"turns":3},{"damage":0,"enemies":"The Mushroom Lair","floor":13,"turns":1},{"damage":15,"enemies":"3 Louse","floor":14,"turns":3},{"damage":38,"enemies":"The Guardian","floor":16,"turns":7}],"seed_played":"-5809999267580940581","potions_obtained":[{"floor":3,"key":"BloodPotion"},{"floor":11,"key":"PowerPotion"}],"is_trial":false,"path_per_floor":["M","M","M","?","M","E","R","?","T","$","M","?","?","M","R","B"],"character_chosen":"IRONCLAD","items_purchased":["Clash","Red Skull","Chrysalis"],"campfire_rested":1,"item_purchase_floors":[10,10,10],"current_hp_per_floor":[62,68,58,58,50,19,19,19,19,19,15,15,21,12,36,0],"gold":57,"neow_bonus":"THREE_RARE_CARDS","is_prod":false,"is_daily":false,"chose_seed":false,"campfire_upgraded":1,"win_rate":0.0,"timestamp":1563552682,"path_taken":["M","M","M","?","M","E","R","?","T","$","?","?","?","M","R","BOSS"],"build_version":"2019-07-05","purchased_purges":0,"victory":false,"max_hp_per_floor":[80,80,80,80,80,80,80,80,80,80,80,80,80,80,80,80],"card_choices":[{"not_picked":["Offering","Berserk"],"picked":"Demon Form","floor":0},{"not_picked":["Shrug It Off","Disarm"],"picked":"Flex","floor":1},{"not_picked":["Clothesline","True Grit"],"picked":"Shrug It Off","floor":2},{"not_picked":["Flex","Sword Boomerang"],"picked":"Whirlwind","floor":3},{"not_picked":["Entrench","Thunderclap"],"picked":"Flex","floor":5},{"not_picked":["Offering","True Grit"],"picked":"Cleave","floor":6},{"not_picked":["Body Slam","Battle Trance"],"picked":"Inflame","floor":11},{"not_picked":["Thunderclap","Inflame"],"picked":"Clash","floor":13},{"not_picked":["Clothesline","Reckless Charge"],"picked":"Barricade","floor":14}],"player_experience":28485,"relics_obtained":[{"floor":6,"key":"PreservedInsect"},{"floor":9,"key":"Lantern"},{"floor":13,"key":"Odd Mushroom"}],"event_choices":[{"damage_healed":0,"gold_gain":175,"player_choice":"AGREE","damage_taken":0,"max_hp_gain":0,"max_hp_loss":0,"event_name":"Liars Game","floor":4,"gold_loss":0,"cards_obtained":["Doubt"]},{"cards_removed":["Doubt"],"damage_healed":0,"gold_gain":0,"player_choice":"Removed Curses","damage_taken":0,"max_hp_gain":0,"max_hp_loss":0,"event_name":"Fountain of Cleansing","floor":8,"gold_loss":0},{"damage_healed":0,"gold_gain":0,"player_choice":"Ignored","damage_taken":0,"max_hp_gain":0,"max_hp_loss":0,"event_name":"Shining Light","floor":12,"gold_loss":0},{"damage_healed":0,"gold_gain":0,"player_choice":"Fought Mushrooms","damage_taken":0,"max_hp_gain":0,"max_hp_loss":0,"event_name":"Mushrooms","floor":13,"gold_loss":0}],"is_beta":false,"boss_relics":[],"items_purged_floors":[],"is_endless":false,"potions_floor_spawned":[3,11],"killed_by":"The Guardian","ascension_level":0}