{"gold_per_floor":[109,119,129,129,146,174,174,188,188,44,62,76,76,76,76,180,180,191,32,32,32,32,32,46,0,0,13,28,28],"floor_reached":29,"playtime":1200,"items_purged":[],"score":344,"play_id":"f3b4358d-c227-49a5-904a-be86702575b8","local_time":"20181107133406","is_ascension_mode":true,"campfire_choices":[{"floor":7,"key":"REST"},{"floor":13,"key":"REST"},{"data":"Self Repair","floor":15,"key":"SMITH"},{"data":"Creative AI","floor":23,"key":"SMITH"}],"neow_cost":"NONE","seed_source_timestamp":2992448600470784,"circlet_count":0,"master_deck":["AscendersBane","Strike_B","Strike_B","Strike_B","Strike_B","Defend_B","Defend_B","Defend_B","Defend_B","Zap","Dualcast","Tempest","Loop","Coolheaded","Hello World","Fission+1","Leap","Streamline","Self Repair+1","Flash of Steel","Electrodynamics","Fusion","Creative AI+1","Gash+1","Coolheaded","Conserve Battery"],"relics":["Runic Dome","Juzu Bracelet","Kunai","Bag of Marbles","Lizard Tail","Ancient Tea Set"],"potions_floor_usage":[6,6,12,20,28,29],"damage_taken":[{"damage":2,"enemies":"Jaw Worm","floor":1,"turns":4},{"damage":7,"enemies":"Small Slimes","floor":2,"turns":3},{"damage":6,"enemies":"Cultist","floor":3,"turns":4},{"damage":33,"enemies":"Lots of Slimes","floor":5,"turns":4},{"damage":8,"enemies":"Gremlin Nob","floor":6,"turns":3},{"damage":6,"enemies":"Red Slaver","floor":8,"turns":5},{"damage":9,"enemies":"2 Fungi Beasts","floor":11,"turns":4},{"damage":0,"enemies":"Exordium Wildlife","floor":12,"turns":2},{"damage":38,"enemies":"Slime Boss","floor":16,"turns":12},{"damage":17,"enemies":"Chosen","floor":18,"turns":5},{"damage":0,"enemies":"3 Byrds","floor":20,"turns":2},{"damage":29,"enemies":"Shelled Parasite and Fungi","floor":24,"turns":9},{"damage":52,"enemies":"Snake Plant","floor":27,"turns":5},{"damage":23,"enemies":"Cultist and Chosen","floor":28,"turns":9},{"damage":35,"enemies":"Book of Stabbing","floor":29,"turns":3}],"seed_played":"19184706285069945","potions_obtained":[{"floor":1,"key":"FearPotion"},{"floor":2,"key":"Poison Potion"},{"floor":6,"key":"Strength Potion"},{"floor":8,"key":"Fire Potion"},{"floor":18,"key":"SmokeBomb"},{"floor":24,"key":"FocusPotion"},{"floor":27,"key":"GamblersBrew"}],"is_trial":false,"path_per_floor":["M","M","M","?","M","E","R","M","T","$","M","M","R","?","R","B",null,"M","$","M","$","?","R","M","$","T","M","M","E"],"character_chosen":"DEFECT","items_purchased":["Bag of Marbles","Creative AI","Coolheaded"],"campfire_rested":2,"item_purchase_floors":[10,19,25],"current_hp_per_floor":[66,59,53,53,20,12,34,28,28,28,19,19,41,41,41,13,60,53,53,53,53,53,53,34,34,34,29,26,0],"gold":28,"neow_bonus":"BOSS_RELIC","is_prod":false,"is_daily":false,"chose_seed":false,"campfire_upgraded":2,"win_rate":0,"timestamp":1541622846,"path_taken":["M","M","M","?","M","E","R","M","T","$","M","M","R","?","R","BOSS","M","?","M","$","?","R","M","?","T","M","M","E"],"build_version":"2018-11-01","purchased_purges":0,"victory":false,"max_hp_per_floor":[75,75,75,75,75,75,75,75,75,75,75,75,75,75,75,75,75,75,75,75,75,75,75,75,75,75,75,75,75],"card_choices":[{"not_picked":["Stack","Turbo"],"picked":"Tempest","floor":1},{"not_picked":["Steam Power","Force Field"],"picked":"Loop","floor":2},{"not_picked":["Beam Cell","Go for the Eyes"],"picked":"Coolheaded","floor":3},{"not_picked":["Steam Power","Turbo"],"picked":"Hello World","floor":5},{"not_picked":["Gash","Conserve Battery"],"picked":"Fission","floor":6},{"not_picked":["Steam","White Noise"],"picked":"Leap","floor":8},{"not_picked":["Gash","Sweeping Beam"],"picked":"Streamline","floor":11},{"not_picked":["Streamline","Blizzard"],"picked":"Self Repair","floor":12},{"not_picked":["Fission","Rainbow"],"picked":"Electrodynamics","floor":16},{"not_picked":["Reinforced Body","Genetic Algorithm"],"picked":"Fusion","floor":18},{"not_picked":["Stack","Genetic Algorithm"],"picked":"Gash+1","floor":24},{"not_picked":["Leap","Redo"],"picked":"Conserve Battery","floor":27},{"not_picked":["Turbo","Beam Cell","Hello World+1"],"picked":"SKIP","floor":28}],"player_experience":558515,"relics_obtained":[{"floor":6,"key":"Juzu Bracelet"},{"floor":9,"key":"Kunai"},{"floor":26,"key":"Ancient Tea Set"}],"event_choices":[{"damage_healed":0,"gold_gain":0,"player_choice":"Ignored","damage_taken":0,"max_hp_gain":0,"max_hp_loss":0,"event_name":"Liars Game","floor":4,"gold_loss":0},{"damage_healed":0,"gold_gain":0,"player_choice":"1 cards matched","damage_taken":0,"max_hp_gain":0,"max_hp_loss":0,"event_name":"Match and Keep!","floor":14,"gold_loss":0,"cards_obtained":["Flash of Steel"]},{"damage_healed":0,"gold_gain":0,"player_choice":"Forge","damage_taken":0,"max_hp_gain":0,"max_hp_loss":0,"event_name":"Accursed Blacksmith","floor":22,"gold_loss":0,"cards_upgraded":["Fission"]}],"is_beta":false,"boss_relics":[{"not_picked":["Fusion Hammer","Tiny House"],"picked":"Lizard Tail"}],"items_purged_floors":[],"is_endless":false,"potions_floor_spawned":[1,2,6,8,18,24,27],"killed_by":"Book of Stabbing","ascension_level":10}