{"gold_per_floor":[109,109,157,232,36,56,90,107,131,146,146,146,162,162,162,257,257,275,18,30,42,42,42,42,42,42,62,91,91,116,126,126,224,224,235,250,3,18,38,38,51,51,51,14,25,0,15,15,15,15],"floor_reached":51,"playtime":1062,"items_purged":[],"score":739,"play_id":"fbbeb493-cec9-4df5-ae8b-b86432f358fc","local_time":"20180925131758","is_ascension_mode":false,"campfire_choices":[{"data":"Dropkick","floor":12,"key":"SMITH"},{"data":"Sword Boomerang","floor":15,"key":"SMITH"},{"data":"Flex","floor":23,"key":"SMITH"},{"data":"Heavy Blade","floor":25,"key":"SMITH"},{"data":"Demon Form","floor":29,"key":"SMITH"},{"data":"Twin Strike","floor":32,"key":"SMITH"},{"floor":40,"key":"REST"},{"floor":42,"key":"REST"},{"floor":49,"key":"REST"}],"neow_cost":"NONE","seed_source_timestamp":349847624288934,"circlet_count":0,"master_deck":["Strike_R","Strike_R","Strike_R","Defend_R","Defend_R","Defend_R","Defend_R","Bash+1","Dropkick+1","Twin Strike+1","Sword Boomerang+1","Dropkick+1","Heavy Blade+1","Twin Strike","Demon Form+1","Flex+1","True Grit","Flex+1","Dropkick+1","Inflame","Infernal Blade","Armaments+1","Power Through+1"],"relics":["Burning Blood","NeowsBlessing","Smiling Mask","Red Skull","Magic Flower","Lantern","Mercury Hourglass","Busted Crown","Brimstone","Bottled Lightning","Oddly Smooth Stone","Happy Flower","Runic Dome","DollysMirror","StoneCalendar","Red Mask"],"potions_floor_usage":[13,27,28,30,41,45,50,50,50],"damage_taken":[{"damage":0,"enemies":"Small Slimes","floor":1,"turns":1},{"damage":0,"enemies":"Jaw Worm","floor":6,"turns":1},{"damage":0,"enemies":"Lagavulin","floor":7,"turns":1},{"damage":7,"enemies":"2 Louse","floor":8,"turns":2},{"damage":23,"enemies":"Exordium Thugs","floor":10,"turns":4},{"damage":11,"enemies":"Large Slime","floor":13,"turns":4},{"damage":22,"enemies":"Slime Boss","floor":16,"turns":6},{"damage":5,"enemies":"3 Byrds","floor":18,"turns":4},{"damage":7,"enemies":"Chosen","floor":20,"turns":3},{"damage":19,"enemies":"Snake Plant","floor":21,"turns":2},{"damage":5,"enemies":"Snecko","floor":27,"turns":3},{"damage":21,"enemies":"Gremlin Leader","floor":28,"turns":4},{"damage":24,"enemies":"Book of Stabbing","floor":30,"turns":3},{"damage":15,"enemies":"Centurion and Healer","floor":31,"turns":4},{"damage":31,"enemies":"Automaton","floor":33,"turns":6},{"damage":0,"enemies":"Orb Walker","floor":35,"turns":1},{"damage":11,"enemies":"3 Shapes","floor":36,"turns":3},{"damage":55,"enemies":"3 Darklings","floor":38,"turns":4},{"damage":15,"enemies":"4 Shapes","floor":39,"turns":3},{"damage":43,"enemies":"Spire Growth","floor":41,"turns":4},{"damage":0,"enemies":"Reptomancer","floor":45,"turns":2},{"damage":27,"enemies":"4 Shapes","floor":47,"turns":4},{"damage":40,"enemies":"Donu and Deca","floor":50,"turns":5}],"seed_played":"6441500754518465331","potions_obtained":[{"floor":1,"key":"AttackPotion"},{"floor":8,"key":"AttackPotion"},{"floor":20,"key":"SteroidPotion"},{"floor":21,"key":"AttackPotion"},{"floor":33,"key":"EssenceOfSteel"},{"floor":36,"key":"FearPotion"},{"floor":39,"key":"Regen Potion"},{"floor":41,"key":"PowerPotion"},{"floor":47,"key":"Ancient Potion"}],"is_trial":false,"path_per_floor":["M","?","T","?","$","M","E","M","T","M","?","R","M","?","R","B",null,"M","$","M","M","?","R","?","R","T","M","E","R","E","M","R","B",null,"M","M","$","M","M","R","M","R","T","$","M","?","M","?","R","B"],"character_chosen":"IRONCLAD","items_purchased":["Red Skull","Twin Strike","Brimstone","Flex","DollysMirror","Inflame","Infernal Blade"],"campfire_rested":3,"item_purchase_floors":[5,5,19,19,37,37,44],"current_hp_per_floor":[80,80,80,69,69,75,80,80,80,66,50,50,48,41,41,28,80,80,80,80,70,70,70,70,70,70,74,62,62,47,41,41,19,80,80,78,78,32,26,50,16,40,40,40,49,49,31,31,55,24],"gold":15,"neow_bonus":"THREE_ENEMY_KILL","is_prod":false,"is_daily":false,"chose_seed":false,"campfire_upgraded":6,"win_rate":0,"timestamp":1537903078,"path_taken":["M","?","?","?","$","M","E","M","T","?","?","R","M","?","R","BOSS","M","$","M","M","?","R","?","R","T","M","E","R","E","M","R","BOSS","M","M","$","?","M","R","M","R","T","$","M","?","M","?","R","BOSS"],"build_version":"2018-09-20","purchased_purges":0,"victory":true,"max_hp_per_floor":[80,80,80,80,80,80,80,80,80,80,80,80,80,80,80,80,80,80,80,80,80,80,80,80,80,80,80,80,80,80,80,80,80,80,80,80,80,80,80,80,80,80,80,80,80,80,80,80,80,80],"card_choices":[{"not_picked":["Flame Barrier","Burning Pact"],"picked":"Dropkick","floor":1},{"not_picked":["Wild Strike","Armaments"],"picked":"Sword Boomerang","floor":6},{"not_picked":["Anger","Wild Strike","Second Wind"],"picked":"SKIP","floor":7},{"not_picked":["Iron Wave","Wild Strike"],"picked":"Dropkick","floor":8},{"not_picked":["Body Slam","Pommel Strike"],"picked":"Heavy Blade","floor":10},{"not_picked":["Body Slam","Perfected Strike"],"picked":"Twin Strike","floor":13},{"not_picked":["Barricade","Immolate"],"picked":"Demon Form","floor":16},{"not_picked":["Iron Wave+1"],"picked":"SKIP","floor":18},{"not_picked":["Second Wind+1"],"picked":"SKIP","floor":20},{"not_picked":["Searing Blow+1"],"picked":"SKIP","floor":21},{"not_picked":["Anger"],"picked":"SKIP","floor":27},{"not_picked":["Dark Embrace"],"picked":"SKIP","floor":28},{"not_picked":["Pommel Strike"],"picked":"SKIP","floor":30},{"not_picked":["Headbutt"],"picked":"SKIP","floor":31},{"not_picked":[],"picked":"Flex","floor":35},{"not_picked":["Clash+1"],"picked":"SKIP","floor":36},{"not_picked":["Searing Blow"],"picked":"SKIP","floor":38},{"not_picked":["Clothesline"],"picked":"SKIP","floor":39},{"not_picked":["Body Slam+1"],"picked":"SKIP","floor":41},{"not_picked":[],"picked":"Armaments+1","floor":45},{"not_picked":[],"picked":"Power Through+1","floor":47}],"player_experience":488417,"relics_obtained":[{"floor":3,"key":"Smiling Mask"},{"floor":7,"key":"Magic Flower"},{"floor":9,"key":"Lantern"},{"floor":26,"key":"Bottled Lightning"},{"floor":28,"key":"Oddly Smooth Stone"},{"floor":30,"key":"Happy Flower"},{"floor":43,"key":"StoneCalendar"}],"event_choices":[{"event_name":"Liars Game","player_choice":"disagreed","floor":2,"damage_taken":0},{"event_name":"World of Goop","player_choice":"Gather Gold","floor":4,"damage_taken":0},{"event_name":"Shining Light","player_choice":"Entered Light","floor":11,"damage_taken":0},{"event_name":"Scrap Ooze","player_choice":"success","floor":14,"damage_taken":7},{"event_name":"Purifier","player_choice":"One Purge","floor":22,"damage_taken":0},{"event_name":"Transmorgrifier","player_choice":"Transform","floor":24,"damage_taken":0},{"event_name":"Tomb of Lord Red Mask","player_choice":"Paid","floor":46,"damage_taken":0},{"event_name":"Accursed Blacksmith","player_choice":"Forge","floor":48,"damage_taken":0}],"is_beta":false,"boss_relics":[{"not_picked":["Snecko Eye","Eternal Feather"],"picked":"Busted Crown"},{"not_picked":["Tiny House","Philosopher\u0027s Stone"],"picked":"Runic Dome"}],"items_purged_floors":[],"is_endless":false,"potions_floor_spawned":[1,8,20,21,33,36,39,41,47],"ascension_level":0}