{"gold_per_floor":[118,129,79,79,4,4,27,38,85,85,12,12,12,29,29,125,125,139,64,64,13,13,13,13],"floor_reached":24,"playtime":706,"items_purged":["Strike_R"],"score":207,"play_id":"f2d51500-2ec9-4f7e-baba-0c616beed7ee","local_time":"20190207104152","is_ascension_mode":true,"campfire_choices":[{"data":"Spot Weakness","floor":6,"key":"SMITH"},{"floor":10,"key":"REST"},{"data":"Limit Break","floor":13,"key":"SMITH"},{"data":"Inflame","floor":15,"key":"SMITH"},{"floor":23,"key":"REST"}],"neow_cost":"NONE","seed_source_timestamp":260834349314377,"circlet_count":0,"master_deck":["Strike_R","Strike_R","Defend_R","Defend_R","Defend_R","Defend_R","Bash","Spot Weakness+1","Hemokinesis","Limit Break+1","Inflame+1","Iron Wave"],"relics":["Burning Blood","Odd Mushroom","Centennial Puzzle","Letter Opener","MutagenicStrength"],"potions_floor_usage":[7,16,18,18],"damage_taken":[{"damage":7,"enemies":"Jaw Worm","floor":1,"turns":4},{"damage":6,"enemies":"2 Louse","floor":2,"turns":3},{"damage":31,"enemies":"The Mushroom Lair","floor":7,"turns":5},{"damage":10,"enemies":"Small Slimes","floor":8,"turns":4},{"damage":4,"enemies":"Exordium Wildlife","floor":14,"turns":4},{"damage":41,"enemies":"Slime Boss","floor":16,"turns":6},{"damage":63,"enemies":"Shell Parasite","floor":18,"turns":9},{"damage":78,"enemies":"Book of Stabbing","floor":24,"turns":5}],"seed_played":"8549614317519223572","potions_obtained":[{"floor":1,"key":"AttackPotion"},{"floor":8,"key":"Energy Potion"},{"floor":14,"key":"SteroidPotion"},{"floor":16,"key":"Swift Potion"},{"floor":18,"key":"SteroidPotion"}],"is_trial":false,"path_per_floor":["?","?","?","M","T","?","?","?"],"character_chosen":"IRONCLAD","items_purchased":["Inflame","Iron Wave"],"campfire_rested":2,"item_purchase_floors":[11,21],"current_hp_per_floor":[79,79,79,79,79,79,54,50,50,74,74,74,74,76,76,41,80,23,23,49,49,49,73,0],"gold":13,"neow_bonus":"THREE_CARDS","is_prod":false,"is_daily":false,"chose_seed":false,"campfire_upgraded":3,"win_rate":0,"timestamp":1549532512,"path_taken":["M","M","?","?","$","R","?","?","T","R","$","?","R","M","R","BOSS","M","?","?","$","?","R","E"],"build_version":"2019-01-23","purchased_purges":1,"victory":false,"max_hp_per_floor":[80,80,80,80,80,80,80,80,80,80,80,80,80,80,80,80,80,80,80,80,80,80,80,80],"card_choices":[{"not_picked":["Sever Soul","Armaments"],"picked":"Spot Weakness","floor":0},{"not_picked":["Clash","Uppercut"],"picked":"Hemokinesis","floor":1},{"not_picked":["Clash","True Grit","Clothesline"],"picked":"SKIP","floor":2},{"not_picked":["Armaments","Iron Wave"],"picked":"Limit Break","floor":8},{"not_picked":["True Grit","Uppercut","Anger"],"picked":"SKIP","floor":14},{"not_picked":["Second Wind","Hemokinesis","Clash"],"picked":"SKIP","floor":18}],"player_experience":119859,"relics_obtained":[{"floor":7,"key":"Odd Mushroom"},{"floor":9,"key":"Centennial Puzzle"},{"floor":12,"key":"Letter Opener"}],"event_choices":[{"cards_removed":["Strike_R"],"damage_healed":0,"gold_gain":0,"player_choice":"Card Removal","damage_taken":0,"max_hp_gain":0,"max_hp_loss":0,"event_name":"The Cleric","floor":3,"gold_loss":50},{"damage_healed":0,"gold_gain":0,"player_choice":"Ignored","damage_taken":0,"max_hp_gain":0,"max_hp_loss":0,"event_name":"Liars Game","floor":4,"gold_loss":0},{"damage_healed":0,"gold_gain":0,"player_choice":"Fought Mushrooms","damage_taken":0,"max_hp_gain":0,"max_hp_loss":0,"event_name":"Mushrooms","floor":7,"gold_loss":0},{"cards_removed":["Strike_R"],"damage_healed":0,"gold_gain":0,"player_choice":"Gave Gold","damage_taken":0,"max_hp_gain":0,"max_hp_loss":0,"event_name":"Beggar","floor":19,"gold_loss":75},{"damage_healed":26,"gold_gain":0,"player_choice":"Heal","damage_taken":0,"max_hp_gain":0,"max_hp_loss":0,"event_name":"The Library","floor":20,"gold_loss":0},{"damage_healed":0,"gold_gain":0,"player_choice":"Inject Mutagens","damage_taken":0,"relics_obtained":["MutagenicStrength"],"max_hp_gain":0,"max_hp_loss":0,"event_name":"Drug Dealer","floor":22,"gold_loss":0}],"is_beta":false,"boss_relics":[{"not_picked":["Eternal Feather","Ectoplasm","Astrolabe"]}],"items_purged_floors":[5],"is_endless":false,"potions_floor_spawned":[1,8,14,16,18],"killed_by":"Book of Stabbing","ascension_level":3}