{"gold_per_floor":[115,133,19,30,45,78,78,110,110,143,154,154,168,185,185,282,282,302,212,212,212],"floor_reached":21,"playtime":1597,"items_purged":[],"score":221,"play_id":"ddec1c44-2873-44e0-8d9b-d5291630dd78","local_time":"20190318130641","is_ascension_mode":true,"campfire_choices":[{"floor":7,"key":"REST"},{"floor":15,"key":"REST"}],"neow_cost":"NONE","seed_source_timestamp":1853447954351299,"circlet_count":0,"master_deck":["Strike_B","Strike_B","Strike_B","Strike_B","Defend_B","Defend_B","Defend_B","Defend_B","Zap","Dualcast","Glacier","Glacier","Sunder","Darkness","Go for the Eyes","Echo Form","Self Repair","Meteor Strike","Loop","Meteor Strike"],"relics":["Cracked Core","NeowsBlessing","Gremlin Horn","Bottled Flame","Symbiotic Virus","Letter Opener","Black Star","Boot"],"potions_floor_usage":[18,19],"damage_taken":[{"damage":0,"enemies":"Small Slimes","floor":1,"turns":1},{"damage":0,"enemies":"Cultist","floor":2,"turns":1},{"damage":0,"enemies":"2 Louse","floor":4,"turns":1},{"damage":4,"enemies":"2 Fungi Beasts","floor":5,"turns":3},{"damage":19,"enemies":"Lagavulin","floor":6,"turns":9},{"damage":17,"enemies":"3 Sentries","floor":8,"turns":10},{"damage":19,"enemies":"Gremlin Nob","floor":10,"turns":4},{"damage":7,"enemies":"Large Slime","floor":11,"turns":5},{"damage":5,"enemies":"Exordium Thugs","floor":13,"turns":5},{"damage":0,"enemies":"2 Fungi Beasts","floor":14,"turns":2},{"damage":29,"enemies":"Slime Boss","floor":16,"turns":16},{"damage":1,"enemies":"3 Byrds","floor":18,"turns":3},{"damage":46,"enemies":"2 Thieves","floor":19,"turns":5},{"damage":36,"enemies":"Snake Plant","floor":21,"turns":3}],"seed_played":"5047603647378621739","potions_obtained":[{"floor":1,"key":"GamblersBrew"},{"floor":2,"key":"Block Potion"},{"floor":5,"key":"LiquidBronze"},{"floor":13,"key":"Ancient Potion"},{"floor":16,"key":"SteroidPotion"}],"is_trial":false,"path_per_floor":["M","M","$","M","M","E","R","E","T","E","M","?","M","M","R","B",null,"M","M","?","M"],"character_chosen":"DEFECT","items_purchased":["Sunder","Darkness"],"campfire_rested":2,"item_purchase_floors":[3,3],"current_hp_per_floor":[75,75,75,75,71,52,74,57,57,45,45,45,47,47,69,40,75,74,35,35,0],"gold":212,"neow_bonus":"THREE_ENEMY_KILL","is_prod":false,"is_daily":false,"chose_seed":false,"campfire_upgraded":0,"win_rate":0,"timestamp":1552925201,"path_taken":["M","M","$","M","M","E","R","E","T","E","M","?","M","M","R","BOSS","M","M","?","M"],"build_version":"2019-01-23","purchased_purges":0,"victory":false,"max_hp_per_floor":[75,75,75,75,75,75,75,75,75,75,75,75,75,75,75,75,75,75,75,75,75],"card_choices":[{"not_picked":["Scrape","Rip and Tear"],"picked":"Glacier","floor":1},{"not_picked":["Skim","Doom and Gloom"],"picked":"Glacier","floor":2},{"not_picked":["Ball Lightning","Compile Driver"],"picked":"Go for the Eyes","floor":4},{"not_picked":["Fission","Beam Cell"],"picked":"Fusion","floor":5},{"not_picked":["Lockon","Cold Snap"],"picked":"Echo Form","floor":6},{"not_picked":["Conserve Battery","Aggregate"],"picked":"Self Repair","floor":8},{"not_picked":["Loop","Rebound"],"picked":"Meteor Strike","floor":10},{"not_picked":["Stack","Beam Cell","Cold Snap"],"picked":"SKIP","floor":11},{"not_picked":["Go for the Eyes","Compile Driver"],"picked":"Loop","floor":13},{"not_picked":["Barrage","Cold Snap","Steam"],"picked":"SKIP","floor":14},{"not_picked":["Machine Learning","Reboot"],"picked":"Meteor Strike","floor":16},{"not_picked":["Static Discharge","Steam+1","Coolheaded+1"],"picked":"SKIP","floor":18},{"not_picked":["Barrage","Conserve Battery","Beam Cell"],"picked":"SKIP","floor":19}],"player_experience":90429,"relics_obtained":[{"floor":6,"key":"Gremlin Horn"},{"floor":8,"key":"Bottled Flame"},{"floor":9,"key":"Symbiotic Virus"},{"floor":10,"key":"Letter Opener"}],"event_choices":[{"cards_removed":["Fusion"],"damage_healed":0,"gold_gain":0,"player_choice":"Purged","damage_taken":0,"max_hp_gain":0,"max_hp_loss":0,"event_name":"Purifier","floor":12,"gold_loss":0},{"damage_healed":0,"gold_gain":0,"player_choice":"Opened","damage_taken":0,"relics_obtained":["Boot"],"max_hp_gain":0,"max_hp_loss":0,"event_name":"The Mausoleum","floor":20,"gold_loss":0}],"is_beta":false,"boss_relics":[{"not_picked":["Runic Dome","Astrolabe"],"picked":"Black Star"}],"items_purged_floors":[],"is_endless":false,"potions_floor_spawned":[1,2,5,13,16],"killed_by":"Snake Plant","ascension_level":2}