{"gold_per_floor":[109,109,109,123,141,141,153,172,172,199,199,21,21,33,33,131,131,143,143,48,48,48,48,59,59,59,59,59,59,85,104,104,104],"floor_reached":33,"playtime":3432,"items_purged":[],"score":263,"play_id":"49591505-199d-4a54-88cd-6a19c2dabf7f","local_time":"20190204154751","is_ascension_mode":false,"campfire_choices":[{"data":"Heavy Blade","floor":6,"key":"SMITH"},{"floor":13,"key":"REST"},{"data":"Heavy Blade","floor":15,"key":"SMITH"},{"floor":23,"key":"REST"},{"floor":25,"key":"REST"},{"data":"Clash","floor":27,"key":"SMITH"},{"floor":32,"key":"REST"}],"neow_cost":"NONE","seed_source_timestamp":418616252477367,"circlet_count":0,"master_deck":["Strike_R","Strike_R","Strike_R","Strike_R","Strike_R","Defend_R","Defend_R","Defend_R","Defend_R","Perfected Strike","Flex","Clash+1","Heavy Blade+1","Battle Trance+1","Pummel","Dual Wield","Secret Weapon","Heavy Blade+1","Reaper","Infernal Blade+1","Clash+1","Shrug It Off","J.A.X.","Shrug It Off","Shame","Dual Wield","Cleave+1"],"relics":["Burning Blood","Vajra","Lantern","Question Card","Lizard Tail","Nilry\u0027s Codex","Kunai","Happy Flower","Juzu Bracelet"],"potions_floor_usage":[16,16,33,33],"damage_taken":[{"damage":2,"enemies":"2 Louse","floor":1,"turns":3},{"damage":1,"enemies":"Cultist","floor":4,"turns":3},{"damage":1,"enemies":"Jaw Worm","floor":5,"turns":2},{"damage":0,"enemies":"Large Slime","floor":7,"turns":4},{"damage":7,"enemies":"Blue Slaver","floor":8,"turns":3},{"damage":17,"enemies":"3 Sentries","floor":10,"turns":7},{"damage":12,"enemies":"Exordium Wildlife","floor":14,"turns":4},{"damage":26,"enemies":"The Guardian","floor":16,"turns":11},{"damage":26,"enemies":"3 Byrds","floor":18,"turns":7},{"damage":33,"enemies":"Shell Parasite","floor":24,"turns":4},{"damage":56,"enemies":"Gremlin Leader","floor":30,"turns":6},{"damage":29,"enemies":"Snecko","floor":31,"turns":6},{"damage":118,"enemies":"Automaton","floor":33,"turns":10}],"seed_played":"7860823480618520758","potions_obtained":[{"floor":1,"key":"FearPotion"},{"floor":5,"key":"PowerPotion"},{"floor":8,"key":"Dexterity Potion"},{"floor":18,"key":"Poison Potion"},{"floor":31,"key":"Dexterity Potion"}],"is_trial":false,"path_per_floor":["M","?","?","M","M","R","M","M","T","E","?","$","R","M","R","B",null,"M","?","$","?","$","R","M","R","T","R","$","?","E","M","R","B"],"character_chosen":"IRONCLAD","items_purchased":["Secret Weapon","Clash","Shrug It Off"],"campfire_rested":4,"item_purchase_floors":[12,20,20],"current_hp_per_floor":[80,85,85,85,85,85,85,84,84,73,56,56,81,75,75,55,85,72,56,56,56,56,81,54,79,79,79,79,79,34,16,41,0],"gold":104,"neow_bonus":"TRANSFORM_CARD","is_prod":false,"is_daily":false,"chose_seed":false,"campfire_upgraded":3,"win_rate":0.0,"timestamp":1549324071,"path_taken":["M","?","?","M","?","R","M","?","T","E","?","$","R","M","R","BOSS","M","?","$","?","?","R","M","R","T","R","?","?","E","M","R","BOSS"],"build_version":"2019-01-23","purchased_purges":0,"victory":false,"max_hp_per_floor":[80,85,85,85,85,85,85,85,85,85,85,85,85,85,85,85,85,85,85,85,85,85,85,85,85,85,85,85,85,85,85,85,85],"card_choices":[{"not_picked":["Rupture","Spot Weakness"],"picked":"Flex","floor":1},{"not_picked":["Spot Weakness","Uppercut"],"picked":"Clash","floor":4},{"not_picked":["Pommel Strike","Burning Pact"],"picked":"Heavy Blade","floor":5},{"not_picked":["Iron Wave","Headbutt"],"picked":"Battle Trance","floor":7},{"not_picked":["Body Slam","Warcry"],"picked":"Pummel","floor":8},{"not_picked":["Sever Soul","Carnage"],"picked":"Dual Wield","floor":10},{"not_picked":["Shrug It Off","Armaments","Sword Boomerang"],"picked":"Heavy Blade","floor":14},{"not_picked":["Berserk","Juggernaut","Dark Embrace"],"picked":"Reaper","floor":16},{"not_picked":["Pummel","Body Slam","Heavy Blade"],"picked":"Infernal Blade+1","floor":18},{"not_picked":["Power Through+1","Uppercut","Warcry"],"picked":"Shrug It Off","floor":24},{"not_picked":["Power Through+1","Disarm+1","Headbutt"],"picked":"Dual Wield","floor":30},{"not_picked":["Clothesline","Thunderclap","Sword Boomerang"],"picked":"Cleave+1","floor":31}],"player_experience":7843,"relics_obtained":[{"floor":9,"key":"Lantern"},{"floor":10,"key":"Question Card"},{"floor":19,"key":"Nilry\u0027s Codex"},{"floor":26,"key":"Kunai"},{"floor":30,"key":"Juzu Bracelet"}],"event_choices":[{"damage_healed":0,"gold_gain":0,"player_choice":"Donut","damage_taken":0,"max_hp_gain":5,"max_hp_loss":0,"event_name":"Big Fish","floor":2,"gold_loss":0},{"damage_healed":0,"gold_gain":0,"player_choice":"Gave Potion","damage_taken":0,"relics_obtained":["Vajra"],"max_hp_gain":0,"max_hp_loss":0,"event_name":"WeMeetAgain","floor":3,"gold_loss":0},{"damage_healed":0,"gold_gain":0,"player_choice":"Entered Light","damage_taken":17,"max_hp_gain":0,"max_hp_loss":0,"event_name":"Shining Light","floor":11,"gold_loss":0,"cards_upgraded":["Clash","Battle Trance"]},{"damage_healed":0,"gold_gain":0,"player_choice":"Obtained Book","damage_taken":16,"max_hp_gain":0,"max_hp_loss":0,"event_name":"Cursed Tome","floor":19,"gold_loss":0},{"damage_healed":0,"gold_gain":0,"player_choice":"Obtain J.A.X.","damage_taken":0,"max_hp_gain":0,"max_hp_loss":0,"event_name":"Drug Dealer","floor":21,"gold_loss":0,"cards_obtained":["J.A.X."]},{"damage_healed":0,"gold_gain":0,"player_choice":"Stole Relic","damage_taken":0,"relics_obtained":["Happy Flower"],"max_hp_gain":0,"max_hp_loss":0,"event_name":"Addict","floor":29,"gold_loss":0,"cards_obtained":["Shame"]}],"is_beta":false,"boss_relics":[{"not_picked":["Mark of Pain","Ectoplasm"],"picked":"Lizard Tail"}],"items_purged_floors":[],"is_endless":false,"potions_floor_spawned":[1,5,8,18,31],"killed_by":"Automaton","ascension_level":0}