{"gold_per_floor":[364,48,66,86,106,106,116,116,161,195,206,206,234,250,250,324,324,339,349,349,361,361,361,372,372,372,372,405,405,420,434,434,513,513,532,807,478,495,48,48,379,379,402,22,51,71,86,29,29,29],"floor_reached":51,"playtime":4289,"items_purged":["Regret"],"score":1417,"play_id":"045b8c16-f86b-4fdb-9a26-137811933845","local_time":"20190320222403","is_ascension_mode":true,"campfire_choices":[{"data":"Havoc","floor":6.0,"key":"SMITH"},{"data":"Warcry","floor":8.0,"key":"SMITH"},{"data":"Cleave","floor":12.0,"key":"SMITH"},{"floor":15.0,"key":"REST"},{"data":"Armaments","floor":25.0,"key":"SMITH"},{"floor":27.0,"key":"REST"},{"floor":32.0,"key":"REST"},{"floor":40.0,"key":"REST"},{"data":"Burning Pact","floor":42.0,"key":"SMITH"},{"data":"Sentinel","floor":49.0,"key":"SMITH"}],"neow_cost":"CURSE","seed_source_timestamp":0,"circlet_count":0,"master_deck":["AscendersBane","Strike_R","Strike_R","Strike_R","Defend_R","Defend_R","Defend_R","Defend_R","Bash","Clumsy","Cleave+1","Havoc+1","Sentinel+1","Metallicize","Warcry+1","Wild Strike","Disarm","Evolve+1","Seeing Red","Reaper","Metallicize+1","Dual Wield+1","Jack Of All Trades","Dark Shackles","Flash of Steel","Burning Pact+1","Armaments+1","Armaments+1","Demon Form+1","Headbutt","Warcry+1","Dark Embrace+1","Shrug It Off+1","Feel No Pain+1","Bludgeon","Sever Soul","Feel No Pain+1"],"special_seed":0,"relics":["Burning Blood","Charon\u0027s Ashes","Bag of Marbles","Frozen Egg 2","Vajra","Snecko Eye","Question Card","Darkstone Periapt","Champion Belt","Empty Cage","Happy Flower","Meat on the Bone","Old Coin","Regal Pillow","Toolbox","Bag of Preparation","Torii"],"potions_floor_usage":[50,50],"damage_taken":[{"damage":10.0,"enemies":"2 Louse","floor":1.0,"turns":3.0},{"damage":6.0,"enemies":"Cultist","floor":3.0,"turns":3.0},{"damage":0.0,"enemies":"Small Slimes","floor":4.0,"turns":2.0},{"damage":16.0,"enemies":"Blue Slaver","floor":5.0,"turns":5.0},{"damage":2.0,"enemies":"Gremlin Gang","floor":7.0,"turns":4.0},{"damage":41.0,"enemies":"Gremlin Nob","floor":10.0,"turns":5.0},{"damage":1.0,"enemies":"Exordium Wildlife","floor":11.0,"turns":3.0},{"damage":21.0,"enemies":"3 Sentries","floor":13.0,"turns":5.0},{"damage":1.0,"enemies":"Lots of Slimes","floor":14.0,"turns":2.0},{"damage":42.0,"enemies":"Hexaghost","floor":16.0,"turns":12.0},{"damage":34.0,"enemies":"2 Thieves","floor":18.0,"turns":4.0},{"damage":17.0,"enemies":"Shell Parasite","floor":19.0,"turns":7.0},{"damage":25.0,"enemies":"Cultist and Chosen","floor":21.0,"turns":5.0},{"damage":14.0,"enemies":"Centurion and Healer","floor":24.0,"turns":7.0},{"damage":31.0,"enemies":"Book of Stabbing","floor":28.0,"turns":7.0},{"damage":18.0,"enemies":"Snake Plant","floor":30.0,"turns":6.0},{"damage":7.0,"enemies":"Sentry and Sphere","floor":31.0,"turns":6.0},{"damage":44.0,"enemies":"Collector","floor":33.0,"turns":9.0},{"damage":69.0,"enemies":"3 Darklings","floor":35.0,"turns":5.0},{"damage":7.0,"enemies":"Orb Walker","floor":38.0,"turns":7.0},{"damage":43.0,"enemies":"Nemesis","floor":41.0,"turns":5.0},{"damage":0.0,"enemies":"Reptomancer","floor":45.0,"turns":3.0},{"damage":14.0,"enemies":"Writhing Mass","floor":46.0,"turns":6.0},{"damage":38.0,"enemies":"Transient","floor":47.0,"turns":6.0},{"damage":66,"enemies":"Awakened One","floor":50,"turns":9}],"seed_played":"-8658747736020946014","potions_obtained":[{"floor":7.0,"key":"FairyPotion"},{"floor":10.0,"key":"Energy Potion"},{"floor":13.0,"key":"Fire Potion"},{"floor":16.0,"key":"Regen Potion"},{"floor":18.0,"key":"GamblersBrew"},{"floor":24.0,"key":"Regen Potion"},{"floor":31.0,"key":"Energy Potion"},{"floor":41.0,"key":"Fire Potion"},{"floor":46.0,"key":"Fire Potion"},{"floor":47.0,"key":"LiquidBronze"}],"is_trial":false,"path_per_floor":["M","$","M","M","M","R","M","R","T","E","M","R","E","M","R","B",null,"M","M","?","M","?","T","M","R","T","R","E","?","M","M","R","B",null,"M","?","$","M","$","R","E","R","T","$","E","M","M","$","R","B",null],"character_chosen":"IRONCLAD","items_purchased":["Charon\u0027s Ashes","Feel No Pain+1","Happy Flower","SteroidPotion","Meat on the Bone","Bludgeon","Toolbox","Bag of Preparation","PowerPotion"],"campfire_rested":4,"item_purchase_floors":[2,37,37,37,39,39,44,44,48],"current_hp_per_floor":[64,64,64,70,60,60,64,64,64,29,34,34,19,24,46,10,59,45,49,21,16,16,16,29,29,29,51,50,29,17,16,40,24,66,20,26,26,39,39,64,39,39,39,39,57,86,79,79,79,31],"gold":29,"neow_bonus":"TWO_FIFTY_GOLD","is_prod":false,"is_daily":false,"chose_seed":false,"campfire_upgraded":6,"win_rate":0,"timestamp":1553088243,"path_taken":["M","$","M","M","M","R","M","R","T","E","M","R","E","M","R","BOSS","M","M","?","?","?","?","?","R","T","R","E","?","M","M","R","BOSS","M","?","$","?","?","R","E","R","T","$","E","?","M","$","R","BOSS"],"build_version":"2019-01-23","purchased_purges":1,"victory":true,"max_hp_per_floor":[75,75,75,75,75,75,75,75,75,75,75,75,75,75,75,75,75,75,75,75,75,75,75,75,75,75,75,75,80,80,80,80,80,80,80,86,86,86,86,86,86,86,86,86,86,86,86,86,86,86],"card_choices":[{"not_picked":["Perfected Strike","Spot Weakness"],"picked":"Cleave","floor":1.0},{"not_picked":["Clash","Blood for Blood"],"picked":"Havoc","floor":3.0},{"not_picked":["Sever Soul","Perfected Strike"],"picked":"Sentinel","floor":4.0},{"not_picked":["Havoc","Spot Weakness"],"picked":"Metallicize","floor":5.0},{"not_picked":["Clothesline","Anger"],"picked":"Warcry","floor":7.0},{"not_picked":["Hemokinesis","Clash"],"picked":"Wild Strike","floor":10.0},{"not_picked":["Anger","Brutality+1"],"picked":"Disarm","floor":11.0},{"not_picked":["Cleave","Heavy Blade"],"picked":"Evolve+1","floor":13.0},{"not_picked":["Power Through","Body Slam"],"picked":"Seeing Red","floor":14.0},{"not_picked":["Limit Break","Juggernaut+1"],"picked":"Reaper","floor":16.0},{"not_picked":["Sword Boomerang+1","Searing Blow"],"picked":"Metallicize+1","floor":18.0},{"not_picked":["Perfected Strike","Flex"],"picked":"Dual Wield+1","floor":19.0},{"not_picked":["Pummel","True Grit"],"picked":"Burning Pact","floor":21.0},{"not_picked":["Body Slam","Sword Boomerang","Rampage"],"picked":"Armaments+1","floor":24.0},{"not_picked":["Headbutt","Anger","Warcry"],"picked":"Demon Form+1","floor":28.0},{"not_picked":["Flex","Fire Breathing+1","Cleave"],"picked":"Headbutt","floor":30.0},{"not_picked":["Havoc","Thunderclap","Carnage"],"picked":"Warcry+1","floor":31.0},{"not_picked":["Fiend Fire","Exhume","Double Tap"],"picked":"Dark Embrace+1","floor":33.0},{"not_picked":["Twin Strike+1","Havoc+1","Battle Trance"],"picked":"Shrug It Off+1","floor":35.0},{"not_picked":["Flex","Reckless Charge+1","Thunderclap","Perfected Strike"],"picked":"SKIP","floor":38.0},{"not_picked":["Power Through","Pommel Strike+1","Havoc"],"picked":"Sever Soul","floor":41.0},{"not_picked":["Whirlwind","Clash","Anger"],"picked":"Feel No Pain+1","floor":45.0},{"not_picked":["Armaments+1","Heavy Blade","Twin Strike","Rage"],"picked":"SKIP","floor":46.0},{"not_picked":["Hemokinesis","Sword Boomerang+1","Flex","Juggernaut+1"],"picked":"SKIP","floor":47.0}],"player_experience":470036,"relics_obtained":[{"floor":9.0,"key":"Bag of Marbles"},{"floor":10.0,"key":"Frozen Egg 2"},{"floor":13.0,"key":"Vajra"},{"floor":23.0,"key":"Question Card"},{"floor":26.0,"key":"Darkstone Periapt"},{"floor":28.0,"key":"Champion Belt"},{"floor":41.0,"key":"Old Coin"},{"floor":43.0,"key":"Regal Pillow"},{"floor":45.0,"key":"Torii"}],"event_choices":[{"damage_healed":0.0,"max_hp_gain":0.0,"max_hp_loss":0.0,"gold_gain":0.0,"event_name":"Knowing Skull","player_choice":"CARD CARD CARD ","floor":20.0,"potions_obtained":[],"gold_loss":0.0,"damage_taken":28.0,"cards_obtained":["Jack Of All Trades","Dark Shackles","Flash of Steel"]},{"damage_healed":0.0,"max_hp_gain":0.0,"max_hp_loss":0.0,"gold_gain":0.0,"event_name":"The Library","player_choice":"Read","floor":22.0,"gold_loss":0.0,"damage_taken":0.0,"cards_obtained":["Armaments"]},{"damage_healed":0.0,"max_hp_gain":5.0,"max_hp_loss":0.0,"gold_gain":0.0,"event_name":"Forgotten Altar","player_choice":"Shed Blood","floor":29.0,"gold_loss":0.0,"damage_taken":26.0},{"damage_healed":0.0,"max_hp_gain":0.0,"max_hp_loss":0.0,"gold_gain":275.0,"event_name":"Golden Shrine","player_choice":"Desecrate","floor":36.0,"gold_loss":0.0,"damage_taken":0.0,"cards_obtained":["Regret"]}],"is_beta":false,"boss_relics":[{"not_picked":["Black Blood","Velvet Choker"],"picked":"Snecko Eye"},{"not_picked":["White Beast Statue","Tiny House"],"picked":"Empty Cage"}],"items_purged_floors":[37],"is_endless":false,"potions_floor_spawned":[7,10,13,16,18,24,31,41,46,47],"ascension_level":17}