{"gold_per_floor":[109,109,120,140,152,185,185,185,237,250,265,265,75,85,85,188,188,206,206,68,82,96,96,21,21,21,49,68,126,126,137,137,137],"floor_reached":33,"playtime":697,"items_purged":[],"score":314,"play_id":"73d8ad52-1b9f-44fc-826f-2fc16ccdfcbd","local_time":"20180911161016","is_ascension_mode":false,"campfire_choices":[{"data":"Flex","floor":7.0,"key":"SMITH"},{"data":"Flex","floor":12,"key":"SMITH"},{"data":"Demon Form","floor":15,"key":"SMITH"},{"data":"Limit Break","floor":23,"key":"SMITH"},{"data":"Panacea","floor":25,"key":"SMITH"},{"data":"Sword Boomerang","floor":30,"key":"SMITH"},{"data":"Armaments","floor":32,"key":"SMITH"}],"neow_cost":"NONE","seed_source_timestamp":61637162816713,"circlet_count":0,"master_deck":["Strike_R","Strike_R","Strike_R","Defend_R","Defend_R","Defend_R","Defend_R","Bash","Headbutt","Twin Strike","Uppercut","Flex+1","Flex+1","Rupture","Flame Barrier","Panacea+1","Demon Form+1","Limit Break+1","Twin Strike","Armaments+1","Decay","Hemokinesis","Sword Boomerang+1"],"special_seed":0,"relics":["Burning Blood","The Courier","Red Skull","Potion Belt","Anchor","Cursed Key","PreservedInsect","Matryoshka","Strawberry","Tiny Chest"],"potions_floor_usage":[18,29,29,33],"damage_taken":[{"damage":5.0,"enemies":"2 Louse","floor":1.0,"turns":2.0},{"damage":18.0,"enemies":"Jaw Worm","floor":3.0,"turns":3.0},{"damage":0.0,"enemies":"Small Slimes","floor":4.0,"turns":2.0},{"damage":12.0,"enemies":"Looter","floor":5.0,"turns":3.0},{"damage":3.0,"enemies":"Gremlin Nob","floor":6.0,"turns":2.0},{"damage":5,"enemies":"Blue Slaver","floor":10,"turns":2},{"damage":21,"enemies":"Large Slime","floor":11,"turns":5},{"damage":9,"enemies":"2 Fungi Beasts","floor":14,"turns":3},{"damage":32,"enemies":"The Guardian","floor":16,"turns":6},{"damage":8,"enemies":"Spheric Guardian","floor":18,"turns":4},{"damage":10,"enemies":"2 Thieves","floor":21,"turns":3},{"damage":15,"enemies":"Snake Plant","floor":22,"turns":4},{"damage":7,"enemies":"Gremlin Leader","floor":27,"turns":4},{"damage":15,"enemies":"Centurion and Healer","floor":28,"turns":4},{"damage":21,"enemies":"Slavers","floor":29,"turns":3},{"damage":19,"enemies":"Cultist and Chosen","floor":31,"turns":5},{"damage":34,"enemies":"Collector","floor":33,"turns":3}],"seed_played":"-2902515738768376496","potions_obtained":[{"floor":3.0,"key":"AttackPotion"},{"floor":4.0,"key":"AttackPotion"},{"floor":6.0,"key":"AttackPotion"},{"floor":10,"key":"SpeedPotion"},{"floor":16,"key":"EssenceOfSteel"},{"floor":22,"key":"Explosive Potion"},{"floor":28,"key":"Swift Potion"},{"floor":29,"key":"SpeedPotion"}],"is_trial":false,"path_per_floor":["M","?","M","M","M","E","R","?","T","M","M","R","$","M","R","B",null,"M","?","$","M","M","R","?","R","T","E","M","E","R","M","R"],"character_chosen":"IRONCLAD","items_purchased":["Anchor","Panacea","PreservedInsect","Armaments"],"campfire_rested":0,"item_purchase_floors":[13,13,20,20],"current_hp_per_floor":[80,80,68,74,68,71,71,59,59,60,45,45,45,42,42,16,80,78,78,78,74,65,65,65,65,65,71,62,47,47,34,34,0],"gold":137,"neow_bonus":"REMOVE_CARD","is_prod":false,"is_daily":false,"chose_seed":false,"campfire_upgraded":7,"win_rate":0,"timestamp":1536703816,"path_taken":["M","?","M","M","M","E","R","?","T","M","M","R","$","M","R","BOSS","M","?","$","M","M","R","?","R","T","E","?","E","R","M","R","BOSS"],"build_version":"2018-09-06","purchased_purges":0,"victory":false,"max_hp_per_floor":[80,80,80,80,80,80,80,80,80,80,80,80,80,80,80,80,80,80,80,80,80,80,80,80,80,80,87,87,87,87,87,87,87],"card_choices":[{"not_picked":["Heavy Blade","Clash"],"picked":"Headbutt","floor":1.0},{"not_picked":["Wild Strike","Carnage"],"picked":"Twin Strike","floor":3.0},{"not_picked":["Anger","Heavy Blade"],"picked":"Uppercut","floor":4.0},{"not_picked":["Clothesline","Iron Wave"],"picked":"Flex","floor":5.0},{"not_picked":["Uppercut","Havoc"],"picked":"Flex","floor":6.0},{"not_picked":["Headbutt","Sentinel"],"picked":"Rupture","floor":10},{"not_picked":["Anger","Headbutt"],"picked":"Flame Barrier","floor":11},{"not_picked":["Burning Pact","Warcry"],"picked":"Demon Form","floor":14},{"not_picked":["Brutality","Demon Form"],"picked":"Limit Break","floor":16},{"not_picked":["Burning Pact","Havoc"],"picked":"Twin Strike","floor":18},{"not_picked":["Clash","Entrench+1","Rupture"],"picked":"SKIP","floor":21},{"not_picked":["Cleave","Perfected Strike","Wild Strike"],"picked":"SKIP","floor":22},{"not_picked":["Body Slam","Pommel Strike+1"],"picked":"Hemokinesis","floor":27},{"not_picked":["Cleave","Body Slam+1"],"picked":"Sword Boomerang","floor":28},{"not_picked":["Reckless Charge","Warcry","Cleave+1"],"picked":"SKIP","floor":29},{"not_picked":["Wild Strike+1","Impervious","Sentinel"],"picked":"SKIP","floor":31}],"player_experience":473507,"relics_obtained":[{"floor":6.0,"key":"The Courier"},{"floor":9,"key":"Potion Belt"},{"floor":26,"key":"Matryoshka"},{"floor":27,"key":"Strawberry"},{"floor":29,"key":"Tiny Chest"}],"event_choices":[{"event_name":"Liars Game","player_choice":"disagreed","floor":2.0,"damage_taken":0.0},{"event_name":"Scrap Ooze","player_choice":"success","floor":8,"damage_taken":12},{"event_name":"Vampires","player_choice":"Ignored","floor":19,"damage_taken":0},{"event_name":"Beggar","player_choice":"Gave Gold","floor":24,"damage_taken":0}],"is_beta":false,"boss_relics":[{"not_picked":["Orrery","Runic Cube"],"picked":"Cursed Key"}],"items_purged_floors":[],"is_endless":false,"potions_floor_spawned":[3,4,6,10,16,22,28,29],"killed_by":"Collector","ascension_level":0}