{"gold_per_floor":[119,10,10,10,0,0,16,56,56,56,22,22,37,68,68,68],"floor_reached":16,"playtime":676,"items_purged":["Strike_R"],"score":133,"play_id":"154ac807-0c0b-4765-8f1d-8403a1b01ab4","local_time":"20190312220442","is_ascension_mode":true,"campfire_choices":[{"data":"Metallicize","floor":6,"key":"SMITH"},{"floor":10,"key":"REST"},{"floor":15,"key":"REST"}],"neow_cost":"NONE","seed_source_timestamp":49358468313097,"circlet_count":0,"master_deck":["Strike_R","Strike_R+1","Strike_R","Strike_R","Defend_R","Defend_R","Defend_R","Defend_R+1","Bash","Metallicize+1","Flame Barrier","Power Through","Entrench","Warcry"],"relics":["Burning Blood","Golden Idol","Prayer Wheel","Meat on the Bone","Charon\u0027s Ashes"],"potions_floor_usage":[8,8,14,14,14,16,16],"damage_taken":[{"damage":14,"enemies":"Jaw Worm","floor":1,"turns":6},{"damage":9,"enemies":"Small Slimes","floor":7,"turns":6},{"damage":18,"enemies":"3 Sentries","floor":8,"turns":13},{"damage":0,"enemies":"Cultist","floor":13,"turns":5},{"damage":50,"enemies":"Lagavulin","floor":14,"turns":16},{"damage":70,"enemies":"The Guardian","floor":16,"turns":17}],"seed_played":"8434262584418783801","potions_obtained":[{"floor":0,"key":"Swift Potion"},{"floor":0,"key":"Poison Potion"},{"floor":0,"key":"Fire Potion"},{"floor":7,"key":"EntropicBrew"},{"floor":13,"key":"Ancient Potion"}],"is_trial":false,"path_per_floor":["?","?","?"],"character_chosen":"IRONCLAD","items_purchased":["Metallicize","Power Through"],"campfire_rested":2,"item_purchase_floors":[2,11],"current_hp_per_floor":[72,72,72,72,72,72,69,57,57,74,74,59,65,33,55,0],"gold":68,"neow_bonus":"THREE_SMALL_POTIONS","is_prod":false,"is_daily":false,"chose_seed":false,"campfire_upgraded":1,"win_rate":0,"timestamp":1552424682,"path_taken":["M","$","?","$","?","R","M","E","T","R","$","?","M","E","R","BOSS"],"build_version":"2019-01-23","purchased_purges":1,"victory":false,"max_hp_per_floor":[80,80,74,74,74,74,74,74,74,74,74,74,74,74,74,74],"card_choices":[{"not_picked":["Sword Boomerang","Hemokinesis","Intimidate"],"picked":"SKIP","floor":1},{"not_picked":["Sword Boomerang","Rupture"],"picked":"Flame Barrier","floor":7},{"not_picked":["Dual Wield","Spot Weakness","Combust"],"picked":"SKIP","floor":8},{"not_picked":["Armaments","Clash"],"picked":"Entrench","floor":13},{"not_picked":["Sword Boomerang","Burning Pact","Dropkick"],"picked":"SKIP","floor":13},{"not_picked":["Twin Strike","Thunderclap"],"picked":"Warcry","floor":14}],"player_experience":251079,"relics_obtained":[{"floor":8,"key":"Prayer Wheel"},{"floor":9,"key":"Meat on the Bone"},{"floor":14,"key":"Charon\u0027s Ashes"}],"event_choices":[{"damage_healed":0,"gold_gain":0,"player_choice":"Lose Max HP","damage_taken":0,"relics_obtained":["Golden Idol"],"max_hp_gain":0,"max_hp_loss":6,"event_name":"Golden Idol","floor":3,"gold_loss":0},{"damage_healed":0,"gold_gain":0,"player_choice":"Left Gold","damage_taken":0,"max_hp_gain":0,"max_hp_loss":0,"event_name":"World of Goop","floor":5,"gold_loss":10},{"damage_healed":0,"gold_gain":0,"player_choice":"Entered Light","damage_taken":15,"max_hp_gain":0,"max_hp_loss":0,"event_name":"Shining Light","floor":12,"gold_loss":0,"cards_upgraded":["Strike_R","Defend_R"]}],"is_beta":false,"boss_relics":[],"items_purged_floors":[2],"is_endless":false,"potions_floor_spawned":[7,13],"killed_by":"The Guardian","ascension_level":5}