{"path_per_floor":["M","?","M","?","M","M","M","?","T","M","M","M","R","M","R","B",null,"M","?","?","$","M","R","$","?","T","?","T","$","R","M","R","B",null,"M","?","?","M"],"character_chosen":"IRONCLAD","items_purchased":["Apotheosis","Disarm","Whirlwind","Hemokinesis","Seeing Red","Twin Strike"],"gold_per_floor":[113,113,130,130,144,161,180,237,237,247,261,280,280,293,293,393,393,412,412,412,153,171,171,135,350,398,398,398,197,197,215,215,320,320,330,360,360,379],"floor_reached":39,"campfire_rested":3,"playtime":2327,"current_hp_per_floor":[80,73,76,76,74,69,60,43,43,24,24,15,39,27,51,13,80,30,90,90,90,76,76,76,76,76,76,76,76,76,53,80,31,90,43,43,43,18],"items_purged":[],"gold":379,"play_id":"9211da80-8190-4a51-a633-300ba7587f71","is_prod":false,"is_daily":false,"campfire_rituals":0,"campfire_upgraded":2,"is_hardmode":false,"path_taken":["M","?","M","?","?","M","M","?","T","?","M","M","R","M","R","BOSS","M","?","?","$","M","R","$","?","T","?","?","?","R","M","R","BOSS","M","?","?","?","?"],"build_version":"2018-01-18-PROD4","purchased_purges":0,"victory":false,"master_deck":["Strike_R","Strike_R","Strike_R","Strike_R","Defend_R","Defend_R","Defend_R","Bash","Shrug It Off","Shockwave","Sword Boomerang","Power Through","Seeing Red","Perfected Strike","Clothesline","Flame Barrier","Demon Form","Heavy Blade","Demon Form","Apotheosis","Disarm","Pommel Strike","Whirlwind","Hemokinesis","Seeing Red","Twin Strike","Juggernaut","Limit Break","Rampage","Headbutt"],"max_hp_per_floor":[80,80,80,80,80,80,80,80,80,80,80,80,80,80,80,80,80,80,90,90,90,90,90,90,90,90,90,90,90,90,90,90,90,90,90,90,90,90],"relics":["Burning Blood","Smiling Mask","Matryoshka","Lizard Tail","Old Coin","Toolbox","Pen Nib","Kunai","Frozen Eye","Black Star","Tiny Chest"],"campfire_meditates":0,"card_choices":[{"not_picked":["Twin Strike","Clash"],"picked":"Shrug It Off"},{"not_picked":["Twin Strike","Thunderclap"],"picked":"Shockwave"},{"not_picked":["Heavy Blade","Feel No Pain"],"picked":"Sword Boomerang"},{"not_picked":["Flex","Thunderclap"],"picked":"Power Through"},{"not_picked":["Armaments","Power Through"],"picked":"Seeing Red"},{"not_picked":["Headbutt","Clash"],"picked":"Perfected Strike"},{"not_picked":["Brutality","Body Slam"],"picked":"Clothesline"},{"not_picked":["Anger","Twin Strike"],"picked":"Headbutt"},{"not_picked":["Warcry","Searing Blow"],"picked":"Flame Barrier"},{"not_picked":["Flex","Cleave"],"picked":"Demon Form"},{"not_picked":["Barricade","Offering"],"picked":"Bludgeon"},{"not_picked":["Fire Breathing","Flame Barrier"],"picked":"Heavy Blade"},{"not_picked":["Clash","True Grit"],"picked":"Pommel Strike"},{"not_picked":["Perfected Strike","Flex"],"picked":"Juggernaut"},{"not_picked":["Demon Form","Fiend Fire"],"picked":"Limit Break"},{"not_picked":["Infernal Blade","Sword Boomerang"],"picked":"Rampage"},{"not_picked":["Warcry","Flame Barrier"],"picked":"Headbutt"}],"player_experience":17000,"potions_floor_usage":[33,33,33],"damage_taken":[{"damage":5,"enemies":"2 Louse","floor":1,"turns":2},{"damage":3,"enemies":"Jaw Worm","floor":3,"turns":5},{"damage":8,"enemies":"Small Slimes","floor":5,"turns":3},{"damage":11,"enemies":"3 Louse","floor":6,"turns":5},{"damage":15,"enemies":"Looter","floor":7,"turns":3},{"damage":23,"enemies":"Gremlin Nob","floor":8,"turns":5},{"damage":25,"enemies":"Gremlin Gang","floor":10,"turns":6},{"damage":6,"enemies":"Exordium Thugs","floor":11,"turns":6},{"damage":15,"enemies":"3 Louse","floor":12,"turns":4},{"damage":18,"enemies":"Lots of Slimes","floor":14,"turns":5},{"damage":44,"enemies":"The Guardian","floor":16,"turns":10},{"damage":56,"enemies":"2 Thieves","floor":18,"turns":4},{"damage":20,"enemies":"Shell Parasite","floor":22,"turns":5},{"damage":29,"enemies":"Sentry and Sphere","floor":31,"turns":5},{"damage":70,"enemies":"Collector","floor":33,"turns":8},{"damage":98,"enemies":"3 Darklings","floor":35,"turns":9},{"damage":31,"enemies":"Orb Walker","floor":38,"turns":4},{"damage":21,"enemies":"3 Darklings","floor":39,"turns":2}],"event_choices":[{"event_name":"Golden Wing","player_choice":"Card Removal","floor":2,"damage_taken":0},{"event_name":"Golden Idol","player_choice":"Ignored","floor":4,"damage_taken":0},{"event_name":"Dead Adventurer","player_choice":"Searched \u00273\u0027 times","floor":8,"damage_taken":0},{"event_name":"Bonfire Elementals","player_choice":"RARE","floor":19,"damage_taken":0},{"event_name":"Duplicator","player_choice":"One dupe","floor":20,"damage_taken":0},{"event_name":"Addict","player_choice":"Obtained Relic","floor":25,"damage_taken":0},{"event_name":"Purifier","player_choice":"One Purge","floor":27,"damage_taken":0},{"event_name":"Wheel of Change","player_choice":"Relic","floor":36,"damage_taken":0}],"boss_relics":[{"not_picked":["White Beast Statue","Eternal Feather"],"picked":"Lizard Tail"},{"not_picked":["Philosopher\u0027s Stone","Cursed Key"],"picked":"Black Star"}],"potions_floor_spawned":[6,10,11,12,22,31],"seed_played":"3870595211289963438","killed_by":"3 Darklings","is_trial":false}