{"gold_per_floor":[115,130,148,168,21,21,53,53,80,80,94,94,55,87,87,188,188,200,250,35,48,61,61,61],"floor_reached":24,"playtime":881,"items_purged":["Strike_R"],"score":278,"play_id":"e2a02ce6-7eb4-4e9e-b62a-83a4e836067c","local_time":"20190318142650","is_ascension_mode":true,"campfire_choices":[{"floor":6,"key":"REST"},{"floor":10,"key":"REST"},{"floor":12,"key":"REST"},{"floor":15,"key":"REST"},{"floor":23,"key":"REST"}],"neow_cost":"NONE","seed_source_timestamp":309321598878578,"circlet_count":0,"master_deck":["Strike_R","Strike_R","Strike_R","Strike_R+1","Defend_R","Defend_R","Defend_R","Defend_R","Bash","Reaper","Sever Soul","Havoc","Sentinel","Pummel","Clash+1","Shrug It Off","Clash","Pummel","Sentinel","Spot Weakness","Warcry","Fiend Fire","Twin Strike+1","Evolve","Infernal Blade","Twin Strike","Spot Weakness","Clash"],"relics":["Burning Blood","Dream Catcher","Lantern","Ancient Tea Set","Art of War","Eternal Feather"],"potions_floor_usage":[16],"damage_taken":[{"damage":6,"enemies":"Cultist","floor":1,"turns":4},{"damage":4,"enemies":"Small Slimes","floor":2,"turns":4},{"damage":9,"enemies":"Jaw Worm","floor":3,"turns":5},{"damage":23,"enemies":"Red Slaver","floor":4,"turns":5},{"damage":56,"enemies":"Lagavulin","floor":7,"turns":7},{"damage":19,"enemies":"Exordium Thugs","floor":11,"turns":7},{"damage":17,"enemies":"3 Sentries","floor":14,"turns":6},{"damage":53,"enemies":"Hexaghost","floor":16,"turns":9},{"damage":26,"enemies":"3 Byrds","floor":18,"turns":6},{"damage":7,"enemies":"Chosen","floor":21,"turns":4},{"damage":30,"enemies":"Snake Plant","floor":22,"turns":4},{"damage":91,"enemies":"Gremlin Leader","floor":24,"turns":8}],"seed_played":"4685761674050157232","potions_obtained":[{"floor":3,"key":"Ancient Potion"},{"floor":4,"key":"SteroidPotion"},{"floor":7,"key":"Ancient Potion"},{"floor":16,"key":"SteroidPotion"},{"floor":21,"key":"SpeedPotion"}],"is_trial":false,"path_per_floor":["M","?","$","?","$","M"],"character_chosen":"IRONCLAD","items_purchased":["Dream Catcher","Sentinel","Evolve","Infernal Blade"],"campfire_rested":5,"item_purchase_floors":[5,13,20,20],"current_hp_per_floor":[76,80,77,60,60,80,34,18,18,42,32,56,56,45,69,29,67,53,53,53,56,32,71,0],"gold":61,"neow_bonus":"ONE_RANDOM_RARE_CARD","is_prod":false,"is_daily":false,"chose_seed":false,"campfire_upgraded":0,"win_rate":0,"timestamp":1552915610,"path_taken":["M","M","M","?","$","R","E","?","T","R","M","R","?","E","R","BOSS","M","?","?","?","M","R","E"],"build_version":"2019-01-23","purchased_purges":1,"victory":false,"max_hp_per_floor":[80,80,80,80,80,80,80,80,80,80,80,80,80,80,80,80,80,80,80,80,80,80,80,80],"card_choices":[{"not_picked":["Heavy Blade","Disarm"],"picked":"Sever Soul","floor":1},{"not_picked":["Body Slam","Double Tap"],"picked":"Havoc","floor":2},{"not_picked":["Thunderclap","Heavy Blade"],"picked":"Sentinel","floor":3},{"not_picked":["Thunderclap","Sword Boomerang"],"picked":"Pummel","floor":4},{"not_picked":["Fire Breathing","Flex"],"picked":"Clash","floor":6},{"not_picked":["Cleave","Clothesline"],"picked":"Shrug It Off","floor":7},{"not_picked":["Rage","Headbutt"],"picked":"Clash","floor":11},{"not_picked":["Headbutt","Whirlwind"],"picked":"Pummel","floor":12},{"not_picked":["Battle Trance","Feed"],"picked":"Spot Weakness","floor":14},{"not_picked":["Dual Wield","Carnage"],"picked":"Warcry","floor":15},{"not_picked":["Immolate","Bludgeon"],"picked":"Fiend Fire","floor":16},{"not_picked":["Cleave","Thunderclap+1"],"picked":"Twin Strike+1","floor":18},{"not_picked":["Dual Wield","Havoc"],"picked":"Twin Strike","floor":21},{"not_picked":["Exhume","Warcry"],"picked":"Spot Weakness","floor":22},{"not_picked":["Evolve","Anger+1"],"picked":"Clash","floor":23}],"player_experience":386110,"relics_obtained":[{"floor":7,"key":"Lantern"},{"floor":9,"key":"Ancient Tea Set"},{"floor":14,"key":"Art of War"}],"event_choices":[{"damage_healed":0,"gold_gain":0,"player_choice":"Entered Light","damage_taken":16,"max_hp_gain":0,"max_hp_loss":0,"event_name":"Shining Light","floor":8,"gold_loss":0,"cards_upgraded":["Clash","Strike_R"]},{"damage_healed":0,"gold_gain":100,"player_choice":"Bet on Murderer","damage_taken":0,"max_hp_gain":0,"max_hp_loss":0,"event_name":"The Joust","floor":19,"gold_loss":50}],"is_beta":false,"boss_relics":[{"not_picked":["Runic Dome","Runic Cube"],"picked":"Eternal Feather"}],"items_purged_floors":[20],"is_endless":false,"potions_floor_spawned":[3,4,7,11,16,21],"killed_by":"Gremlin Leader","ascension_level":7}