{"gold_per_floor":[111,131,131,143,68,68,19,54,54,69,69,89,89,89,89,192,192,210,309,337,45,45,45,76,86,133,145,145,145,165,14,14,115,115,130,148,78,78,96,96,122,122,122,132,143,3,3,22,22,22],"floor_reached":51,"playtime":2835,"items_purged":["Decay"],"score":779,"play_id":"ea5d191a-37fe-4355-8ff3-4fb4cc0269fe","local_time":"20190313161409","is_ascension_mode":true,"campfire_choices":[{"data":"Zap","floor":6,"key":"SMITH"},{"floor":11,"key":"REST"},{"data":"Auto Shields","floor":13,"key":"SMITH"},{"floor":15,"key":"REST"},{"data":"Fission","floor":23,"key":"SMITH"},{"data":"Bite","floor":28,"key":"SMITH"},{"data":"Conserve Battery","floor":32,"key":"SMITH"},{"floor":40,"key":"REST"},{"floor":42,"key":"RECALL"},{"floor":47,"key":"REST"},{"floor":49,"key":"REST"}],"neow_cost":"NONE","seed_source_timestamp":112534842338152,"circlet_count":0,"master_deck":["Defend_B","Defend_B","Defend_B","Defend_B","Zap+1","Dualcast","Beam Cell+1","Cold Snap","Auto Shields+1","Gash","Gash","Cold Snap+1","Go for the Eyes","Fission+1","Leap+1","Melter+1","Bite+1","Bite","Bite","Bite","Bite","Glacier","Conserve Battery+1","Hyperbeam+1","Capacitor+1","Rip and Tear+1","Glacier","Aggregate+1","Barrage+1","Glacier+1","Rebound+1","Blizzard","Glacier+1","Consume+1"],"relics":["FrozenCore","PreservedInsect","Pocketwatch","WingedGreaves","DataDisk","Red Mask","FossilizedHelix","Matryoshka","Shuriken","Orichalcum","Omamori","Fusion Hammer","Whetstone","Toxic Egg 2","Happy Flower"],"potions_floor_usage":[16,16,20,20,39,45],"damage_taken":[{"damage":1,"enemies":"Jaw Worm","floor":1,"turns":3},{"damage":1,"enemies":"Cultist","floor":2,"turns":3},{"damage":3,"enemies":"2 Louse","floor":4,"turns":3},{"damage":20,"enemies":"3 Sentries","floor":8,"turns":5},{"damage":0,"enemies":"2 Fungi Beasts","floor":10,"turns":2},{"damage":0,"enemies":"Large Slime","floor":12,"turns":4},{"damage":19,"enemies":"Slime Boss","floor":16,"turns":11},{"damage":4,"enemies":"Chosen","floor":18,"turns":5},{"damage":28,"enemies":"Masked Bandits","floor":20,"turns":8},{"damage":43,"enemies":"Gremlin Leader","floor":24,"turns":11},{"damage":5,"enemies":"3 Byrds","floor":25,"turns":8},{"damage":0,"enemies":"Snake Plant","floor":27,"turns":6},{"damage":0,"enemies":"Centurion and Healer","floor":30,"turns":8},{"damage":50,"enemies":"Automaton","floor":33,"turns":15},{"damage":0,"enemies":"3 Darklings","floor":35,"turns":7},{"damage":0,"enemies":"Orb Walker","floor":36,"turns":5},{"damage":16,"enemies":"Transient","floor":39,"turns":5},{"damage":0,"enemies":"Giant Head","floor":41,"turns":8},{"damage":0,"enemies":"Jaw Worm Horde","floor":44,"turns":3},{"damage":0,"enemies":"3 Darklings","floor":45,"turns":4},{"damage":2,"enemies":"Sphere and 2 Shapes","floor":48,"turns":5},{"damage":17,"enemies":"Awakened One","floor":50,"turns":20}],"seed_played":"-8619097980417200602","potions_obtained":[{"floor":2,"key":"Block Potion"},{"floor":8,"key":"Energy Potion"},{"floor":12,"key":"PowerPotion"},{"floor":16,"key":"EssenceOfSteel"},{"floor":20,"key":"SteroidPotion"},{"floor":25,"key":"Regen Potion"},{"floor":33,"key":"Block Potion"},{"floor":41,"key":"AttackPotion"},{"floor":45,"key":"SneckoOil"}],"is_trial":false,"path_per_floor":["?","$","?","?","?","?","?","M","?","M"],"character_chosen":"DEFECT","items_purchased":["Gash","FossilizedHelix","Omamori","Glacier","Blizzard","Glacier+1"],"campfire_rested":5,"item_purchase_floors":[7,21,31,37,46,46],"current_hp_per_floor":[74,73,73,70,70,70,70,50,50,50,72,72,72,47,69,50,75,71,71,43,43,43,43,24,31,31,47,47,41,52,52,52,20,52,52,52,52,52,36,51,52,52,52,52,52,52,52,52,52,52],"gold":22,"neow_bonus":"RANDOM_COMMON_RELIC","is_prod":false,"is_daily":false,"chose_seed":false,"campfire_upgraded":5,"win_rate":0,"timestamp":1552490049,"path_taken":["M","M","?","M","?","R","$","E","T","M","R","M","R","?","R","BOSS","M","?","?","$","?","R","E","M","T","M","R","?","?","$","R","BOSS","M","M","$","?","M","R","E","R","T","M","M","$","R","?","R","BOSS"],"build_version":"2019-01-23","purchased_purges":1,"victory":true,"max_hp_per_floor":[75,75,75,75,75,75,75,75,75,75,75,75,75,75,75,75,75,75,75,75,75,52,52,52,52,52,52,52,52,52,52,52,52,52,52,52,52,52,52,52,52,52,52,52,52,52,52,52,52,52],"card_choices":[{"not_picked":["Coolheaded","Go for the Eyes"],"picked":"Beam Cell","floor":1},{"not_picked":["Coolheaded","Rebound"],"picked":"Cold Snap","floor":2},{"not_picked":["Undo","Beam Cell"],"picked":"Auto Shields","floor":4},{"not_picked":["Hyperbeam","Conserve Battery"],"picked":"Gash","floor":8},{"not_picked":["Ball Lightning","Electrodynamics"],"picked":"Cold Snap","floor":10},{"not_picked":["Rebound","Melter"],"picked":"Go for the Eyes","floor":12},{"not_picked":["Electrodynamics","Thunder Strike"],"picked":"Fission","floor":16},{"not_picked":["Capacitor","Beam Cell"],"picked":"Leap+1","floor":18},{"not_picked":["Redo","Sweeping Beam+1"],"picked":"Melter+1","floor":20},{"not_picked":["Barrage","Redo"],"picked":"Glacier","floor":24},{"not_picked":["Ball Lightning","Storm","Doom and Gloom"],"picked":"SKIP","floor":25},{"not_picked":["Compile Driver+1","Hologram","Steam Power"],"picked":"SKIP","floor":27},{"not_picked":["Ball Lightning","Genetic Algorithm"],"picked":"Conserve Battery","floor":30},{"not_picked":["Machine Learning","Electrodynamics"],"picked":"Hyperbeam","floor":33},{"not_picked":["Rebound+1","Doom and Gloom+1"],"picked":"Capacitor+1","floor":35},{"not_picked":["Recycle+1","Stack+1"],"picked":"Rip and Tear+1","floor":36},{"not_picked":["Streamline+1","Steam"],"picked":"Aggregate+1","floor":39},{"not_picked":["Double Energy+1","Chill"],"picked":"Barrage+1","floor":41},{"not_picked":["Static Discharge+1","Conserve Battery+1"],"picked":"Glacier+1","floor":44},{"not_picked":["Storm+1","Thunder Strike"],"picked":"Rebound+1","floor":45},{"not_picked":["Coolheaded+1","FTL"],"picked":"Consume+1","floor":48}],"player_experience":254991,"relics_obtained":[{"floor":8,"key":"Pocketwatch"},{"floor":9,"key":"WingedGreaves"},{"floor":20,"key":"Red Mask"},{"floor":24,"key":"Matryoshka"},{"floor":26,"key":"Shuriken"},{"floor":26,"key":"Orichalcum"},{"floor":41,"key":"Whetstone"},{"floor":43,"key":"Toxic Egg 2"},{"floor":43,"key":"Happy Flower"}],"event_choices":[{"damage_healed":0,"gold_gain":0,"player_choice":"Cursed","damage_taken":0,"max_hp_gain":0,"max_hp_loss":0,"event_name":"Wheel of Change","floor":3,"gold_loss":0,"cards_obtained":["Decay"]},{"damage_healed":0,"gold_gain":0,"player_choice":"Success","damage_taken":25,"relics_obtained":["DataDisk"],"max_hp_gain":0,"max_hp_loss":0,"event_name":"Scrap Ooze","floor":14,"gold_loss":0},{"damage_healed":0,"gold_gain":99,"player_choice":"Stole From Cult","damage_taken":0,"max_hp_gain":0,"max_hp_loss":0,"event_name":"Nest","floor":19,"gold_loss":0},{"damage_healed":0,"gold_gain":0,"player_choice":"Fought Bandits","damage_taken":0,"max_hp_gain":0,"max_hp_loss":0,"event_name":"Masked Bandits","floor":20,"gold_loss":0},{"damage_healed":0,"gold_gain":0,"player_choice":"Became a vampire","damage_taken":0,"max_hp_gain":0,"max_hp_loss":23,"event_name":"Vampires","floor":22,"gold_loss":0,"cards_obtained":["Bite","Bite","Bite","Bite","Bite"]},{"damage_healed":0,"gold_gain":0,"player_choice":"","damage_taken":6,"max_hp_gain":0,"max_hp_loss":0,"event_name":"Knowing Skull","floor":29,"potions_obtained":[],"gold_loss":0,"cards_obtained":[]},{"damage_healed":0,"gold_gain":0,"player_choice":"Forge","damage_taken":0,"max_hp_gain":0,"max_hp_loss":0,"event_name":"Accursed Blacksmith","floor":38,"gold_loss":0,"cards_upgraded":["Beam Cell"]}],"is_beta":false,"boss_relics":[{"not_picked":["Ectoplasm","Coffee Dripper"],"picked":"FrozenCore"},{"not_picked":["Snecko Eye","Runic Dome"],"picked":"Fusion Hammer"}],"items_purged_floors":[5],"is_endless":false,"potions_floor_spawned":[2,8,12,16,20,25,33,35,41,45],"ascension_level":1}