{"gold_per_floor":[118,118,42,42,42,42,68,84,109,138,41,41,41,57,57,57],"floor_reached":16,"playtime":419,"items_purged":[],"score":180,"play_id":"f11f02bb-cff4-40b3-9dcd-df4c8ba3caaf","local_time":"20190215184352","is_ascension_mode":true,"campfire_choices":[{"data":"Cleave","floor":6.0,"key":"SMITH"},{"floor":13.0,"key":"REST"},{"data":"Armaments","floor":15,"key":"SMITH"}],"neow_cost":"NONE","seed_source_timestamp":1102102318501927,"circlet_count":0,"master_deck":["AscendersBane","Strike_R","Strike_R","Strike_R","Strike_R","Strike_R","Defend_R","Defend_R","Defend_R","Defend_R","Bash","Exhume","Cleave+1","Whirlwind+1","Headbutt","Armaments+1","Thunderclap","Havoc","Dropkick","Dropkick"],"special_seed":0,"relics":["Burning Blood","Blood Vial","Anchor","Bronze Scales","Pear","Golden Idol"],"potions_floor_usage":[],"damage_taken":[{"damage":0.0,"enemies":"Small Slimes","floor":1.0,"turns":3.0},{"damage":30.0,"enemies":"3 Sentries","floor":7.0,"turns":7.0},{"damage":0.0,"enemies":"2 Louse","floor":8.0,"turns":2.0},{"damage":25.0,"enemies":"Gremlin Nob","floor":10.0,"turns":4.0},{"damage":0,"enemies":"Jaw Worm","floor":14,"turns":2},{"damage":56,"enemies":"The Guardian","floor":16,"turns":6}],"seed_played":"-5469354848269232401","potions_obtained":[{"floor":8.0,"key":"EssenceOfSteel"},{"floor":10.0,"key":"LiquidBronze"}],"is_trial":false,"path_per_floor":["M","?","$","?","?","R","E","M","T","E","$","?","R","M","R","B"],"character_chosen":"IRONCLAD","items_purchased":["Whirlwind","Havoc","Dropkick"],"campfire_rested":1,"item_purchase_floors":[3,11,11],"current_hp_per_floor":[74,79,79,61,61,61,39,47,47,40,40,18,45,53,53,0],"gold":57,"neow_bonus":"ONE_RANDOM_RARE_CARD","is_prod":false,"is_daily":false,"chose_seed":false,"campfire_upgraded":2,"win_rate":0,"timestamp":1550281432,"path_taken":["M","?","$","?","?","R","E","M","T","E","$","?","R","M","R","BOSS"],"build_version":"2019-01-23","purchased_purges":0,"victory":false,"max_hp_per_floor":[75,80,80,80,80,80,80,80,80,90,90,90,90,90,90,90],"card_choices":[{"not_picked":["Havoc","Pommel Strike"],"picked":"Cleave","floor":1.0},{"not_picked":["Flex","Reckless Charge"],"picked":"Headbutt","floor":7.0},{"not_picked":["Dark Embrace","Body Slam"],"picked":"Armaments","floor":8.0},{"not_picked":["Heavy Blade","Clash"],"picked":"Thunderclap","floor":10.0},{"not_picked":["Iron Wave","Thunderclap"],"picked":"Dropkick","floor":14}],"player_experience":728398,"relics_obtained":[{"floor":7.0,"key":"Anchor"},{"floor":9.0,"key":"Bronze Scales"},{"floor":10.0,"key":"Pear"}],"event_choices":[{"damage_healed":0.0,"max_hp_gain":5.0,"max_hp_loss":0.0,"gold_gain":0.0,"event_name":"Big Fish","player_choice":"Donut","floor":2.0,"gold_loss":0.0,"damage_taken":0.0},{"damage_healed":0.0,"max_hp_gain":0.0,"max_hp_loss":0.0,"gold_gain":0.0,"event_name":"Scrap Ooze","player_choice":"Success","floor":4.0,"gold_loss":0.0,"damage_taken":18.0,"relics_obtained":["Blood Vial"]},{"damage_healed":0.0,"max_hp_gain":0.0,"max_hp_loss":0.0,"gold_gain":0.0,"event_name":"Living Wall","player_choice":"Grow","floor":5.0,"gold_loss":0.0,"damage_taken":0.0,"cards_upgraded":["Whirlwind"]},{"damage_healed":0.0,"max_hp_gain":0.0,"max_hp_loss":0.0,"gold_gain":0.0,"event_name":"Golden Idol","player_choice":"Take Damage","floor":12.0,"gold_loss":0.0,"damage_taken":22.0,"relics_obtained":["Golden Idol"]}],"is_beta":false,"boss_relics":[],"items_purged_floors":[],"is_endless":false,"potions_floor_spawned":[8,10],"killed_by":"The Guardian","ascension_level":14}