{"gold_per_floor":[113,188,198,211,211,211,246,246,246,260,0,0,0,43,43,171,171,194,394,97,120,220,220,220,233,233,148,148,163,163,163,163,163],"floor_reached":33,"playtime":1090,"items_purged":[],"score":377,"play_id":"ab0fccf3-abac-4e59-abf0-723c09cf5d92","local_time":"20181105010523","is_ascension_mode":true,"campfire_choices":[{"data":"Hologram","floor":6.0,"key":"SMITH"},{"floor":12.0,"key":"REST"},{"floor":15.0,"key":"REST"},{"data":"Fusion","floor":23.0,"key":"SMITH"},{"floor":28,"key":"REST"},{"data":"Biased Cognition","floor":30,"key":"SMITH"},{"data":"Loop","floor":32,"key":"SMITH"}],"neow_cost":"NONE","seed_source_timestamp":2774771340523995,"circlet_count":0,"master_deck":["AscendersBane","Strike_B","Strike_B","Strike_B","Strike_B+1","Defend_B","Defend_B","Defend_B","Defend_B","Zap","Dualcast","Ball Lightning","Leap","Hologram+1","Injury","Machine Learning+1","Self Repair","Ball Lightning","Conserve Battery","Biased Cognition+1","Beam Cell","Chill","Fusion+1","Loop+1"],"special_seed":0,"relics":["FrozenCore","Boot","Bloody Idol","Mummified Hand","Pantograph","OrangePellets","Juzu Bracelet","Shuriken","Blood Vial","Regal Pillow","Symbiotic Virus"],"potions_floor_usage":[29,29],"damage_taken":[{"damage":0.0,"enemies":"Small Slimes","floor":1.0,"turns":3.0},{"damage":0.0,"enemies":"2 Louse","floor":3.0,"turns":2.0},{"damage":0.0,"enemies":"Cultist","floor":4.0,"turns":3.0},{"damage":16.0,"enemies":"3 Sentries","floor":7.0,"turns":7.0},{"damage":10.0,"enemies":"Exordium Thugs","floor":10.0,"turns":5.0},{"damage":20.0,"enemies":"Gremlin Nob","floor":14.0,"turns":4.0},{"damage":64.0,"enemies":"Hexaghost","floor":16.0,"turns":13.0},{"damage":28.0,"enemies":"3 Byrds","floor":18.0,"turns":5.0},{"damage":6.0,"enemies":"Spheric Guardian","floor":21.0,"turns":4.0},{"damage":30,"enemies":"Cultist and Chosen","floor":25,"turns":7},{"damage":21,"enemies":"Centurion and Healer","floor":29,"turns":7},{"damage":75,"enemies":"Champ","floor":33,"turns":9}],"seed_played":"4538114007020988600","potions_obtained":[{"floor":1.0,"key":"SkillPotion"},{"floor":3.0,"key":"SkillPotion"},{"floor":14.0,"key":"GamblersBrew"},{"floor":16.0,"key":"PowerPotion"},{"floor":18.0,"key":"SkillPotion"}],"is_trial":false,"path_per_floor":["M","?","M","M","?","R","E","?","T","M","$","R","?","E","R","B",null,"M","?","$","M","?","R","T","M","T","?","R","M","R","?","R","B"],"character_chosen":"DEFECT","items_purchased":["OrangePellets","Ball Lightning","Shuriken","Chill"],"campfire_rested":3,"item_purchase_floors":[11,11,20,20],"current_hp_per_floor":[68,57,57,57,57,57,41,26,26,16,16,38,38,25,47,15,60,39,39,39,40,40,40,40,19,19,19,56,44,44,44,44,0],"gold":163,"neow_bonus":"RANDOM_COMMON_RELIC","is_prod":false,"is_daily":false,"chose_seed":false,"campfire_upgraded":4,"win_rate":0,"timestamp":1541405123,"path_taken":["M","?","M","M","?","R","E","?","T","M","$","R","?","E","R","BOSS","M","?","$","M","?","R","?","M","T","?","R","M","R","?","R","BOSS"],"build_version":"2018-11-01","purchased_purges":0,"victory":false,"max_hp_per_floor":[75,75,75,75,75,75,75,75,75,75,75,75,75,75,75,75,75,75,75,75,75,75,75,75,75,75,75,75,75,75,75,75,75],"card_choices":[{"not_picked":["Steam Power","Conserve Battery"],"picked":"Ball Lightning","floor":1.0},{"not_picked":["Barrage","Gash"],"picked":"Leap","floor":3.0},{"not_picked":["Leap","Steam"],"picked":"Hologram","floor":4.0},{"not_picked":["Sunder","Streamline"],"picked":"Machine Learning","floor":7.0},{"not_picked":["Gash","Compile Driver"],"picked":"Self Repair","floor":10.0},{"not_picked":["Reprogram","Steam"],"picked":"Conserve Battery","floor":14.0},{"not_picked":["Machine Learning","Buffer"],"picked":"Biased Cognition","floor":16.0},{"not_picked":["Leap","Rebound"],"picked":"Beam Cell","floor":18.0},{"not_picked":["Ball Lightning","Beam Cell"],"picked":"Fusion","floor":21.0},{"not_picked":["Beam Cell","Defragment"],"picked":"Loop","floor":25},{"not_picked":["Conserve Battery","Sweeping Beam+1","Aggregate"],"picked":"SKIP","floor":29}],"player_experience":540821,"relics_obtained":[{"floor":7.0,"key":"Mummified Hand"},{"floor":9.0,"key":"Pantograph"},{"floor":14.0,"key":"Juzu Bracelet"},{"floor":24.0,"key":"Blood Vial"},{"floor":26,"key":"Regal Pillow"}],"event_choices":[{"damage_healed":0.0,"max_hp_gain":0.0,"max_hp_loss":0.0,"gold_gain":75.0,"event_name":"World of Goop","player_choice":"Gather Gold","floor":2.0,"gold_loss":0.0,"damage_taken":11.0},{"damage_healed":0.0,"max_hp_gain":0.0,"max_hp_loss":0.0,"gold_gain":0.0,"event_name":"Golden Idol","player_choice":"Take Wound","floor":5.0,"gold_loss":0.0,"damage_taken":0.0,"relics_obtained":["Golden Idol"],"cards_obtained":["Injury"]},{"damage_healed":0.0,"max_hp_gain":0.0,"max_hp_loss":0.0,"gold_gain":0.0,"event_name":"Shining Light","player_choice":"Entered Light","floor":8.0,"gold_loss":0.0,"damage_taken":15.0,"cards_upgraded":["Strike_B","Machine Learning"]},{"damage_healed":0.0,"max_hp_gain":0.0,"max_hp_loss":0.0,"gold_gain":0.0,"event_name":"The Cleric","player_choice":"Leave","floor":13.0,"gold_loss":0.0,"damage_taken":0.0},{"damage_healed":0.0,"max_hp_gain":0.0,"max_hp_loss":0.0,"gold_gain":200.0,"event_name":"Wheel of Change","player_choice":"Gold","floor":19.0,"gold_loss":0.0,"damage_taken":0.0},{"damage_healed":0.0,"max_hp_gain":0.0,"max_hp_loss":0.0,"gold_gain":100.0,"event_name":"Golden Shrine","player_choice":"Pray","floor":22.0,"gold_loss":0.0,"damage_taken":0.0},{"damage_healed":0,"gold_gain":0,"player_choice":"Obtained Relic","damage_taken":0,"relics_obtained":["Symbiotic Virus"],"max_hp_gain":0,"max_hp_loss":0,"event_name":"Addict","floor":27,"gold_loss":85},{"damage_healed":0,"gold_gain":0,"player_choice":"Gave Idol","damage_taken":0,"relics_obtained":["Bloody Idol"],"max_hp_gain":0,"max_hp_loss":0,"event_name":"Forgotten Altar","floor":31,"relics_lost":["Golden Idol"],"gold_loss":0}],"is_beta":false,"boss_relics":[{"not_picked":["Fusion Hammer","Orrery"],"picked":"FrozenCore"}],"items_purged_floors":[],"is_endless":false,"potions_floor_spawned":[1,3,14,16,18],"killed_by":"Champ","ascension_level":10}