{"gold_per_floor":[119,129,141,152,152,152,185,185,209,227,227,239,239,9,9,139,139,155,178,202,202,223,223,236,261,261,261],"floor_reached":27,"playtime":1668,"items_purged":[],"score":219,"play_id":"17fe26d2-68ca-4b2d-a641-5fe3424efbf3","local_time":"20180629134838","is_ascension_mode":false,"campfire_choices":[{"data":"Tools of the Trade","floor":6,"key":"SMITH"},{"data":"Envenom","floor":8,"key":"SMITH"},{"floor":15,"key":"REST"},{"data":"Noxious Fumes","floor":23,"key":"SMITH"}],"neow_cost":"NONE","seed_source_timestamp":248188802704678,"circlet_count":0,"master_deck":["Defend_G","Defend_G","Defend_G+1","Defend_G","Defend_G","Strike_G","Strike_G","Strike_G","Strike_G","Strike_G","Survivor","Neutralize","Bane","Doppelganger","Backflip","Poisoned Stab","Flying Knee+1","Tools of the Trade+1","Bane","Flying Knee","Backstab","Envenom+1","Terror","Sucker Punch","Noxious Fumes+1","Wraith Form v2","All Out Attack","Deflect+1","Slice","Calculated Gamble","Distraction+1","Blur","Pain"],"relics":["Orrery","Ancient Tea Set","Snake Skull","Golden Idol","Happy Flower","Cursed Key","Kunai"],"potions_floor_usage":[24,25,25,27],"damage_taken":[{"damage":0,"enemies":"2 Louse","floor":1,"turns":2},{"damage":2,"enemies":"Jaw Worm","floor":2,"turns":4},{"damage":1,"enemies":"Small Slimes","floor":3,"turns":4},{"damage":5,"enemies":"2 Fungi Beasts","floor":4,"turns":4},{"damage":9,"enemies":"3 Sentries","floor":7,"turns":7},{"damage":2,"enemies":"Blue Slaver","floor":10,"turns":3},{"damage":0,"enemies":"Large Slime","floor":12,"turns":3},{"damage":21,"enemies":"The Guardian","floor":16,"turns":8},{"damage":0,"enemies":"Chosen","floor":18,"turns":4},{"damage":5,"enemies":"3 Byrds","floor":19,"turns":5},{"damage":18,"enemies":"3 Cultists","floor":20,"turns":4},{"damage":21,"enemies":"Snake Plant","floor":22,"turns":5},{"damage":19,"enemies":"Chosen and Byrds","floor":24,"turns":5},{"damage":13,"enemies":"Centurion and Healer","floor":25,"turns":5},{"damage":14,"enemies":"Cultist and Chosen","floor":27,"turns":4}],"seed_played":"-4420651072925345346","potions_obtained":[{"floor":2,"key":"Dexterity Potion"},{"floor":4,"key":"Poison Potion"},{"floor":16,"key":"Fruit Juice"},{"floor":20,"key":"GamblersBrew"},{"floor":24,"key":"Fire Potion"}],"is_trial":false,"path_per_floor":["M","M","M","M","?","R","E","R","T","M","?","M","?","$","R","B",null,"M","M","M","?","M","R","M","M","T"],"character_chosen":"THE_SILENT","items_purchased":["Noxious Fumes","Happy Flower"],"campfire_rested":1,"item_purchase_floors":[14,14],"current_hp_per_floor":[70,68,67,62,67,67,58,58,58,56,41,41,23,23,45,24,75,75,70,52,52,31,31,17,4,4,0],"gold":261,"neow_bonus":"BOSS_RELIC","is_prod":false,"is_daily":false,"chose_seed":false,"campfire_upgraded":3,"win_rate":0.0,"timestamp":1530301718,"path_taken":["M","M","M","M","?","R","E","R","T","M","?","M","?","$","R","BOSS","M","M","M","?","M","R","M","M","T","M"],"build_version":"2018-06-28","purchased_purges":0,"victory":false,"max_hp_per_floor":[70,70,70,70,75,75,75,75,75,75,75,75,75,75,75,75,75,75,75,75,75,75,75,80,80,80,80],"card_choices":[{"not_picked":["Slice","Deflect"],"picked":"Bane","floor":0},{"not_picked":["Prepared","Eviscerate"],"picked":"Doppelganger","floor":0},{"not_picked":["Prepared","Bane"],"picked":"Backflip","floor":0},{"not_picked":["PiercingWail","Choke"],"picked":"Poisoned Stab","floor":0},{"not_picked":["Underhanded Strike","Leg Sweep"],"picked":"Flying Knee","floor":0},{"not_picked":["PiercingWail","Reflex"],"picked":"Tools of the Trade","floor":1},{"not_picked":["Outmaneuver","Backstab"],"picked":"Bane","floor":2},{"not_picked":["Dagger Throw","Prepared"],"picked":"Flying Knee","floor":3},{"not_picked":["Dodge and Roll","Quick Slash"],"picked":"Backstab","floor":4},{"not_picked":["Infinite Blades","Dodge and Roll"],"picked":"Envenom","floor":7},{"not_picked":["Backstab","Sucker Punch"],"picked":"Terror","floor":10},{"not_picked":["Flying Knee","Quick Slash"],"picked":"Sucker Punch","floor":12},{"not_picked":["Night Terror","Bullet Time"],"picked":"Wraith Form v2","floor":16},{"not_picked":["PiercingWail","Dagger Spray+1"],"picked":"All Out Attack","floor":18},{"not_picked":["Flechettes","Skewer"],"picked":"Deflect+1","floor":19},{"not_picked":["Backflip","Dagger Spray"],"picked":"Slice","floor":20},{"not_picked":["Masterful Stab","Predator+1"],"picked":"Calculated Gamble","floor":22},{"not_picked":["Quick Slash","PiercingWail"],"picked":"Distraction+1","floor":24},{"not_picked":["Outmaneuver+1","All Out Attack"],"picked":"Blur","floor":25}],"player_experience":69670,"relics_obtained":[{"floor":7,"key":"Ancient Tea Set"},{"floor":9,"key":"Snake Skull"},{"floor":26,"key":"Kunai"}],"event_choices":[{"event_name":"Big Fish","player_choice":"Donut","floor":5,"damage_taken":0},{"event_name":"Shining Light","player_choice":"Entered Light","floor":11,"damage_taken":0},{"event_name":"Golden Idol","player_choice":"Take Damage","floor":13,"damage_taken":0},{"event_name":"The Mausoleum","player_choice":"No","floor":21,"damage_taken":0}],"boss_relics":[{"not_picked":["Runic Pyramid","Calling Bell"],"picked":"Cursed Key"}],"items_purged_floors":[],"is_endless":false,"potions_floor_spawned":[2,4,16,20,24],"killed_by":"Cultist and Chosen","ascension_level":0}