{"gold_per_floor":[115,135,150,22,22,22,36,68,68,68,68,84,84,100,100,202,202,220,72,22,41,41,41,75,75,98,109,9,24,24,0,0,96,96,112,112,127,59,59,93,93,93,93,121,86,86,86,106,106,106],"floor_reached":51,"playtime":1682,"items_purged":["Strike_B","Shame"],"score":847,"play_id":"92ead1c1-548c-4668-bba0-061352a06ded","local_time":"20190315201747","is_ascension_mode":true,"campfire_choices":[{"data":"Defragment","floor":6,"key":"SMITH"},{"data":"Leap","floor":11,"key":"SMITH"},{"floor":15,"key":"REST"},{"floor":23,"key":"REST"},{"floor":30,"key":"REST"},{"floor":32,"key":"RECALL"},{"floor":42,"key":"REST"},{"floor":47,"key":"REST"},{"floor":49,"key":"REST"}],"neow_cost":"NONE","seed_source_timestamp":70313485375568,"circlet_count":0,"master_deck":["Strike_B","Defend_B","Defend_B","Defend_B","Defend_B","Zap","Dualcast","Ball Lightning","Ball Lightning","Defragment+1","Self Repair","Steam","Glacier","Leap+1","Echo Form","Multi-Cast","Go for the Eyes","Thunder Strike","Hyperbeam","Self Repair","Chaos","Electrodynamics","Chaos+1","Static Discharge","Creative AI","Capacitor"],"relics":["Cracked Core","Ancient Tea Set","PreservedInsect","DataDisk","Kunai","Fusion Hammer","Oddly Smooth Stone","Orichalcum","Happy Flower","Boot","Velvet Choker","Pear","Bird Faced Urn"],"potions_floor_usage":[21,40,44,50,50],"damage_taken":[{"damage":1,"enemies":"Cultist","floor":1,"turns":3},{"damage":12,"enemies":"Small Slimes","floor":2,"turns":3},{"damage":1,"enemies":"2 Louse","floor":3,"turns":2},{"damage":0,"enemies":"Exordium Wildlife","floor":7,"turns":3},{"damage":24,"enemies":"Lagavulin","floor":8,"turns":6},{"damage":7,"enemies":"Gremlin Gang","floor":12,"turns":4},{"damage":4,"enemies":"3 Louse","floor":14,"turns":3},{"damage":13,"enemies":"Slime Boss","floor":16,"turns":7},{"damage":0,"enemies":"Shell Parasite","floor":18,"turns":6},{"damage":17,"enemies":"3 Byrds","floor":21,"turns":3},{"damage":23,"enemies":"Slavers","floor":24,"turns":5},{"damage":13,"enemies":"Snecko","floor":27,"turns":5},{"damage":16,"enemies":"Shelled Parasite and Fungi","floor":29,"turns":5},{"damage":17,"enemies":"Automaton","floor":33,"turns":9},{"damage":5,"enemies":"3 Shapes","floor":35,"turns":3},{"damage":11,"enemies":"3 Darklings","floor":37,"turns":3},{"damage":37,"enemies":"Giant Head","floor":40,"turns":8},{"damage":18,"enemies":"Reptomancer","floor":44,"turns":5},{"damage":32,"enemies":"Sphere and 2 Shapes","floor":48,"turns":4},{"damage":43,"enemies":"Time Eater","floor":50,"turns":7}],"seed_played":"-2218363143269177831","potions_obtained":[{"floor":2,"key":"Regen Potion"},{"floor":7,"key":"Poison Potion"},{"floor":12,"key":"Poison Potion"},{"floor":14,"key":"LiquidBronze"},{"floor":27,"key":"Explosive Potion"},{"floor":35,"key":"Weak Potion"},{"floor":44,"key":"GamblersBrew"},{"floor":48,"key":"Energy Potion"}],"is_trial":false,"path_per_floor":["M","M","?","?","?","?","M","?","T","$","?","?","?","?","?"],"character_chosen":"DEFECT","items_purchased":["Self Repair","Steam","Hyperbeam","Static Discharge","Capacitor"],"campfire_rested":6,"item_purchase_floors":[4,4,19,38,45],"current_hp_per_floor":[74,62,61,61,61,61,68,51,51,51,51,51,51,47,69,56,75,75,75,75,58,58,75,59,59,59,53,53,65,75,75,75,65,75,75,71,71,71,71,55,55,71,81,77,77,81,81,74,81,81],"gold":106,"neow_bonus":"RANDOM_COMMON_RELIC","is_prod":false,"is_daily":false,"chose_seed":false,"campfire_upgraded":2,"win_rate":0,"timestamp":1552677467,"path_taken":["M","?","?","$","?","R","M","E","T","?","R","M","?","M","R","BOSS","M","$","?","?","?","R","E","?","T","M","?","M","R","?","R","BOSS","M","?","M","$","?","E","?","R","T","E","$","?","R","M","R","BOSS"],"build_version":"2019-01-23","purchased_purges":2,"victory":true,"max_hp_per_floor":[75,75,75,75,75,75,75,75,75,75,75,75,75,75,75,75,75,75,75,75,75,75,75,75,75,75,75,75,75,75,75,75,75,75,75,71,71,71,71,71,71,71,81,81,81,81,81,81,81,81],"card_choices":[{"not_picked":["Redo","Beam Cell"],"picked":"Ball Lightning","floor":1},{"not_picked":["Sweeping Beam","Redo"],"picked":"Ball Lightning","floor":2},{"not_picked":["Coolheaded","Turbo"],"picked":"Defragment","floor":3},{"not_picked":["Rebound","Stack"],"picked":"Glacier","floor":7},{"not_picked":["Double Energy","Cold Snap"],"picked":"Leap","floor":8},{"not_picked":["Steam","Loop"],"picked":"Echo Form","floor":12},{"not_picked":["Beam Cell","Undo"],"picked":"Go for the Eyes","floor":14},{"not_picked":["Reboot","Core Surge"],"picked":"Thunder Strike","floor":16},{"not_picked":["Turbo","Streamline","Gash"],"picked":"SKIP","floor":18},{"not_picked":["Double Energy","Reprogram","Coolheaded"],"picked":"SKIP","floor":21},{"not_picked":["Steam Power","Seek","Aggregate"],"picked":"SKIP","floor":24},{"not_picked":["FTL+1","Tempest"],"picked":"Self Repair","floor":27},{"not_picked":["Consume","Cold Snap+1"],"picked":"Chaos","floor":29},{"not_picked":["Fission","Multi-Cast"],"picked":"Electrodynamics","floor":33},{"not_picked":["Hologram","Compile Driver+1","Rip and Tear+1"],"picked":"SKIP","floor":35},{"not_picked":["Coolheaded","Reprogram+1"],"picked":"Chaos+1","floor":37},{"not_picked":["Heatsinks+1","Reboot"],"picked":"Creative AI","floor":40},{"not_picked":["Jack Of All Trades","Secret Technique"],"picked":"Mind Blast","floor":41},{"not_picked":["Genetic Algorithm+1","Steam Power","Go for the Eyes"],"picked":"SKIP","floor":44},{"not_picked":["Sweeping Beam","Turbo+1","Scrape+1"],"picked":"SKIP","floor":48}],"player_experience":325160,"relics_obtained":[{"floor":8,"key":"PreservedInsect"},{"floor":9,"key":"DataDisk"},{"floor":24,"key":"Orichalcum"},{"floor":25,"key":"Happy Flower"},{"floor":26,"key":"Boot"},{"floor":43,"key":"Pear"},{"floor":44,"key":"Bird Faced Urn"}],"event_choices":[{"damage_healed":0,"gold_gain":0,"player_choice":"Leave","damage_taken":0,"max_hp_gain":0,"max_hp_loss":0,"event_name":"The Cleric","floor":5,"gold_loss":0},{"damage_healed":0,"gold_gain":0,"player_choice":"Searched \u00271\u0027 times","damage_taken":0,"relics_obtained":["Kunai"],"max_hp_gain":0,"max_hp_loss":0,"event_name":"Dead Adventurer","floor":10,"gold_loss":0},{"damage_healed":0,"gold_gain":0,"cards_transformed":["Strike_B"],"player_choice":"Change","damage_taken":0,"max_hp_gain":0,"max_hp_loss":0,"event_name":"Living Wall","floor":13,"gold_loss":0,"cards_obtained":["Multi-Cast"]},{"damage_healed":0,"gold_gain":0,"player_choice":"Bet on Murderer","damage_taken":0,"max_hp_gain":0,"max_hp_loss":0,"event_name":"The Joust","floor":20,"gold_loss":50},{"damage_healed":0,"gold_gain":0,"player_choice":"Stole Relic","damage_taken":0,"relics_obtained":["Oddly Smooth Stone"],"max_hp_gain":0,"max_hp_loss":0,"event_name":"Addict","floor":22,"gold_loss":0,"cards_obtained":["Shame"]},{"damage_healed":0,"gold_gain":0,"player_choice":"Paid Fearfully","damage_taken":0,"max_hp_gain":0,"max_hp_loss":0,"event_name":"Masked Bandits","floor":31,"gold_loss":24},{"damage_healed":0,"gold_gain":0,"player_choice":"Max HP","damage_taken":0,"max_hp_gain":0,"max_hp_loss":4,"event_name":"Winding Halls","floor":36,"gold_loss":0},{"cards_removed":["Strike_B"],"damage_healed":0,"gold_gain":0,"player_choice":"Removed Attack","damage_taken":0,"max_hp_gain":0,"max_hp_loss":0,"event_name":"Falling","floor":39,"gold_loss":0},{"damage_healed":0,"gold_gain":0,"player_choice":"Memory 1","damage_taken":0,"max_hp_gain":0,"max_hp_loss":0,"event_name":"SensoryStone","floor":41,"gold_loss":0},{"cards_removed":["Mind Blast"],"damage_healed":4,"gold_gain":0,"player_choice":"Offered Uncommon","damage_taken":0,"max_hp_gain":0,"max_hp_loss":0,"event_name":"Bonfire Elementals","floor":46,"gold_loss":0}],"is_beta":false,"boss_relics":[{"not_picked":["White Beast Statue","Pandora\u0027s Box"],"picked":"Fusion Hammer"},{"not_picked":["Tiny House","Snecko Eye"],"picked":"Velvet Choker"}],"items_purged_floors":[19,28],"is_endless":false,"potions_floor_spawned":[2,7,12,14,16,18,27,29,35,44,48],"ascension_level":3}