{"gold_per_floor":[110,127,127,146,160,194,194,210,290,300,315,326,326,68,68,189,189,208,133,148,148,164,203,203,246,246,266,305,305,220,241,241,362,362,386,386,410,430,33,76,92,92,117,11,54,54,79,98,98,98],"floor_reached":50,"playtime":5951,"items_purged":[],"score":648,"play_id":"680d29e0-4c8a-4bd2-a5cf-ccd10b5d2ea0","local_time":"20180627143635","is_ascension_mode":false,"campfire_choices":[{"data":"Bullet Time","floor":7,"key":"SMITH"},{"floor":15,"key":"REST"},{"data":"Envenom","floor":24,"key":"SMITH"},{"data":"Infinite Blades","floor":32,"key":"SMITH"},{"data":"Corpse Explosion","floor":42,"key":"SMITH"},{"data":"Adrenaline","floor":46,"key":"SMITH"},{"data":"Footwork","floor":49,"key":"SMITH"}],"neow_cost":"NONE","seed_source_timestamp":73990059659012,"circlet_count":0,"master_deck":["Defend_G+1","Defend_G+1","Defend_G+1","Defend_G+1","Strike_G+1","Survivor+1","Neutralize","Dagger Spray","Poisoned Stab+1","Bullet Time+1","Burst","Backstab","Bane","Deadly Poison","Well Laid Plans","Infinite Blades+1","Flying Knee","Envenom+1","Dagger Spray+1","Dagger Throw+1","Blur+1","Masterful Stab","Deflect+1","Crippling Poison","Adrenaline","Finisher","Finisher","Underhanded Strike+1","Dodge and Roll+1","Corpse Explosion+1","Endless Agony+1","PiercingWail","Quick Slash","Adrenaline+1","Die Die Die","Skewer","Terror+1","Deflect+1","Deflect+1","Footwork+1","Die Die Die","Riddle With Holes+1","Dash+1"],"relics":["Ring of the Snake","Incense Burner","Ornamental Fan","Golden Idol","Bag of Marbles","Astrolabe","Thread and Needle","Snake Skull","Shuriken","Red Mask","Darkstone Periapt","Empty Cage","Ginger","Toxic Egg 2","Boot","Whetstone","Letter Opener"],"potions_floor_usage":[41,41,50],"damage_taken":[{"damage":0,"enemies":"2 Louse","floor":1,"turns":5},{"damage":6,"enemies":"Jaw Worm","floor":2,"turns":8},{"damage":0,"enemies":"Small Slimes","floor":4,"turns":3},{"damage":6,"enemies":"3 Louse","floor":5,"turns":4},{"damage":17,"enemies":"3 Sentries","floor":6,"turns":7},{"damage":0,"enemies":"Lots of Slimes","floor":8,"turns":2},{"damage":0,"enemies":"Looter","floor":10,"turns":3},{"damage":0,"enemies":"3 Louse","floor":11,"turns":4},{"damage":5,"enemies":"Exordium Wildlife","floor":12,"turns":3},{"damage":14,"enemies":"Slime Boss","floor":16,"turns":9},{"damage":0,"enemies":"3 Byrds","floor":18,"turns":4},{"damage":17,"enemies":"2 Thieves","floor":20,"turns":4},{"damage":0,"enemies":"Centurion and Healer","floor":22,"turns":5},{"damage":5,"enemies":"Book of Stabbing","floor":23,"turns":5},{"damage":6,"enemies":"Gremlin Leader","floor":25,"turns":7},{"damage":0,"enemies":"Snecko","floor":27,"turns":2},{"damage":0,"floor":28,"turns":2},{"damage":2,"enemies":"Snake Plant","floor":31,"turns":3},{"damage":0,"enemies":"Champ","floor":33,"turns":8},{"damage":4,"enemies":"Orb Walker","floor":35,"turns":3},{"damage":1,"floor":36,"turns":6},{"damage":3,"enemies":"3 Shapes","floor":37,"turns":4},{"damage":7,"enemies":"3 Darklings","floor":38,"turns":3},{"damage":34,"enemies":"2 Orb Walkers","floor":40,"turns":6},{"damage":17,"enemies":"4 Shapes","floor":41,"turns":8},{"damage":0,"enemies":"Nemesis","floor":45,"turns":7},{"damage":7,"enemies":"Sphere and 2 Shapes","floor":47,"turns":4},{"damage":0,"enemies":"3 Darklings","floor":48,"turns":3},{"damage":56,"enemies":"Awakened One","floor":50,"turns":13}],"seed_played":"8531555361408506361","potions_obtained":[{"floor":10,"key":"Poison Potion"},{"floor":11,"key":"Regen Potion"},{"floor":12,"key":"Dexterity Potion"},{"floor":18,"key":"Strength Potion"},{"floor":40,"key":"Regen Potion"},{"floor":47,"key":"Ancient Potion"}],"is_trial":false,"path_per_floor":["M","M","?","M","M","E","R","M","T","M","M","M","?","$","R","B",null,"M","?","M","?","M","E","R","E","T","M","?","?","?","M","R","B",null,"M","?","M","M","$","E","M","R","T","$","E","R","M","M","R"],"character_chosen":"THE_SILENT","items_purchased":["Infinite Blades","Bag of Marbles","Flying Knee","Toxic Egg 2","Die Die Die","Skewer","Deflect+1","Footwork"],"campfire_rested":1,"item_purchase_floors":[14,14,14,39,39,39,44,44],"current_hp_per_floor":[70,64,69,69,63,46,46,46,46,46,46,41,23,23,45,31,75,75,75,58,58,58,53,53,47,47,47,47,47,47,45,45,45,75,71,70,67,60,60,26,61,61,61,61,61,61,54,54,54,0],"gold":98,"neow_bonus":"UPGRADE_CARD","is_prod":false,"is_daily":false,"chose_seed":false,"campfire_upgraded":6,"win_rate":0.0,"timestamp":1530131795,"path_taken":["M","M","?","M","M","E","R","M","T","M","M","M","?","$","R","BOSS","M","?","M","?","M","E","R","E","T","M","?","?","?","M","R","BOSS","M","?","M","M","$","E","M","R","T","?","E","R","M","M","R","BOSS"],"build_version":"2018-06-21v2","purchased_purges":0,"victory":false,"max_hp_per_floor":[70,70,75,75,75,75,75,75,75,75,75,75,75,75,75,75,75,75,75,75,75,75,75,75,75,75,75,75,75,75,75,75,75,75,75,75,75,75,75,75,75,75,75,75,75,75,75,75,75,75],"card_choices":[{"not_picked":["Slice","Bane"],"picked":"Dagger Spray","floor":1},{"not_picked":["Escape Plan","Predator"],"picked":"Dagger Throw","floor":2},{"not_picked":["Dodge and Roll","Deadly Poison"],"picked":"Poisoned Stab","floor":4},{"not_picked":["Eviscerate","Crippling Poison"],"picked":"Bullet Time","floor":5},{"not_picked":["Calculated Gamble","Poisoned Stab"],"picked":"Burst","floor":6},{"not_picked":["Poisoned Stab","Prepared"],"picked":"Backstab","floor":8},{"not_picked":["Heel Hook","Prepared"],"picked":"Bane","floor":10},{"not_picked":["PiercingWail","Dagger Throw"],"picked":"Deadly Poison","floor":11},{"not_picked":["Dagger Throw","Bane"],"picked":"Well Laid Plans","floor":12},{"not_picked":["Night Terror","A Thousand Cuts"],"picked":"Envenom","floor":16},{"not_picked":["Slice","Riddle With Holes"],"picked":"Masterful Stab","floor":18},{"not_picked":["Skewer","Bouncing Flask"],"picked":"Deflect+1","floor":20},{"not_picked":["Prepared","Deflect"],"picked":"Crippling Poison","floor":22},{"not_picked":["Flying Knee+1","Quick Slash"],"picked":"Adrenaline","floor":23},{"not_picked":["Dagger Throw","Outmaneuver"],"picked":"Finisher","floor":25},{"not_picked":["Prepared","Dagger Throw"],"picked":"Finisher","floor":27},{"not_picked":["Bane","Prepared"],"picked":"Underhanded Strike","floor":28},{"not_picked":["Crippling Poison","Prepared"],"picked":"Dodge and Roll+1","floor":31},{"not_picked":["Glass Knife","Burst"],"picked":"Corpse Explosion","floor":33},{"not_picked":["Well Laid Plans+1","Calculated Gamble"],"picked":"Endless Agony+1","floor":35},{"not_picked":["Masterful Stab+1","Underhanded Strike+1"],"picked":"PiercingWail","floor":36},{"not_picked":["PiercingWail","Underhanded Strike"],"picked":"Quick Slash","floor":37},{"not_picked":["Backflip","Outmaneuver+1"],"picked":"Adrenaline","floor":38},{"not_picked":["Outmaneuver+1","Venomology+1"],"picked":"Terror+1","floor":40},{"not_picked":["Flying Knee","Backflip+1"],"picked":"Deflect+1","floor":41},{"not_picked":["Crippling Poison+1","Envenom"],"picked":"Die Die Die","floor":45},{"not_picked":["Prepared+1","Slice"],"picked":"Riddle With Holes+1","floor":47},{"not_picked":["Dagger Throw+1","Bane+1"],"picked":"Dash+1","floor":48}],"player_experience":13531,"relics_obtained":[{"floor":6,"key":"Incense Burner"},{"floor":9,"key":"Ornamental Fan"},{"floor":23,"key":"Thread and Needle"},{"floor":25,"key":"Snake Skull"},{"floor":26,"key":"Shuriken"},{"floor":28,"key":"Red Mask"},{"floor":36,"key":"Ginger"},{"floor":40,"key":"Boot"},{"floor":43,"key":"Whetstone"},{"floor":45,"key":"Letter Opener"}],"event_choices":[{"event_name":"Big Fish","player_choice":"Donut","floor":3,"damage_taken":0},{"event_name":"Golden Idol","player_choice":"Take Damage","floor":13,"damage_taken":0},{"event_name":"Beggar","player_choice":"Gave Gold","floor":19,"damage_taken":0},{"event_name":"Back to Basics","player_choice":"Simplicity","floor":21,"damage_taken":0},{"event_name":"Masked Bandits","player_choice":"Fought over 266 gold","floor":28,"damage_taken":0},{"event_name":"Drug Dealer","player_choice":"Ignored","floor":29,"damage_taken":0},{"event_name":"Addict","player_choice":"Obtained Relic","floor":30,"damage_taken":0},{"event_name":"MindBloom","player_choice":"Fight","floor":36,"damage_taken":0}],"boss_relics":[{"not_picked":["Calling Bell","Tiny House"],"picked":"Astrolabe"},{"not_picked":["Runic Dome","Coffee Dripper"],"picked":"Empty Cage"}],"items_purged_floors":[],"is_endless":false,"potions_floor_spawned":[10,11,12,18,22,23,33,36,37,40,47],"killed_by":"Awakened One","ascension_level":0}