{"gold_per_floor":[111,111,58,71,71,71,91,91,167,167,167,178,197,197,197,294,294,312,323,126,126,126],"floor_reached":22,"playtime":547,"items_purged":[],"score":218,"play_id":"e3733d42-34f7-4c06-b5cd-21df1d8ba79f","local_time":"20190312200349","is_ascension_mode":true,"campfire_choices":[{"data":"Spot Weakness","floor":6,"key":"SMITH"},{"data":"Heavy Blade","floor":8,"key":"SMITH"},{"data":"Bash","floor":10,"key":"SMITH"},{"data":"Cleave","floor":15,"key":"SMITH"}],"neow_cost":"NONE","seed_source_timestamp":42233258824115,"circlet_count":0,"master_deck":["Strike_R","Strike_R","Strike_R","Defend_R","Defend_R","Defend_R","Defend_R","Bash+1","Spot Weakness+1","Twin Strike","Cleave+1","Heavy Blade+1","Twin Strike","Limit Break","Heavy Blade"],"relics":["Burning Blood","Tiny Chest","Cursed Key","PreservedInsect"],"potions_floor_usage":[16,16,19,22],"damage_taken":[{"damage":7,"enemies":"Small Slimes","floor":1,"turns":4},{"damage":1,"enemies":"Cultist","floor":4,"turns":3},{"damage":8,"enemies":"2 Louse","floor":7,"turns":2},{"damage":12,"enemies":"Lots of Slimes","floor":12,"turns":3},{"damage":8,"enemies":"Red Slaver","floor":13,"turns":3},{"damage":58,"enemies":"Slime Boss","floor":16,"turns":10},{"damage":24,"enemies":"Shell Parasite","floor":18,"turns":5},{"damage":10,"enemies":"3 Byrds","floor":19,"turns":3},{"damage":49,"enemies":"Centurion and Healer","floor":22,"turns":4}],"seed_played":"6269314125855604772","potions_obtained":[{"floor":7,"key":"Weak Potion"},{"floor":11,"key":"SteroidPotion"},{"floor":11,"key":"Fire Potion"},{"floor":16,"key":"LiquidBronze"}],"is_trial":false,"path_per_floor":["?","?","M","?","M","$","?"],"character_chosen":"IRONCLAD","items_purchased":["Twin Strike","PreservedInsect","Heavy Blade"],"campfire_rested":0,"item_purchase_floors":[3,20,20],"current_hp_per_floor":[79,79,79,80,80,80,78,78,78,78,78,72,70,70,70,18,65,47,43,43,43,0],"gold":126,"neow_bonus":"THREE_CARDS","is_prod":false,"is_daily":false,"chose_seed":false,"campfire_upgraded":4,"win_rate":0,"timestamp":1552417429,"path_taken":["M","?","$","M","$","R","M","R","T","R","?","M","?","?","R","BOSS","M","?","?","?","M"],"build_version":"2019-01-23","purchased_purges":0,"victory":false,"max_hp_per_floor":[80,80,80,80,80,80,80,80,80,80,80,80,80,80,80,80,80,80,80,80,80,80],"card_choices":[{"not_picked":["Clash","Armaments"],"picked":"Spot Weakness","floor":0},{"not_picked":["Anger","Body Slam","Evolve"],"picked":"SKIP","floor":1},{"not_picked":["Clothesline","Disarm"],"picked":"Cleave","floor":4},{"not_picked":["Thunderclap","Perfected Strike"],"picked":"Heavy Blade","floor":7},{"not_picked":["Perfected Strike","Wild Strike","True Grit"],"picked":"SKIP","floor":12},{"not_picked":["Bloodletting","Pommel Strike","Feel No Pain"],"picked":"SKIP","floor":13},{"not_picked":["True Grit","Cleave"],"picked":"Twin Strike","floor":18},{"not_picked":["True Grit+1","Pommel Strike"],"picked":"Limit Break","floor":19}],"player_experience":244052,"relics_obtained":[{"floor":9,"key":"Tiny Chest"}],"event_choices":[{"cards_removed":["Strike_R"],"damage_healed":0,"gold_gain":0,"player_choice":"Forget","damage_taken":0,"max_hp_gain":0,"max_hp_loss":0,"event_name":"Living Wall","floor":2,"gold_loss":0},{"damage_healed":0,"gold_gain":0,"player_choice":"Got Potions","damage_taken":0,"max_hp_gain":0,"max_hp_loss":0,"event_name":"Lab","floor":11,"gold_loss":0},{"cards_removed":["Strike_R"],"damage_healed":0,"gold_gain":0,"player_choice":"Offered Basic","damage_taken":0,"max_hp_gain":0,"max_hp_loss":0,"event_name":"Bonfire Elementals","floor":14,"gold_loss":0},{"damage_healed":0,"gold_gain":0,"player_choice":"Ignored","damage_taken":0,"max_hp_gain":0,"max_hp_loss":0,"event_name":"Vampires","floor":21,"gold_loss":0}],"is_beta":false,"boss_relics":[{"not_picked":["Runic Pyramid","Mark of Pain"],"picked":"Cursed Key"}],"items_purged_floors":[],"is_endless":false,"potions_floor_spawned":[7,12,16],"killed_by":"Centurion and Healer","ascension_level":5}