{"gold_per_floor":[111,111,186,199,149,149,149,168,168,180,198,218,218,231,231,334,334,354,354,72,92,104,104,121,220,220,220,235,235,247,48,48,143,143,158,61,73,73,73,73,92,92,146,146,71,71,90,109,109,109],"floor_reached":50,"playtime":2309,"items_purged":["Strike_B"],"score":436,"play_id":"cfcab685-9a3a-43da-afa2-cab76e10a897","local_time":"20180807004059","is_ascension_mode":false,"campfire_choices":[{"data":"Double Energy","floor":6,"key":"SMITH"},{"data":"Go for the Eyes","floor":13,"key":"SMITH"},{"data":"Beam Cell","floor":15,"key":"SMITH"},{"data":"Apotheosis","floor":23,"key":"SMITH"},{"floor":27,"key":"REST"},{"data":"Creative AI","floor":29,"key":"SMITH"},{"floor":32,"key":"REST"},{"data":"Madness","floor":40,"key":"SMITH"},{"floor":46,"key":"REST"},{"floor":49,"key":"REST"}],"neow_cost":"NONE","seed_source_timestamp":1986239522686277,"circlet_count":0,"master_deck":["Defend_B","Defend_B","Defend_B","Zap","Dualcast","Gash+1","Meteor Strike+1","Ball Lightning+1","Gash","Streamline","Double Energy+1","Ball Lightning","Ball Lightning","Coolheaded","Beam Cell+1","Creative AI+1","Auto Shields","Apotheosis+1","Glacier","Coolheaded+1","Gash","Heatsinks+1","Loop","Self Repair","Conserve Battery","Sunder","Reboot","Defragment","Madness+1","Turbo+1","Echo Form","Bandage Up","Force Field","Go for the Eyes+1"],"relics":["Astrolabe"],"potions_floor_usage":[16,18,24,33,39,48,50],"damage_taken":[{"damage":6,"enemies":"Jaw Worm","floor":1,"turns":3},{"damage":0,"enemies":"2 Louse","floor":4,"turns":2},{"damage":5,"enemies":"Small Slimes","floor":8,"turns":2},{"damage":4,"enemies":"Blue Slaver","floor":10,"turns":3},{"damage":0,"enemies":"Exordium Wildlife","floor":11,"turns":2},{"damage":5,"enemies":"Looter","floor":12,"turns":2},{"damage":3,"enemies":"Exordium Thugs","floor":14,"turns":4},{"damage":31,"enemies":"The Guardian","floor":16,"turns":10},{"damage":5,"enemies":"2 Thieves","floor":18,"turns":3},{"damage":10,"enemies":"3 Byrds","floor":21,"turns":5},{"damage":16,"enemies":"Snake Plant","floor":22,"turns":5},{"damage":6,"enemies":"Sentry and Sphere","floor":24,"turns":6},{"damage":0,"enemies":"Centurion and Healer","floor":28,"turns":7},{"damage":24,"enemies":"Snake Plant","floor":30,"turns":5},{"damage":15,"enemies":"Champ","floor":33,"turns":12},{"damage":12,"enemies":"Flame Bruiser 1 Orb","floor":35,"turns":8},{"damage":38,"enemies":"Orb Walker","floor":37,"turns":5},{"damage":0,"floor":39,"turns":10},{"damage":31,"enemies":"Sphere and 2 Shapes","floor":41,"turns":8},{"damage":15,"enemies":"4 Shapes","floor":47,"turns":13},{"damage":34,"enemies":"Spire Growth","floor":48,"turns":5},{"damage":74,"enemies":"Time Eater","floor":50,"turns":10}],"seed_played":"-2289352926192267984","potions_obtained":[{"floor":4,"key":"Swift Potion"},{"floor":8,"key":"Fire Potion"},{"floor":11,"key":"Fire Potion"},{"floor":16,"key":"Strength Potion"},{"floor":22,"key":"LiquidBronze"},{"floor":24,"key":"PowerPotion"},{"floor":30,"key":"Block Potion"},{"floor":39,"key":"FearPotion"}],"is_trial":false,"path_per_floor":["M","?","?","M","$","R","T","M","T","M","M","M","R","M","R","B",null,"M","?","$","M","M","R","M","?","T","R","M","R","M","$","R","B",null,"M","$","M","?","?","R","M","?","T","?","$","R","M","M","R"],"character_chosen":"DEFECT","items_purchased":["Ball Lightning","Apotheosis","Glacier","Self Repair","Conserve Battery","Sunder","Madness"],"campfire_rested":4,"item_purchase_floors":[5,20,20,31,31,31,36],"current_hp_per_floor":[69,69,58,58,58,58,58,53,53,49,49,44,44,41,41,10,75,70,56,56,46,30,30,24,24,24,48,48,48,24,24,48,33,80,75,75,44,44,54,54,33,33,33,33,33,57,55,37,61,0],"gold":109,"neow_bonus":"BOSS_RELIC","is_prod":false,"is_daily":false,"chose_seed":false,"campfire_upgraded":6,"win_rate":0,"timestamp":1533624059,"path_taken":["M","?","?","M","?","R","?","?","T","M","M","M","R","M","R","BOSS","M","?","$","M","M","R","M","?","T","R","M","R","M","$","R","BOSS","M","$","M","?","?","R","M","?","T","?","$","R","?","M","R","BOSS"],"build_version":"2018-08-02","purchased_purges":1,"victory":false,"max_hp_per_floor":[75,75,75,75,75,75,75,75,75,75,75,75,75,75,75,75,75,75,80,80,80,80,80,80,80,80,80,80,80,80,80,80,80,80,80,80,80,80,80,80,80,80,80,80,80,80,80,80,80,80],"card_choices":[{"not_picked":["Ball Lightning","Force Field"],"picked":"Gash","floor":1},{"not_picked":["Redo","Turbo"],"picked":"Double Energy","floor":4},{"not_picked":["Stack","Undo","Steam"],"picked":"SKIP","floor":8},{"not_picked":["Compile Driver","Loop"],"picked":"Ball Lightning","floor":10},{"not_picked":["Redo","Darkness"],"picked":"Coolheaded","floor":11},{"not_picked":["Rainbow","Hello World"],"picked":"Go for the Eyes","floor":12},{"not_picked":["Turbo","Force Field"],"picked":"Beam Cell","floor":14},{"not_picked":["Thunder Strike","Buffer"],"picked":"Creative AI","floor":16},{"not_picked":["Ball Lightning+1","Compile Driver"],"picked":"Auto Shields","floor":18},{"not_picked":["Genetic Algorithm","Steam"],"picked":"Coolheaded+1","floor":21},{"not_picked":["Steam","Leap"],"picked":"Gash","floor":22},{"not_picked":["Rebound","Leap"],"picked":"Heatsinks+1","floor":24},{"not_picked":["Stack","Ball Lightning","Redo"],"picked":"SKIP","floor":28},{"not_picked":["Stack","Recycle"],"picked":"Loop","floor":30},{"not_picked":["Core Surge","Multi-Cast"],"picked":"Reboot","floor":33},{"not_picked":["Static Discharge","Barrage+1"],"picked":"Defragment","floor":35},{"not_picked":["Go for the Eyes","Redo+1","Auto Shields"],"picked":"SKIP","floor":37},{"not_picked":["Barrage+1","Chill"],"picked":"Turbo+1","floor":39},{"not_picked":["Capacitor+1","Compile Driver+1"],"picked":"Echo Form","floor":41},{"not_picked":["Swift Strike","Blind"],"picked":"Bandage Up","floor":42},{"not_picked":["Turbo+1","Leap"],"picked":"Force Field","floor":47},{"not_picked":["Hello World+1","Ball Lightning+1"],"picked":"Go for the Eyes+1","floor":48}],"player_experience":347641,"relics_obtained":[],"event_choices":[{"event_name":"Living Wall","player_choice":"Change","floor":2,"damage_taken":0},{"event_name":"World of Goop","player_choice":"Gather Gold","floor":3,"damage_taken":0},{"event_name":"Forgotten Altar","player_choice":"Shed Blood","floor":19,"damage_taken":0},{"event_name":"Nest","player_choice":"Stole From Cult","floor":25,"damage_taken":0},{"event_name":"Falling","player_choice":"Removed Attack","floor":38,"damage_taken":0},{"event_name":"MindBloom","player_choice":"Fight","floor":39,"damage_taken":0},{"event_name":"SensoryStone","player_choice":"Memory 1","floor":42,"damage_taken":0},{"event_name":"Tomb of Lord Red Mask","player_choice":"Ignored","floor":44,"damage_taken":0}],"is_beta":false,"boss_relics":[{"not_picked":["Lizard Tail","Nuclear Battery","Tiny House"]},{"not_picked":["Runic Pyramid","Philosopher\u0027s Stone","Calling Bell"]}],"items_purged_floors":[45],"is_endless":false,"potions_floor_spawned":[4,8,11,16,22,24,30,39],"killed_by":"Time Eater","ascension_level":0}