{"gold_per_floor":[119,131,145,159,49,49,62,22,22,36,54,74,74,91,91,191,191,181,210,210],"floor_reached":20,"playtime":1510,"items_purged":[],"score":170,"play_id":"d644ab43-e283-48ad-bff4-a8e5d080fc42","local_time":"20180630010158","is_ascension_mode":false,"campfire_choices":[{"data":"Fire Breathing","floor":6,"key":"SMITH"},{"data":"Limit Break","floor":13,"key":"SMITH"},{"data":"Rampage","floor":15,"key":"SMITH"}],"neow_cost":"NONE","seed_source_timestamp":288740405618477,"circlet_count":0,"master_deck":["Strike_R+1","Strike_R+1","Defend_R","Defend_R","Defend_R","Defend_R","Bash","Headbutt","Disarm","Armaments","Inflame","Fire Breathing+1","Pummel","Combust","Rampage+1","Limit Break+1","Rage","Heavy Blade","Sever Soul","Feed","Fire Breathing+1","Feel No Pain+1","Fire Breathing+1","Shrug It Off+1","Twin Strike+1"],"relics":["Burning Blood","Whetstone","Orichalcum","Astrolabe","Red Mask"],"potions_floor_usage":[19,19,19],"damage_taken":[{"damage":1,"enemies":"Jaw Worm","floor":1,"turns":3},{"damage":0,"enemies":"Small Slimes","floor":2,"turns":2},{"damage":9,"enemies":"2 Louse","floor":3,"turns":3},{"damage":3,"enemies":"Looter","floor":4,"turns":5},{"damage":4,"enemies":"Blue Slaver","floor":7,"turns":3},{"damage":10,"enemies":"Red Slaver","floor":10,"turns":3},{"damage":6,"enemies":"Exordium Wildlife","floor":11,"turns":3},{"damage":8,"enemies":"Lots of Slimes","floor":12,"turns":4},{"damage":19,"enemies":"Gremlin Gang","floor":14,"turns":7},{"damage":16,"enemies":"Slime Boss","floor":16,"turns":9},{"damage":29,"enemies":"2 Thieves","floor":18,"turns":4},{"damage":59,"floor":19,"turns":7},{"damage":7,"enemies":"Shell Parasite","floor":20,"turns":2}],"seed_played":"-6011390117647452161","potions_obtained":[{"floor":2,"key":"EssenceOfSteel"},{"floor":3,"key":"Ancient Potion"},{"floor":7,"key":"Strength Potion"}],"is_trial":false,"path_per_floor":["M","M","M","M","$","R","M","$","T","M","M","M","R","M","R","B",null,"M","?"],"character_chosen":"IRONCLAD","items_purchased":["Fire Breathing","Pummel","Rampage"],"campfire_rested":0,"item_purchase_floors":[5,5,8],"current_hp_per_floor":[80,80,77,80,80,80,80,80,80,76,76,74,74,61,61,51,80,60,7,0],"gold":210,"neow_bonus":"RANDOM_COMMON_RELIC","is_prod":false,"is_daily":false,"chose_seed":false,"campfire_upgraded":3,"win_rate":0.0,"timestamp":1530342118,"path_taken":["M","M","M","M","$","R","M","$","T","M","M","M","R","M","R","BOSS","M","?","M"],"build_version":"2018-06-28","purchased_purges":0,"victory":false,"max_hp_per_floor":[80,80,80,80,80,80,80,80,80,80,80,80,80,80,80,80,80,83,83,83],"card_choices":[{"not_picked":["Anger","Cleave"],"picked":"Headbutt","floor":1},{"not_picked":["Flame Barrier","Warcry"],"picked":"Disarm","floor":2},{"not_picked":["Corruption","Ghostly Armor"],"picked":"Armaments","floor":3},{"not_picked":["Clothesline","Ghostly Armor"],"picked":"Inflame","floor":4},{"not_picked":["Infernal Blade","Anger"],"picked":"Combust","floor":7},{"not_picked":["Clothesline","Heavy Blade"],"picked":"Limit Break","floor":10},{"not_picked":["Body Slam","Searing Blow"],"picked":"Rage","floor":11},{"not_picked":["Reckless Charge","Thunderclap"],"picked":"Heavy Blade","floor":12},{"not_picked":["Clothesline","Power Through"],"picked":"Sever Soul","floor":14},{"not_picked":["Impervious","Fiend Fire"],"picked":"Feed","floor":16},{"not_picked":["Clothesline+1","Ghostly Armor+1"],"picked":"Shrug It Off+1","floor":18},{"not_picked":["Clothesline+1","True Grit"],"picked":"Twin Strike+1","floor":19}],"player_experience":71338,"relics_obtained":[{"floor":9,"key":"Orichalcum"},{"floor":19,"key":"Red Mask"}],"event_choices":[{"event_name":"Masked Bandits","player_choice":"Fought over 181 gold","floor":19,"damage_taken":0}],"boss_relics":[{"not_picked":["Ectoplasm","Runic Dome"],"picked":"Astrolabe"}],"items_purged_floors":[],"is_endless":false,"potions_floor_spawned":[2,3,7,12,14],"killed_by":"Shell Parasite","ascension_level":0}