{"gold_per_floor":[119,119,119,119,133,176,208,299,311,323,388,400,447,484,496,628,640,677,705,388,388],"floor_reached":21,"playtime":605,"items_purged":["Strike_R"],"score":265,"play_id":"800c497a-c48b-4721-bf9c-47b68f3d3847","local_time":"20190318190420","is_ascension_mode":true,"campfire_choices":[{"data":"Spot Weakness","floor":12,"key":"SMITH"},{"floor":15,"key":"REST"}],"neow_cost":"NONE","seed_source_timestamp":326243864175676,"circlet_count":0,"master_deck":["Strike_R","Strike_R","Strike_R","Strike_R","Defend_R","Defend_R","Defend_R","Defend_R","Bash","Disarm","Shrug It Off","Spot Weakness+1","Immolate","Heavy Blade","Warcry","Infernal Blade","Feed","Armaments","Pummel","Burning Pact","Corruption","Sever Soul","Flex"],"relics":["Burning Blood","NeowsBlessing","Golden Idol","MawBank","Question Card","PreservedInsect","Dead Branch","Eternal Feather"],"potions_floor_usage":[18,21,21,21],"damage_taken":[{"damage":0,"enemies":"Jaw Worm","floor":1,"turns":1},{"damage":0,"enemies":"Cultist","floor":3,"turns":1},{"damage":0,"enemies":"2 Louse","floor":5,"turns":2},{"damage":31,"enemies":"Lagavulin","floor":6,"turns":9},{"damage":6,"enemies":"2 Fungi Beasts","floor":7,"turns":3},{"damage":32,"enemies":"Gremlin Nob","floor":13,"turns":4},{"damage":3,"enemies":"3 Louse","floor":14,"turns":2},{"damage":21,"enemies":"The Guardian","floor":16,"turns":11},{"damage":8,"enemies":"3 Byrds","floor":18,"turns":5},{"damage":43,"enemies":"2 Thieves","floor":19,"turns":4},{"damage":43,"enemies":"Sentry and Sphere","floor":21,"turns":4}],"seed_played":"4891386485669965989","potions_obtained":[{"floor":6,"key":"Weak Potion"},{"floor":7,"key":"Poison Potion"},{"floor":14,"key":"Energy Potion"},{"floor":18,"key":"Swift Potion"}],"is_trial":false,"path_per_floor":["?","M","?","?","?","T"],"character_chosen":"IRONCLAD","items_purchased":["Burning Pact","Corruption","Sever Soul","Flex"],"campfire_rested":1,"item_purchase_floors":[20,20,20,20],"current_hp_per_floor":[78,78,80,74,74,49,49,49,49,73,73,73,47,50,72,57,70,71,34,34,0],"gold":388,"neow_bonus":"THREE_ENEMY_KILL","is_prod":false,"is_daily":false,"chose_seed":false,"campfire_upgraded":1,"win_rate":0,"timestamp":1552932260,"path_taken":["M","?","?","?","M","E","M","?","T","?","?","R","E","M","R","BOSS","M","M","$","M"],"build_version":"2019-01-23","purchased_purges":1,"victory":false,"max_hp_per_floor":[80,80,80,74,74,74,74,74,74,74,74,74,74,74,74,74,74,77,77,77,77],"card_choices":[{"not_picked":["Perfected Strike","Iron Wave"],"picked":"Disarm","floor":1},{"not_picked":["Sentinel","Havoc"],"picked":"Shrug It Off","floor":3},{"not_picked":["Searing Blow","Iron Wave"],"picked":"Spot Weakness","floor":5},{"not_picked":["Twin Strike","Clash"],"picked":"Immolate","floor":6},{"not_picked":["Uppercut","Intimidate"],"picked":"Heavy Blade","floor":7},{"not_picked":["Dropkick","Fire Breathing","Armaments"],"picked":"Warcry","floor":13},{"not_picked":["Cleave","Blood for Blood","Metallicize"],"picked":"Infernal Blade","floor":14},{"not_picked":["Offering","Double Tap","Brutality"],"picked":"Feed","floor":16},{"not_picked":["Inflame","Seeing Red","Cleave"],"picked":"Armaments","floor":18},{"not_picked":["Pommel Strike","Twin Strike","Rupture"],"picked":"Pummel","floor":19}],"player_experience":390878,"relics_obtained":[{"floor":6,"key":"MawBank"},{"floor":9,"key":"Question Card"},{"floor":11,"key":"PreservedInsect"},{"floor":13,"key":"Dead Branch"}],"event_choices":[{"damage_healed":0,"gold_gain":0,"player_choice":"Bought 0 Potions","damage_taken":0,"max_hp_gain":0,"max_hp_loss":0,"event_name":"The Woman in Blue","floor":2,"gold_loss":0},{"damage_healed":0,"gold_gain":0,"player_choice":"Lose Max HP","damage_taken":0,"relics_obtained":["Golden Idol"],"max_hp_gain":0,"max_hp_loss":6,"event_name":"Golden Idol","floor":4,"gold_loss":0},{"damage_healed":0,"gold_gain":79,"player_choice":"Gained Gold","damage_taken":0,"max_hp_gain":0,"max_hp_loss":0,"event_name":"Golden Wing","floor":8,"gold_loss":0},{"damage_healed":24,"gold_gain":0,"player_choice":"Banana","damage_taken":0,"max_hp_gain":0,"max_hp_loss":0,"event_name":"Big Fish","floor":10,"gold_loss":0}],"is_beta":false,"boss_relics":[{"not_picked":["Coffee Dripper","Sozu"],"picked":"Eternal Feather"}],"items_purged_floors":[20],"is_endless":false,"potions_floor_spawned":[6,7,14,16,18],"killed_by":"Sentry and Sphere","ascension_level":8}