{"path_per_floor":["M","$","M","?","M","R","E","M","T","?","M","M","M","M","R"],"character_chosen":"DEFECT","items_purchased":[],"gold_per_floor":[109,34,45,45,61,61,102,122,122,193,216,236,260,283,283,283],"floor_reached":16,"campfire_rested":0,"playtime":899,"current_hp_per_floor":[66,66,65,65,55,55,65,40,40,31,31,24,23,25,25,0],"items_purged":["Regret"],"gold":283,"score":151,"play_id":"a1c9870c-6038-421c-8443-0b32cf95a402","local_time":"20180511183833","is_prod":false,"is_daily":false,"chose_seed":false,"is_ascension_mode":true,"campfire_upgraded":2,"timestamp":1526081913,"path_taken":["M","$","M","?","?","R","E","M","T","?","M","?","M","?","R","BOSS"],"build_version":"2018-05-10","seed_source_timestamp":242061726197813,"purchased_purges":1,"victory":false,"master_deck":["Strike_B","Strike_B","Strike_B","Strike_B","Defend_B","Defend_B","Defend_B","Defend_B","Zap","Dualcast","All For One","Buffer+1","Injury","Go for the Eyes","Double Energy+1","Beam Cell","Self Repair","Self Repair"],"max_hp_per_floor":[75,75,75,75,75,75,85,85,85,85,85,85,85,85,85,85],"relics":["Cracked Core","Golden Idol","Pear","Kunai","Centennial Puzzle"],"card_choices":[{"not_picked":["Seek","Thunder Strike"],"picked":"All For One","floor":0.0},{"not_picked":["FTL","Cold Snap"],"picked":"Buffer","floor":3.0},{"not_picked":["Conserve Battery","Steam"],"picked":"Go for the Eyes","floor":8.0},{"not_picked":["Leap","Coolheaded"],"picked":"Double Energy","floor":10},{"not_picked":["Double Energy","Redo"],"picked":"Beam Cell","floor":11},{"not_picked":["Skim","Impulse"],"picked":"Self Repair","floor":13},{"not_picked":["Darkness","Turbo"],"picked":"Self Repair","floor":14}],"player_experience":85054,"potions_floor_usage":[12,13,14,16,16],"damage_taken":[{"damage":9.0,"enemies":"Jaw Worm","floor":1.0,"turns":3.0},{"damage":1.0,"enemies":"Cultist","floor":3.0,"turns":3.0},{"damage":10.0,"enemies":"2 Louse","floor":5.0,"turns":2.0},{"damage":0.0,"enemies":"Lagavulin","floor":7.0,"turns":7.0},{"damage":25.0,"enemies":"Gremlin Gang","floor":8.0,"turns":6.0},{"damage":9,"enemies":"Gremlin Nob","floor":10,"turns":5},{"damage":0,"enemies":"Looter","floor":11,"turns":3},{"damage":7,"enemies":"Exordium Thugs","floor":12,"turns":4},{"damage":13,"enemies":"Exordium Wildlife","floor":13,"turns":5},{"damage":5,"enemies":"Gremlin Gang","floor":14,"turns":4},{"damage":26,"enemies":"The Guardian","floor":16,"turns":12}],"event_choices":[{"event_name":"Golden Idol","player_choice":"Take Wound","floor":4.0,"damage_taken":0.0},{"event_name":"Dead Adventurer","player_choice":"Searched \u00272\u0027 times","floor":10,"damage_taken":0}],"boss_relics":[],"potions_floor_spawned":[1,10,11,12,13,14],"seed_played":"-8400464872854743","killed_by":"The Guardian","ascension_level":3,"is_trial":false}