{"path_per_floor":["M","?","?","$","M","R","M","R","T","M","?","?","R","M","R","B",null,"M","$","M"],"character_chosen":"DEFECT","items_purchased":["Double Energy","Toxic Egg 2"],"gold_per_floor":[116,183,183,106,116,116,136,136,163,176,176,176,176,190,190,291,291,311,68,78,78],"floor_reached":21,"campfire_rested":1,"playtime":1293,"current_hp_per_floor":[70,70,55,55,54,54,53,53,53,53,53,53,75,75,75,53,75,59,59,35,0],"items_purged":[],"gold":78,"score":169,"play_id":"df590af2-dd1d-4827-941e-2eef4d937141","local_time":"20180428165406","is_prod":false,"is_daily":false,"chose_seed":false,"is_ascension_mode":false,"campfire_upgraded":3,"timestamp":1524952446,"path_taken":["M","?","?","$","M","R","M","R","T","M","?","?","R","M","R","BOSS","M","$","M","M"],"build_version":"2018-04-27v3","seed_source_timestamp":1087241355698622,"purchased_purges":1,"victory":false,"master_deck":["Strike_B","Strike_B","Strike_B+1","Defend_B","Defend_B","Defend_B","Defend_B","Zap+1","Dualcast+1","Doom and Gloom","Double Energy+1","Cold Snap","Melter+1","Defragment+1","Flux Capacitor","Fission","Hello World","FTL","Redo","Auto Shields+1","Impulse+1"],"max_hp_per_floor":[75,75,75,75,75,75,75,75,75,75,75,75,75,75,75,75,75,75,75,75,75],"relics":["Cracked Core","Juzu Bracelet","Orrery","Toxic Egg 2"],"card_choices":[{"not_picked":["Sweeping Beam","Capacitor"],"picked":"Doom and Gloom","floor":1},{"not_picked":["Gash","Darkness"],"picked":"Cold Snap","floor":5},{"not_picked":["Ball Lightning","Streamline"],"picked":"Melter","floor":7},{"not_picked":["Aggregate","Hologram"],"picked":"Defragment","floor":10},{"not_picked":["Scrape","Ball Lightning"],"picked":"Flux Capacitor","floor":14},{"not_picked":["Rainbow","Machine Learning"],"picked":"Fission","floor":16},{"not_picked":["Force Field","Streamline"],"picked":"Hello World","floor":17},{"not_picked":["Steam Power","Axe Kick"],"picked":"FTL","floor":17},{"not_picked":["Axe Kick","Leap"],"picked":"Redo","floor":17},{"not_picked":["Streamline","Skim"],"picked":"Auto Shields","floor":18},{"not_picked":["Sweeping Beam","Coolheaded"],"picked":"Impulse","floor":20}],"player_experience":257,"potions_floor_usage":[14,16,20,20,20],"damage_taken":[{"damage":5,"enemies":"Jaw Worm","floor":1,"turns":5},{"damage":1,"enemies":"2 Louse","floor":5,"turns":3},{"damage":1,"enemies":"Cultist","floor":7,"turns":3},{"damage":0,"enemies":"2 Fungi Beasts","floor":10,"turns":3},{"damage":0,"enemies":"3 Louse","floor":14,"turns":2},{"damage":22,"enemies":"The Guardian","floor":16,"turns":8},{"damage":16,"enemies":"Spheric Guardian","floor":18,"turns":4},{"damage":24,"enemies":"Chosen","floor":20,"turns":5},{"damage":48,"enemies":"Slaver and Parasite","floor":21,"turns":4}],"event_choices":[{"event_name":"Golden Wing","player_choice":"Gained Gold","floor":2,"damage_taken":0},{"event_name":"Shining Light","player_choice":"Entered Light","floor":3,"damage_taken":0},{"event_name":"Purifier","player_choice":"One Purge","floor":11,"damage_taken":0},{"event_name":"Living Wall","player_choice":"Grow","floor":12,"damage_taken":0}],"boss_relics":[{"not_picked":["Snecko Eye","Astrolabe"],"picked":"Orrery"}],"potions_floor_spawned":[5,7,14,16,18],"seed_played":"-3555001088453652017","killed_by":"Slaver and Parasite","ascension_level":0,"is_trial":false}