{"gold_per_floor":[115,131,145,155,155,189,189,206,280,280,280,293,306,275,275,349,349,366,250,250,114,132,163,163,183,183,194,227,227],"floor_reached":29,"playtime":1366,"items_purged":["Strike_G","Strike_G"],"score":441,"play_id":"7c2f2bf0-ebfa-4467-b1cc-af068a4ff749","local_time":"20190103012053","is_ascension_mode":true,"campfire_choices":[{"data":"Footwork","floor":7,"key":"SMITH"},{"floor":10,"key":"REST"},{"data":"Poisoned Stab","floor":15,"key":"SMITH"},{"floor":24,"key":"REST"}],"neow_cost":"NONE","seed_source_timestamp":85027793049656,"circlet_count":0,"master_deck":["AscendersBane","Defend_G","Defend_G","Defend_G","Defend_G","Strike_G","Strike_G","Strike_G","Survivor","Neutralize","Poisoned Stab+1","Deflect","Footwork+1","Bouncing Flask","Noxious Fumes","Dodge and Roll","Poisoned Stab","Predator","Corpse Explosion","Dodge and Roll","Blur","Crippling Poison","Malaise","Heel Hook","Backflip"],"relics":["Ring of the Snake","NeowsBlessing","Strawberry","Girya","Bottled Flame","Sozu","Bag of Marbles","The Courier","Gremlin Horn"],"potions_floor_usage":[6,16,23,23],"damage_taken":[{"damage":0,"enemies":"2 Louse","floor":1,"turns":1},{"damage":0,"enemies":"Small Slimes","floor":2,"turns":1},{"damage":0,"enemies":"Cultist","floor":3,"turns":1},{"damage":0,"enemies":"Blue Slaver","floor":4,"turns":5},{"damage":32,"enemies":"Lagavulin","floor":6,"turns":7},{"damage":13,"enemies":"Exordium Wildlife","floor":8,"turns":5},{"damage":0,"enemies":"Red Slaver","floor":12,"turns":5},{"damage":9,"enemies":"Large Slime","floor":13,"turns":7},{"damage":17,"enemies":"Hexaghost","floor":16,"turns":12},{"damage":8,"enemies":"Shell Parasite","floor":18,"turns":5},{"damage":26,"enemies":"3 Byrds","floor":22,"turns":3},{"damage":16,"enemies":"Slavers","floor":23,"turns":4},{"damage":11,"enemies":"Shelled Parasite and Fungi","floor":25,"turns":6},{"damage":0,"enemies":"Snecko","floor":27,"turns":5},{"damage":9,"enemies":"Book of Stabbing","floor":28,"turns":8},{"damage":16,"enemies":"Cultist and Chosen","floor":29,"turns":5}],"seed_played":"-7716647672007698652","potions_obtained":[{"floor":4,"key":"Weak Potion"},{"floor":8,"key":"Regen Potion"},{"floor":12,"key":"Swift Potion"},{"floor":16,"key":"Dexterity Potion"}],"is_trial":false,"path_per_floor":["M","M","M","M","?","E","R","M","T","R","?","M","M","?","R","B",null,"M","$","?","$","M","E","R","M","T","M","E","M"],"character_chosen":"THE_SILENT","items_purchased":["Blur","Crippling Poison"],"campfire_rested":2,"item_purchase_floors":[19,21],"current_hp_per_floor":[63,63,63,63,63,31,31,18,18,41,41,41,32,32,32,15,62,54,54,54,54,28,12,35,24,24,24,15,0],"gold":227,"neow_bonus":"THREE_ENEMY_KILL","is_prod":false,"is_daily":false,"chose_seed":false,"campfire_upgraded":2,"win_rate":0,"timestamp":1546503653,"path_taken":["M","M","M","M","?","E","R","M","T","R","?","M","M","?","R","BOSS","M","$","?","$","M","E","R","M","T","M","E","M"],"build_version":"2018-12-20","purchased_purges":2,"victory":false,"max_hp_per_floor":[70,70,70,70,77,77,77,77,77,77,77,77,77,77,77,77,77,77,77,77,77,77,77,77,77,77,77,77,77],"card_choices":[{"not_picked":["Dodge and Roll","Dagger Throw"],"picked":"Poisoned Stab","floor":1},{"not_picked":["Setup","Underhanded Strike"],"picked":"Deflect","floor":2},{"not_picked":["Wraith Form v2","Dodge and Roll"],"picked":"Footwork","floor":3},{"not_picked":["Flechettes","Sucker Punch"],"picked":"Bouncing Flask","floor":4},{"not_picked":["Slice","Outmaneuver"],"picked":"Noxious Fumes","floor":6},{"not_picked":["Endless Agony","Blade Dance"],"picked":"Dodge and Roll","floor":8},{"not_picked":["Riddle With Holes","Calculated Gamble"],"picked":"Poisoned Stab","floor":12},{"not_picked":["Prepared","Deflect"],"picked":"Predator","floor":13},{"not_picked":["Doppelganger","Bullet Time"],"picked":"Corpse Explosion","floor":16},{"not_picked":["Blade Dance","Cloak And Dagger"],"picked":"Dodge and Roll","floor":18},{"not_picked":["Bane","Quick Slash"],"picked":"Malaise","floor":22},{"not_picked":["Grand Finale","Distraction","Choke"],"picked":"SKIP","floor":23},{"not_picked":["Prepared","Quick Slash"],"picked":"Heel Hook","floor":25},{"not_picked":["Skewer","Acrobatics+1"],"picked":"Backflip","floor":27},{"not_picked":["Underhanded Strike","Finisher","Blade Dance"],"picked":"SKIP","floor":28}],"player_experience":701064,"relics_obtained":[{"floor":6,"key":"Girya"},{"floor":9,"key":"Bottled Flame"},{"floor":23,"key":"Bag of Marbles"},{"floor":26,"key":"The Courier"},{"floor":28,"key":"Gremlin Horn"}],"event_choices":[{"damage_healed":0,"gold_gain":0,"player_choice":"Success","damage_taken":7,"relics_obtained":["Strawberry"],"max_hp_gain":0,"max_hp_loss":0,"event_name":"Scrap Ooze","floor":5,"gold_loss":0},{"damage_healed":0,"gold_gain":0,"player_choice":"Ignored","damage_taken":0,"max_hp_gain":0,"max_hp_loss":0,"event_name":"Liars Game","floor":11,"gold_loss":0},{"damage_healed":0,"gold_gain":0,"player_choice":"Left Gold","damage_taken":0,"max_hp_gain":0,"max_hp_loss":0,"event_name":"World of Goop","floor":14,"gold_loss":31},{"cards_removed":["Defend_G"],"damage_healed":0,"gold_gain":0,"player_choice":"Offered Basic","damage_taken":0,"max_hp_gain":0,"max_hp_loss":0,"event_name":"Bonfire Elementals","floor":20,"gold_loss":0}],"is_beta":false,"boss_relics":[{"not_picked":["Runic Pyramid","Orrery"],"picked":"Sozu"}],"items_purged_floors":[19,21],"is_endless":false,"potions_floor_spawned":[4,8,12,16,18,25,27],"killed_by":"Cultist and Chosen","ascension_level":13}