{"gold_per_floor":[116,131,131,3,20,20,46,9,35,35,35,0,0,31,31,159,159,159,159,159,159,159,43,43,43,43,43,43,43,43,43,43,43,43,43,43,43,43,43,43,43,43],"floor_reached":42,"playtime":2021,"items_purged":[],"score":565,"play_id":"80f67bbc-7665-456c-9430-dfa233966f7d","local_time":"20190319175422","is_ascension_mode":true,"campfire_choices":[{"data":"Defragment","floor":6,"key":"SMITH"},{"data":"Defragment","floor":10,"key":"SMITH"},{"data":"Zap","floor":13,"key":"SMITH"},{"data":"Coolheaded","floor":15,"key":"SMITH"},{"floor":25,"key":"REST"},{"floor":27,"key":"REST"},{"data":"White Noise","floor":32,"key":"SMITH"},{"floor":41,"key":"REST"}],"neow_cost":"NONE","seed_source_timestamp":407017014261320,"circlet_count":0,"master_deck":["Strike_B","Strike_B+1","Defend_B","Defend_B","Defend_B","Defend_B","Zap+1","Dualcast","Glacier","Coolheaded+1","Defragment+1","Leap","Skim","Storm","Defragment+1","Barrage","Ball Lightning+1","Capacitor","Loop","Redo","White Noise+1","Doom and Gloom","Defragment","FTL+1","Creative AI","Barrage+1","Capacitor"],"relics":["Cracked Core","NeowsBlessing","Potion Belt","Bag of Marbles","Golden Idol","Matryoshka","Ectoplasm","Red Mask","Singing Bowl","Orichalcum","Molten Egg 2","Nilry\u0027s Codex","Fusion Hammer","Blood Vial","Vajra","Whetstone"],"potions_floor_usage":[7,22,24],"damage_taken":[{"damage":0,"enemies":"2 Louse","floor":1,"turns":1},{"damage":0,"enemies":"Cultist","floor":2,"turns":1},{"damage":0,"enemies":"Small Slimes","floor":5,"turns":1},{"damage":19,"enemies":"3 Sentries","floor":7,"turns":19},{"damage":1,"enemies":"Lagavulin","floor":14,"turns":7},{"damage":22,"enemies":"Hexaghost","floor":16,"turns":11},{"damage":16,"enemies":"3 Byrds","floor":18,"turns":5},{"damage":0,"enemies":"Chosen","floor":20,"turns":6},{"damage":4,"enemies":"Sentry and Sphere","floor":21,"turns":5},{"damage":2,"enemies":"Masked Bandits","floor":22,"turns":2},{"damage":26,"enemies":"Gremlin Leader","floor":24,"turns":5},{"damage":14,"enemies":"Snake Plant","floor":29,"turns":4},{"damage":22,"enemies":"3 Cultists","floor":31,"turns":5},{"damage":34,"enemies":"Collector","floor":33,"turns":7},{"damage":8,"enemies":"3 Shapes","floor":35,"turns":3},{"damage":20,"enemies":"Orb Walker","floor":37,"turns":4},{"damage":19,"enemies":"Sphere and 2 Shapes","floor":39,"turns":5},{"damage":23,"enemies":"Reptomancer","floor":40,"turns":8},{"damage":36,"enemies":"3 Darklings","floor":42,"turns":2}],"seed_played":"6739200253326456920","potions_obtained":[{"floor":1,"key":"Block Potion"},{"floor":2,"key":"Energy Potion"},{"floor":16,"key":"SkillPotion"},{"floor":21,"key":"Explosive Potion"},{"floor":22,"key":"Ancient Potion"},{"floor":29,"key":"Dexterity Potion"}],"is_trial":false,"path_per_floor":["?","$","?","?","?","?","?","?","M","?","T","M"],"character_chosen":"DEFECT","items_purchased":["Defragment","Leap","Defragment","White Noise","Doom and Gloom"],"campfire_rested":3,"item_purchase_floors":[4,4,8,23,23],"current_hp_per_floor":[75,75,75,75,75,75,56,56,56,56,56,69,69,68,68,46,63,47,47,47,43,41,41,17,38,38,59,43,29,81,59,59,25,67,61,61,41,41,26,5,30,0],"gold":43,"neow_bonus":"THREE_ENEMY_KILL","is_prod":false,"is_daily":false,"chose_seed":false,"campfire_upgraded":5,"win_rate":0,"timestamp":1553014462,"path_taken":["M","M","?","$","M","R","E","?","T","R","?","?","R","E","R","BOSS","M","?","M","M","?","$","E","R","T","R","?","M","?","?","R","BOSS","M","?","M","?","?","E","R","M"],"build_version":"2019-01-23","purchased_purges":0,"victory":false,"max_hp_per_floor":[75,75,75,75,75,75,75,75,75,75,69,69,69,69,69,69,69,69,69,69,69,69,69,71,71,71,71,71,71,81,81,81,81,81,83,83,83,83,85,85,85,85],"card_choices":[{"not_picked":["Double Energy","Turbo"],"picked":"Glacier","floor":1},{"not_picked":["Darkness","Chaos"],"picked":"Coolheaded","floor":2},{"not_picked":["Reinforced Body","Undo"],"picked":"Skim","floor":5},{"not_picked":["Hyperbeam","Leap"],"picked":"Storm","floor":7},{"not_picked":["Redo","Hologram"],"picked":"Barrage","floor":14},{"not_picked":["Meteor Strike","Multi-Cast"],"picked":"Machine Learning","floor":16},{"not_picked":["Beam Cell","Compile Driver"],"picked":"Ball Lightning","floor":18},{"not_picked":["Leap+1","Gash"],"picked":"Capacitor","floor":20},{"not_picked":["Reinforced Body","Coolheaded"],"picked":"Loop","floor":21},{"not_picked":["Compile Driver","Rebound+1"],"picked":"Redo","floor":22},{"not_picked":["Go for the Eyes","Recycle","Compile Driver"],"picked":"Singing Bowl","floor":24},{"not_picked":["Blizzard+1","Hologram"],"picked":"Defragment","floor":29},{"not_picked":["Leap","Hologram"],"picked":"FTL+1","floor":31},{"not_picked":["Seek","Biased Cognition"],"picked":"Creative AI","floor":33},{"not_picked":["Conserve Battery","Steam","Darkness"],"picked":"Singing Bowl","floor":35},{"not_picked":["Coolheaded+1","Doom and Gloom+1"],"picked":"Barrage+1","floor":37},{"not_picked":["Meteor Strike+1","Coolheaded","Sweeping Beam+1"],"picked":"Singing Bowl","floor":39},{"not_picked":["Sweeping Beam+1","Compile Driver+1"],"picked":"Capacitor","floor":40}],"player_experience":416607,"relics_obtained":[{"floor":7,"key":"Potion Belt"},{"floor":9,"key":"Bag of Marbles"},{"floor":14,"key":"Matryoshka"},{"floor":22,"key":"Red Mask"},{"floor":24,"key":"Singing Bowl"},{"floor":26,"key":"Orichalcum"},{"floor":26,"key":"Molten Egg 2"},{"floor":28,"key":"Nilry\u0027s Codex"},{"floor":38,"key":"Blood Vial"},{"floor":38,"key":"Vajra"},{"floor":40,"key":"Whetstone"}],"event_choices":[{"cards_removed":["Strike_B"],"damage_healed":0,"gold_gain":0,"player_choice":"Purged","damage_taken":0,"max_hp_gain":0,"max_hp_loss":0,"event_name":"Purifier","floor":3,"gold_loss":0},{"damage_healed":0,"gold_gain":0,"player_choice":"Lose Max HP","damage_taken":0,"relics_obtained":["Golden Idol"],"max_hp_gain":0,"max_hp_loss":6,"event_name":"Golden Idol","floor":11,"gold_loss":0},{"damage_healed":17,"gold_gain":0,"player_choice":"Healed","damage_taken":0,"max_hp_gain":0,"max_hp_loss":0,"event_name":"The Cleric","floor":12,"gold_loss":35},{"cards_removed":["Strike_B"],"damage_healed":0,"gold_gain":0,"player_choice":"Elegance","damage_taken":0,"max_hp_gain":0,"max_hp_loss":0,"event_name":"Back to Basics","floor":19,"gold_loss":0},{"damage_healed":0,"gold_gain":0,"player_choice":"Fought Bandits","damage_taken":0,"max_hp_gain":0,"max_hp_loss":0,"event_name":"Masked Bandits","floor":22,"gold_loss":0},{"damage_healed":0,"gold_gain":0,"player_choice":"Obtained Book","damage_taken":16,"max_hp_gain":0,"max_hp_loss":0,"event_name":"Cursed Tome","floor":28,"gold_loss":0},{"cards_removed":["Machine Learning"],"damage_healed":42,"gold_gain":0,"player_choice":"Offered Rare","damage_taken":0,"max_hp_gain":10,"max_hp_loss":0,"event_name":"Bonfire Elementals","floor":30,"gold_loss":0},{"damage_healed":0,"gold_gain":0,"player_choice":"Ignored","damage_taken":0,"max_hp_gain":0,"max_hp_loss":0,"event_name":"The Moai Head","floor":36,"gold_loss":0}],"is_beta":false,"boss_relics":[{"not_picked":["FrozenCore","Coffee Dripper"],"picked":"Ectoplasm"},{"not_picked":["Runic Dome","Snecko Eye"],"picked":"Fusion Hammer"}],"items_purged_floors":[],"is_endless":false,"potions_floor_spawned":[1,2,16,21,22,29],"killed_by":"3 Darklings","ascension_level":5}