{"gold_per_floor":[116,116,66,81,101,128,128,128,128,161,161,36,36,66,66,168,168,187,200,200,200,200,200],"floor_reached":23,"playtime":1535,"items_purged":[],"score":358,"play_id":"d11041a6-bb9e-45ed-b62c-49de39b7b271","local_time":"20190320175520","is_ascension_mode":true,"campfire_choices":[{"data":"Iron Wave","floor":7,"key":"SMITH"},{"floor":11,"key":"REST"},{"data":"Flame Barrier","floor":13,"key":"SMITH"},{"data":"Inflame","floor":15,"key":"SMITH"}],"neow_cost":"NONE","seed_source_timestamp":493958475691577,"circlet_count":0,"master_deck":["AscendersBane","Defend_R","Defend_R","Defend_R","Bash+1","Iron Wave+1","Ghostly Armor","Twin Strike","Clash","Flame Barrier+1","Sever Soul","Twin Strike","Inflame+1","Offering","Disarm+1","Clash","Bite","Bite","Bite","Bite","Bite","Ghostly","Ghostly","Ghostly","Ghostly","Ghostly"],"relics":["Burning Blood","Juzu Bracelet","PreservedInsect","Bag of Preparation","Letter Opener","Smiling Mask","Pen Nib","Runic Dome"],"potions_floor_usage":[6,10],"damage_taken":[{"damage":4,"enemies":"2 Louse","floor":1,"turns":3},{"damage":0,"enemies":"Small Slimes","floor":4,"turns":4},{"damage":9,"enemies":"Cultist","floor":5,"turns":5},{"damage":29,"enemies":"Lagavulin","floor":6,"turns":8},{"damage":17,"enemies":"Gremlin Nob","floor":10,"turns":4},{"damage":4,"enemies":"3 Sentries","floor":14,"turns":6},{"damage":33,"enemies":"Hexaghost","floor":16,"turns":9},{"damage":6,"enemies":"Shell Parasite","floor":18,"turns":4},{"damage":6,"enemies":"Chosen","floor":19,"turns":3},{"damage":37,"enemies":"Gremlin Leader","floor":23,"turns":5}],"seed_played":"4708499617927460113","potions_obtained":[{"floor":4,"key":"AttackPotion"},{"floor":6,"key":"Poison Potion"},{"floor":10,"key":"Fire Potion"}],"is_trial":false,"path_per_floor":["?","?","?","?","?","?"],"character_chosen":"IRONCLAD","items_purchased":["Sever Soul","Twin Strike"],"campfire_rested":1,"item_purchase_floors":[12,12],"current_hp_per_floor":[74,74,74,80,77,54,54,54,54,43,67,67,67,69,69,42,71,71,71,56,28,28,0],"gold":200,"neow_bonus":"RANDOM_COMMON_RELIC","is_prod":false,"is_daily":false,"chose_seed":false,"campfire_upgraded":3,"win_rate":0,"timestamp":1553100920,"path_taken":["M","?","?","M","M","E","R","?","T","E","R","$","R","E","R","BOSS","M","M","?","?","?","E"],"build_version":"2019-01-23","purchased_purges":0,"victory":false,"max_hp_per_floor":[80,80,80,80,80,80,80,80,80,80,80,80,80,80,80,80,80,80,80,56,28,28,28],"card_choices":[{"not_picked":["True Grit","Fire Breathing"],"picked":"Iron Wave","floor":1},{"not_picked":["Evolve","Seeing Red"],"picked":"Ghostly Armor","floor":4},{"not_picked":["Flex","Seeing Red"],"picked":"Twin Strike","floor":5},{"not_picked":["Combust","Iron Wave"],"picked":"Clash","floor":6},{"not_picked":["Heavy Blade","Fire Breathing"],"picked":"Flame Barrier","floor":10},{"not_picked":["Fiend Fire","Searing Blow"],"picked":"Inflame","floor":14},{"not_picked":["Barricade","Impervious"],"picked":"Offering","floor":16},{"not_picked":["Pummel","Clothesline"],"picked":"Disarm+1","floor":18},{"not_picked":["Battle Trance","Fire Breathing"],"picked":"Clash","floor":19}],"player_experience":435652,"relics_obtained":[{"floor":6,"key":"Bag of Preparation"},{"floor":9,"key":"Letter Opener"},{"floor":10,"key":"Smiling Mask"},{"floor":14,"key":"Pen Nib"}],"event_choices":[{"damage_healed":0,"gold_gain":0,"player_choice":"Box","damage_taken":0,"relics_obtained":["PreservedInsect"],"max_hp_gain":0,"max_hp_loss":0,"event_name":"Big Fish","floor":2,"gold_loss":0,"cards_obtained":["Regret"]},{"cards_removed":["Regret"],"damage_healed":0,"gold_gain":0,"player_choice":"Card Removal","damage_taken":0,"max_hp_gain":0,"max_hp_loss":0,"event_name":"The Cleric","floor":3,"gold_loss":50},{"damage_healed":0,"gold_gain":0,"player_choice":"Grow","damage_taken":0,"max_hp_gain":0,"max_hp_loss":0,"event_name":"Living Wall","floor":8,"gold_loss":0,"cards_upgraded":["Bash"]},{"damage_healed":0,"gold_gain":0,"player_choice":"Became a vampire","damage_taken":0,"max_hp_gain":0,"max_hp_loss":24,"event_name":"Vampires","floor":20,"gold_loss":0,"cards_obtained":["Bite","Bite","Bite","Bite","Bite"]},{"damage_healed":0,"gold_gain":0,"player_choice":"Became a Ghost","damage_taken":0,"max_hp_gain":0,"max_hp_loss":28,"event_name":"Ghosts","floor":21,"gold_loss":0,"cards_obtained":["Ghostly","Ghostly","Ghostly","Ghostly","Ghostly"]},{"cards_removed":["Defend_R"],"damage_healed":0,"gold_gain":0,"player_choice":"Purged","damage_taken":0,"max_hp_gain":0,"max_hp_loss":0,"event_name":"Purifier","floor":22,"gold_loss":0}],"is_beta":false,"boss_relics":[{"not_picked":["Runic Cube","Orrery"],"picked":"Runic Dome"}],"items_purged_floors":[],"is_endless":false,"potions_floor_spawned":[4,6,10],"killed_by":"Gremlin Leader","ascension_level":10}