{"gold_per_floor":[119,119,194,46,46,46,46,46,69,69,79,93,103,123,123,219,219,231,248,248,248],"floor_reached":21,"playtime":719,"items_purged":["Strike_R"],"score":194,"play_id":"72d17440-de9b-4208-bdc0-0d18899f35b6","local_time":"20180730151307","is_ascension_mode":false,"campfire_choices":[{"data":"Disarm","floor":7,"key":"SMITH"},{"data":"Searing Blow","floor":10,"key":"SMITH"},{"data":"Armaments","floor":15,"key":"SMITH"}],"neow_cost":"NONE","seed_source_timestamp":1349046360953313,"circlet_count":0,"master_deck":["Strike_R","Strike_R","Strike_R","Defend_R","Defend_R","Defend_R","Defend_R","Bash+1","Disarm+1","Searing Blow+1","Headbutt","Armaments+1","Flex","Demon Form","Ghostly","Ghostly","Ghostly","Ghostly","Ghostly"],"relics":["Burning Blood"],"potions_floor_usage":[18,19,21],"damage_taken":[{"damage":6,"enemies":"Jaw Worm","floor":1,"turns":3},{"damage":0,"enemies":"2 Louse","floor":11,"turns":2},{"damage":8,"enemies":"Small Slimes","floor":12,"turns":3},{"damage":5,"enemies":"Red Slaver","floor":13,"turns":4},{"damage":4,"enemies":"Blue Slaver","floor":14,"turns":4},{"damage":8,"enemies":"The Guardian","floor":16,"turns":14},{"damage":44,"enemies":"3 Byrds","floor":18,"turns":7},{"damage":33,"enemies":"Spheric Guardian","floor":19,"turns":6},{"damage":17,"enemies":"3 Cultists","floor":21,"turns":3}],"seed_played":"2760021161521860749","potions_obtained":[{"floor":1,"key":"Swift Potion"},{"floor":11,"key":"Weak Potion"},{"floor":18,"key":"Dexterity Potion"},{"floor":19,"key":"PowerPotion"}],"is_trial":false,"path_per_floor":["M","?","?","$","?","?","R","$","T","R","M","M","M","M","R","B",null,"M","M","?"],"character_chosen":"IRONCLAD","items_purchased":["Searing Blow"],"campfire_rested":0,"item_purchase_floors":[4],"current_hp_per_floor":[80,73,62,62,62,62,62,62,62,62,68,66,67,69,69,67,80,42,15,15,0],"gold":248,"neow_bonus":"UPGRADE_CARD","is_prod":false,"is_daily":false,"chose_seed":false,"campfire_upgraded":3,"win_rate":0,"timestamp":1532985187,"path_taken":["M","?","?","$","?","?","R","$","T","R","M","M","M","M","R","BOSS","M","M","?","M"],"build_version":"2018-07-26","purchased_purges":1,"victory":false,"max_hp_per_floor":[80,80,80,80,80,80,80,80,80,80,80,80,80,80,80,80,80,80,80,40,40],"card_choices":[{"not_picked":["Body Slam","Sword Boomerang"],"picked":"Disarm","floor":1},{"not_picked":["Rage","Intimidate"],"picked":"Headbutt","floor":11},{"not_picked":["Sword Boomerang","Havoc"],"picked":"Armaments","floor":12},{"not_picked":["True Grit","Shockwave","Sword Boomerang"],"picked":"SKIP","floor":13},{"not_picked":["Fiend Fire","Flame Barrier"],"picked":"Flex","floor":14},{"not_picked":["Brutality","Fiend Fire"],"picked":"Demon Form","floor":16},{"not_picked":["Shrug It Off","Havoc","Warcry"],"picked":"SKIP","floor":18},{"not_picked":["Warcry","Combust+1","Sword Boomerang"],"picked":"SKIP","floor":19}],"player_experience":300731,"relics_obtained":[],"event_choices":[{"event_name":"Golden Wing","player_choice":"Card Removal","floor":2,"damage_taken":0},{"event_name":"World of Goop","player_choice":"Gather Gold","floor":3,"damage_taken":0},{"event_name":"Golden Idol","player_choice":"Ignored","floor":5,"damage_taken":0},{"event_name":"Scrap Ooze","player_choice":"unsuccessful","floor":6,"damage_taken":0},{"event_name":"Ghosts","player_choice":"Became a Ghost","floor":20,"damage_taken":0}],"is_beta":false,"boss_relics":[{"not_picked":["Astrolabe","Orrery","Lizard Tail"]}],"items_purged_floors":[4],"is_endless":false,"potions_floor_spawned":[1,11,18,19],"killed_by":"3 Cultists","ascension_level":0}