{"gold_per_floor":[11,28,43,43,143,169,188,188,188,188,201,201,212,229,229,229],"floor_reached":16,"playtime":615,"items_purged":[],"score":125,"play_id":"1e2521b6-10e0-4e37-9160-ec8177993374","local_time":"20190316163508","is_ascension_mode":true,"campfire_choices":[{"data":"Eviscerate","floor":8,"key":"SMITH"},{"floor":10,"key":"REST"},{"data":"Neutralize","floor":12,"key":"SMITH"},{"floor":15,"key":"REST"}],"neow_cost":"NO_GOLD","seed_source_timestamp":144487166411407,"circlet_count":0,"master_deck":["Defend_G","Defend_G","Defend_G","Defend_G","Defend_G","Strike_G","Strike_G","Strike_G","Strike_G","Strike_G","Survivor","Neutralize+1","Unload","Backstab","Slice","Cloak And Dagger","Dagger Throw","Eviscerate+1","Slice","PiercingWail"],"relics":["Ring of the Snake","Bottled Flame","Dodecahedron"],"potions_floor_usage":[],"damage_taken":[{"damage":0,"enemies":"Cultist","floor":1,"turns":3},{"damage":0,"enemies":"Small Slimes","floor":2,"turns":2},{"damage":0,"enemies":"Jaw Worm","floor":3,"turns":4},{"damage":18,"enemies":"Gremlin Nob","floor":6,"turns":4},{"damage":0,"enemies":"Looter","floor":7,"turns":1},{"damage":11,"enemies":"Exordium Thugs","floor":11,"turns":3},{"damage":15,"enemies":"Gremlin Gang","floor":13,"turns":4},{"damage":3,"enemies":"Red Slaver","floor":14,"turns":4},{"damage":80,"enemies":"The Guardian","floor":16,"turns":12}],"seed_played":"1810526016114250544","potions_obtained":[{"floor":1,"key":"Dexterity Potion"},{"floor":2,"key":"Regen Potion"},{"floor":6,"key":"GamblersBrew"}],"is_trial":false,"path_per_floor":["?","M"],"character_chosen":"THE_SILENT","items_purchased":[],"campfire_rested":2,"item_purchase_floors":[],"current_hp_per_floor":[70,70,70,70,70,52,52,52,52,70,59,59,44,41,62,0],"gold":229,"neow_bonus":"THREE_RARE_CARDS","is_prod":false,"is_daily":false,"chose_seed":false,"campfire_upgraded":2,"win_rate":0,"timestamp":1552750508,"path_taken":["M","M","M","$","?","E","M","R","T","R","M","R","?","M","R","BOSS"],"build_version":"2019-01-23","purchased_purges":0,"victory":false,"max_hp_per_floor":[70,70,70,70,70,70,70,70,70,70,70,70,70,70,70,70],"card_choices":[{"not_picked":["A Thousand Cuts","Adrenaline"],"picked":"Unload","floor":0},{"not_picked":["Footwork","Expertise"],"picked":"Backstab","floor":1},{"not_picked":["Outmaneuver","Deadly Poison"],"picked":"Slice","floor":2},{"not_picked":["Bane","Backflip"],"picked":"Cloak And Dagger","floor":3},{"not_picked":["Deflect","Outmaneuver"],"picked":"Dagger Throw","floor":6},{"not_picked":["Dagger Throw","Slice"],"picked":"Eviscerate","floor":7},{"not_picked":["Reflex","Corpse Explosion"],"picked":"Slice","floor":11},{"not_picked":["Dagger Spray","Quick Slash"],"picked":"PiercingWail","floor":13},{"not_picked":["Infinite Blades","Flechettes","Poisoned Stab"],"picked":"SKIP","floor":14}],"player_experience":346101,"relics_obtained":[{"floor":6,"key":"Bottled Flame"},{"floor":9,"key":"Dodecahedron"}],"event_choices":[{"damage_healed":0,"gold_gain":100,"player_choice":"Gold","damage_taken":0,"max_hp_gain":0,"max_hp_loss":0,"event_name":"Wheel of Change","floor":5,"gold_loss":0}],"is_beta":false,"boss_relics":[],"items_purged_floors":[],"is_endless":false,"potions_floor_spawned":[1,2,6,11],"killed_by":"The Guardian","ascension_level":4}