{"gold_per_floor":[116,191,191,10,10,53,53,53,53,74,89,114,128,4,4,129,129,154,154,154,154,154,154,167,167],"floor_reached":25,"playtime":914,"items_purged":["Defend_G"],"score":209,"play_id":"36a31ecf-f388-4d2f-9502-ba64c43a264b","local_time":"20190309000806","is_ascension_mode":true,"campfire_choices":[{"floor":7,"key":"REST"},{"floor":15,"key":"REST"},{"floor":23,"key":"REST"}],"neow_cost":"NONE","seed_source_timestamp":294622599923111,"circlet_count":0,"master_deck":["Defend_G","Defend_G","Defend_G","Defend_G","Strike_G","Strike_G","Strike_G","Strike_G","Survivor","Neutralize","Accuracy","Swift Strike","Sucker Punch","Blade Dance","Distraction","Accuracy","Blade Dance","Accuracy","Bullet Time","Writhe","Footwork"],"relics":["Ring of the Snake","Smiling Mask","Golden Idol","Nunchaku","Mummified Hand","Fusion Hammer","Nilry\u0027s Codex","Blue Candle"],"potions_floor_usage":[22],"damage_taken":[{"damage":3,"enemies":"Jaw Worm","floor":1,"turns":5},{"damage":48,"enemies":"Gremlin Nob","floor":6,"turns":6},{"damage":0,"enemies":"2 Louse","floor":10,"turns":2},{"damage":0,"enemies":"Cultist","floor":11,"turns":4},{"damage":8,"enemies":"Lots of Slimes","floor":12,"turns":5},{"damage":5,"enemies":"3 Louse","floor":13,"turns":4},{"damage":16,"enemies":"Slime Boss","floor":16,"turns":8},{"damage":20,"enemies":"2 Thieves","floor":18,"turns":5},{"damage":28,"enemies":"Colosseum Slavers","floor":22,"turns":5},{"damage":8,"enemies":"Spheric Guardian","floor":24,"turns":4},{"damage":16,"enemies":"Cultist and Chosen","floor":25,"turns":5}],"seed_played":"-2348867220787814408","potions_obtained":[{"floor":6,"key":"GamblersBrew"},{"floor":10,"key":"Poison Potion"},{"floor":12,"key":"SpeedPotion"},{"floor":24,"key":"GamblersBrew"}],"is_trial":false,"path_per_floor":["?","?","?","T","M","$","?","?","?","?"],"character_chosen":"THE_SILENT","items_purchased":["Swift Strike","Sucker Punch","Blade Dance","Accuracy"],"campfire_rested":3,"item_purchase_floors":[4,4,14,14],"current_hp_per_floor":[67,56,56,56,56,8,27,27,27,27,27,19,14,14,33,17,65,45,29,29,29,1,20,12,0],"gold":167,"neow_bonus":"RANDOM_COMMON_RELIC","is_prod":false,"is_daily":false,"chose_seed":false,"campfire_upgraded":0,"win_rate":0,"timestamp":1552086486,"path_taken":["M","?","?","$","?","E","R","?","T","M","M","M","?","?","R","BOSS","M","?","?","?","?","R","M","M"],"build_version":"2019-01-23","purchased_purges":1,"victory":false,"max_hp_per_floor":[70,70,70,70,65,65,65,65,65,65,65,65,65,65,65,65,65,65,65,65,65,65,65,65,65],"card_choices":[{"not_picked":["Backflip","Escape Plan"],"picked":"Accuracy","floor":1},{"not_picked":["Blur","Storm of Steel"],"picked":"Blade Dance","floor":6},{"not_picked":["Dodge and Roll","Calculated Gamble"],"picked":"Distraction","floor":10},{"not_picked":["Deflect","Quick Slash"],"picked":"Accuracy","floor":11},{"not_picked":["Sucker Punch","Poisoned Stab","Escape Plan"],"picked":"SKIP","floor":12},{"not_picked":["Poisoned Stab","Burst","Dagger Spray"],"picked":"SKIP","floor":13},{"not_picked":["Venomology","Malaise"],"picked":"Bullet Time","floor":16},{"not_picked":["Acrobatics","Riddle With Holes","Crippling Poison+1"],"picked":"SKIP","floor":18},{"not_picked":["Dash","Blur+1"],"picked":"Footwork","floor":24}],"player_experience":182488,"relics_obtained":[{"floor":6,"key":"Nunchaku"},{"floor":8,"key":"Mummified Hand"},{"floor":19,"key":"Nilry\u0027s Codex"}],"event_choices":[{"damage_healed":0,"gold_gain":75,"player_choice":"Gather Gold","damage_taken":11,"max_hp_gain":0,"max_hp_loss":0,"event_name":"World of Goop","floor":2,"gold_loss":0},{"cards_removed":["Strike_G"],"damage_healed":0,"gold_gain":0,"player_choice":"Forget","damage_taken":0,"max_hp_gain":0,"max_hp_loss":0,"event_name":"Living Wall","floor":3,"gold_loss":0},{"damage_healed":0,"gold_gain":0,"player_choice":"Lose Max HP","damage_taken":0,"relics_obtained":["Golden Idol"],"max_hp_gain":0,"max_hp_loss":5,"event_name":"Golden Idol","floor":5,"gold_loss":0},{"damage_healed":0,"gold_gain":0,"player_choice":"Obtained Book","damage_taken":16,"max_hp_gain":0,"max_hp_loss":0,"event_name":"Cursed Tome","floor":19,"gold_loss":0},{"damage_healed":0,"gold_gain":0,"player_choice":"Opened","damage_taken":0,"relics_obtained":["Blue Candle"],"max_hp_gain":0,"max_hp_loss":0,"event_name":"The Mausoleum","floor":20,"gold_loss":0,"cards_obtained":["Writhe"]},{"damage_healed":0,"gold_gain":0,"player_choice":"Ignored","damage_taken":0,"max_hp_gain":0,"max_hp_loss":0,"event_name":"Vampires","floor":21,"gold_loss":0},{"damage_healed":0,"gold_gain":0,"player_choice":"Fight","damage_taken":0,"max_hp_gain":0,"max_hp_loss":0,"event_name":"Colosseum","floor":22,"gold_loss":0},{"damage_healed":0,"gold_gain":0,"player_choice":"Fled From Nobs","damage_taken":0,"max_hp_gain":0,"max_hp_loss":0,"event_name":"Colosseum","floor":22,"gold_loss":0}],"is_beta":false,"boss_relics":[{"not_picked":["White Beast Statue","Calling Bell"],"picked":"Fusion Hammer"}],"items_purged_floors":[4],"is_endless":false,"potions_floor_spawned":[6,10,12,24],"killed_by":"Cultist and Chosen","ascension_level":1}