{"gold_per_floor":[112,112,14,24,34,59,59,77,77,77,77,77,112,127,127,127],"floor_reached":16,"playtime":558,"items_purged":["Strike_R"],"score":110,"play_id":"93985141-9d6f-4aba-aa2b-d2634b15f463","local_time":"20180710155023","is_ascension_mode":false,"campfire_choices":[{"data":"Rampage","floor":7,"key":"SMITH"},{"data":"Flex","floor":15,"key":"SMITH"}],"neow_cost":"","seed_source_timestamp":768560613737163,"circlet_count":0,"master_deck":["Strike_R","Strike_R","Strike_R","Defend_R","Defend_R","Defend_R","Defend_R","Bash","Flex+1","Rampage+1"],"relics":["Burning Blood","Meat on the Bone","Blue Candle","FaceOfCleric","Bag of Marbles"],"potions_floor_usage":[16],"damage_taken":[{"damage":5,"enemies":"Cultist","floor":1,"turns":4},{"damage":0,"enemies":"Small Slimes","floor":4,"turns":3},{"damage":6,"enemies":"Jaw Worm","floor":5,"turns":3},{"damage":36,"enemies":"3 Sentries","floor":6,"turns":10},{"damage":15,"enemies":"Gremlin Gang","floor":8,"turns":5},{"damage":26,"enemies":"Gremlin Nob","floor":13,"turns":4},{"damage":4,"enemies":"Blue Slaver","floor":14,"turns":3},{"damage":51,"enemies":"Hexaghost","floor":16,"turns":9}],"seed_played":"-424584259541917589","potions_obtained":[{"floor":4,"key":"EssenceOfSteel"},{"floor":5,"key":"Ancient Potion"},{"floor":13,"key":"SpeedPotion"}],"is_trial":false,"path_per_floor":["M","?","$","M","M","E","R","M","T","?","$","?","E","M","R"],"character_chosen":"IRONCLAD","items_purchased":["Flex"],"campfire_rested":0,"item_purchase_floors":[3],"current_hp_per_floor":[80,80,80,80,80,50,50,53,53,53,53,53,46,49,49,0],"gold":127,"neow_bonus":"","is_prod":false,"is_daily":false,"chose_seed":false,"campfire_upgraded":2,"win_rate":0,"timestamp":1531259423,"path_taken":["M","?","$","?","M","E","R","M","T","?","$","?","E","?","R","BOSS"],"build_version":"2018-07-05","purchased_purges":1,"victory":false,"max_hp_per_floor":[80,80,80,80,80,80,80,80,80,80,80,80,81,82,82,82],"card_choices":[{"not_picked":["Headbutt","Carnage","Searing Blow"],"picked":"SKIP","floor":1},{"not_picked":["Carnage","Twin Strike"],"picked":"Rampage","floor":4},{"not_picked":["Warcry","Combust","Pummel"],"picked":"SKIP","floor":5},{"not_picked":["Warcry","Combust","Pummel"],"picked":"SKIP","floor":5},{"not_picked":["Clothesline","Armaments","Iron Wave"],"picked":"SKIP","floor":6},{"not_picked":["Combust","Metallicize","Sentinel"],"picked":"SKIP","floor":8},{"not_picked":["Feel No Pain","Headbutt","Bloodletting"],"picked":"SKIP","floor":13},{"not_picked":["Combust","Body Slam","Iron Wave"],"picked":"SKIP","floor":14}],"player_experience":184324,"relics_obtained":[{"floor":6,"key":"Meat on the Bone"},{"floor":9,"key":"Blue Candle"},{"floor":13,"key":"Bag of Marbles"}],"event_choices":[{"event_name":"Liars Game","player_choice":"disagreed","floor":2,"damage_taken":0},{"event_name":"FaceTrader","player_choice":"Trade","floor":10,"damage_taken":0},{"event_name":"Living Wall","player_choice":"Forget","floor":12,"damage_taken":0}],"boss_relics":[],"items_purged_floors":[3],"is_endless":false,"potions_floor_spawned":[4,5,13],"killed_by":"Hexaghost","ascension_level":0}