{"gold_per_floor":[117,132,83,98,113,113,148,124,124,47,57,70,70,70,70,170,170,170,18,18,18,18,18,18,18,18,18,18,18,18,18,18,18],"floor_reached":33,"playtime":1789,"items_purged":[],"score":417,"play_id":"7d329eaa-e714-40c2-9cc9-223bae53de25","local_time":"20181018212758","is_ascension_mode":true,"campfire_choices":[{"data":"Predator","floor":6.0,"key":"SMITH"},{"floor":13.0,"key":"REST"},{"floor":15.0,"key":"REST"},{"floor":27.0,"key":"REST"},{"floor":32,"key":"REST"}],"neow_cost":"NONE","seed_source_timestamp":1288889850756813,"circlet_count":0,"master_deck":["Defend_G","Defend_G","Defend_G","Defend_G","Defend_G","Strike_G","Strike_G","Strike_G","Strike_G","Strike_G","Survivor","Neutralize","Terror","Blur","Flying Knee","Flying Knee","Predator+1","Die Die Die","Malaise","Escape Plan","Blur","Malaise","Footwork","Backflip","Footwork","Blur","Flying Knee+1","Glass Knife"],"special_seed":0,"relics":["Ring of the Snake","PreservedInsect","Sundial","The Specimen","Ectoplasm","Bag of Marbles","Enchiridion","MawBank","Tiny Chest"],"potions_floor_usage":[30],"damage_taken":[{"damage":0.0,"enemies":"Cultist","floor":1.0,"turns":3.0},{"damage":9.0,"enemies":"Jaw Worm","floor":2.0,"turns":4.0},{"damage":3.0,"enemies":"Small Slimes","floor":4.0,"turns":5.0},{"damage":0.0,"enemies":"3 Louse","floor":5.0,"turns":3.0},{"damage":22.0,"enemies":"Lagavulin","floor":7.0,"turns":7.0},{"damage":0.0,"enemies":"Lots of Slimes","floor":11.0,"turns":1.0},{"damage":20.0,"enemies":"Large Slime","floor":12.0,"turns":6.0},{"damage":0.0,"enemies":"The Guardian","floor":16.0,"turns":14.0},{"damage":8.0,"enemies":"Spheric Guardian","floor":18.0,"turns":7.0},{"damage":7.0,"enemies":"Shell Parasite","floor":21.0,"turns":8.0},{"damage":2.0,"enemies":"3 Cultists","floor":24.0,"turns":6.0},{"damage":1.0,"enemies":"Snake Plant","floor":25.0,"turns":6.0},{"damage":5.0,"enemies":"Chosen and Byrds","floor":28.0,"turns":8.0},{"damage":11,"enemies":"Gremlin Leader","floor":29,"turns":5},{"damage":0,"enemies":"Snecko","floor":30,"turns":7},{"damage":9,"enemies":"Sentry and Sphere","floor":31,"turns":8},{"damage":69,"enemies":"Champ","floor":33,"turns":28}],"seed_played":"-3859061692635466113","potions_obtained":[{"floor":1.0,"key":"Swift Potion"},{"floor":2.0,"key":"FearPotion"},{"floor":7.0,"key":"Strength Potion"},{"floor":18.0,"key":"Block Potion"},{"floor":24.0,"key":"SpeedPotion"}],"is_trial":false,"path_per_floor":["M","M","$","M","M","R","E","?","T","$","M","M","R","?","R","B",null,"M","$","?","M","?","?","M","M","T","R","M","E","M","M","R"],"character_chosen":"THE_SILENT","items_purchased":["Flying Knee","Malaise","Bag of Marbles"],"campfire_rested":4,"item_purchase_floors":[3,10,19],"current_hp_per_floor":[70,61,61,58,58,58,36,36,36,36,36,16,39,36,59,59,73,65,65,65,58,42,42,40,39,39,62,57,46,46,37,60,0],"gold":18,"neow_bonus":"TEN_PERCENT_HP_BONUS","is_prod":false,"is_daily":false,"chose_seed":false,"campfire_upgraded":1,"win_rate":0,"timestamp":1539919678,"path_taken":["M","M","?","M","M","R","E","?","T","$","M","?","R","?","R","BOSS","M","$","?","M","?","?","M","M","T","R","M","E","M","M","R","BOSS"],"build_version":"2018-10-18","purchased_purges":0,"victory":false,"max_hp_per_floor":[77,77,77,77,77,77,77,77,77,77,77,77,77,77,77,77,77,77,77,77,77,77,77,77,77,77,77,77,77,77,77,77,77],"card_choices":[{"not_picked":["Acrobatics","Escape Plan"],"picked":"Terror","floor":1.0},{"not_picked":["Blade Dance","Eviscerate"],"picked":"Blur","floor":2.0},{"not_picked":["Acrobatics","Deflect"],"picked":"Flying Knee","floor":4.0},{"not_picked":["Outmaneuver","Dagger Throw"],"picked":"Predator","floor":5.0},{"not_picked":["Deflect","Reflex"],"picked":"Die Die Die","floor":7.0},{"not_picked":["Deadly Poison","Distraction"],"picked":"Escape Plan","floor":11.0},{"not_picked":["Sucker Punch","Riddle With Holes"],"picked":"Blur","floor":12.0},{"not_picked":["Grand Finale","After Image"],"picked":"Malaise","floor":16.0},{"not_picked":["Dodge and Roll","Dagger Throw"],"picked":"Footwork","floor":18.0},{"not_picked":["PiercingWail","Prepared"],"picked":"Backflip","floor":21.0},{"not_picked":["Bane","Dagger Spray"],"picked":"Footwork","floor":24.0},{"not_picked":["PiercingWail","Sucker Punch"],"picked":"Blur","floor":25.0},{"not_picked":["Crippling Poison","Prepared+1"],"picked":"Flying Knee+1","floor":28},{"not_picked":["Footwork","Reflex"],"picked":"Glass Knife","floor":29},{"not_picked":["Distraction","Outmaneuver+1","Underhanded Strike"],"picked":"SKIP","floor":30},{"not_picked":["Outmaneuver","All Out Attack","Backflip"],"picked":"SKIP","floor":31}],"player_experience":526206,"relics_obtained":[{"floor":7.0,"key":"PreservedInsect"},{"floor":9.0,"key":"Sundial"},{"floor":22.0,"key":"Enchiridion"},{"floor":26.0,"key":"MawBank"},{"floor":29,"key":"Tiny Chest"}],"event_choices":[{"damage_healed":0.0,"max_hp_gain":0.0,"max_hp_loss":0.0,"gold_gain":0.0,"event_name":"World of Goop","player_choice":"Left Gold","floor":8.0,"gold_loss":24.0,"damage_taken":0.0},{"damage_healed":0.0,"max_hp_gain":0.0,"max_hp_loss":0.0,"gold_gain":0.0,"event_name":"Scrap Ooze","player_choice":"Success","floor":14.0,"gold_loss":0.0,"damage_taken":3.0,"relics_obtained":["The Specimen"]},{"damage_healed":0.0,"max_hp_gain":0.0,"max_hp_loss":0.0,"gold_gain":0.0,"event_name":"Beggar","player_choice":"Ignored","floor":20.0,"gold_loss":0.0,"damage_taken":0.0},{"damage_healed":0.0,"max_hp_gain":0.0,"max_hp_loss":0.0,"gold_gain":0.0,"event_name":"Cursed Tome","player_choice":"Obtained Book","floor":22.0,"gold_loss":0.0,"damage_taken":16.0}],"is_beta":false,"boss_relics":[{"not_picked":["Eternal Feather","WristBlade"],"picked":"Ectoplasm"}],"items_purged_floors":[],"is_endless":false,"potions_floor_spawned":[1,2,7,18,24,28,29],"killed_by":"Champ","ascension_level":6}