{"gold_per_floor":[109,123,142,158,46,46,75,75,157,175,194,194,229,72,72,168,168,178,211,211,225,39,39,65,65,65,100,100,126,78,92,92,189,189,199,199,213,21,21,21,46,75,102,118,118],"floor_reached":45,"playtime":2474,"items_purged":["Strike_B","Defend_B","Writhe"],"score":610,"play_id":"da9cfd51-1979-4c3d-9194-b189cd37f275","local_time":"20190318184748","is_ascension_mode":true,"campfire_choices":[{"data":"Static Discharge","floor":6,"key":"SMITH"},{"floor":8,"key":"REST"},{"data":"Zap","floor":12,"key":"SMITH"},{"data":"Meteor Strike","floor":15,"key":"SMITH"},{"floor":23,"key":"REST"},{"floor":25,"key":"REST"},{"floor":28,"key":"REST"},{"floor":32,"key":"REST"},{"floor":40,"key":"REST"}],"neow_cost":"NONE","seed_source_timestamp":2862980611500,"circlet_count":0,"master_deck":["Strike_B","Strike_B","Defend_B","Defend_B","Defend_B","Zap+1","Dualcast","Rip and Tear","Rip and Tear","Leap","Gash","Go for the Eyes","Static Discharge+1","Tempest","Electrodynamics","Rip and Tear","Auto Shields","Meteor Strike+1","Capacitor","Ball Lightning","Thunder Strike","Gash","Rip and Tear+1","BootSequence","Conserve Battery","Ball Lightning+1","Skim+1","Creative AI","Stack","Conserve Battery","Multi-Cast","Defragment+1","Madness","Madness","Defragment","Force Field+1"],"relics":["Cracked Core","WingedGreaves","Letter Opener","DataDisk","Nuclear Battery","Red Mask","Lantern","Gremlin Horn","Cables","Anchor","Pen Nib","Fusion Hammer","Potion Belt","Darkstone Periapt","Vajra"],"potions_floor_usage":[19,21,24,33,44,44,45],"damage_taken":[{"damage":1,"enemies":"Cultist","floor":1,"turns":3},{"damage":2,"enemies":"Jaw Worm","floor":2,"turns":2},{"damage":3,"enemies":"2 Louse","floor":3,"turns":2},{"damage":3,"enemies":"Looter","floor":4,"turns":3},{"damage":13,"enemies":"Gremlin Nob","floor":7,"turns":4},{"damage":0,"enemies":"Blue Slaver","floor":10,"turns":3},{"damage":5,"enemies":"Exordium Wildlife","floor":11,"turns":3},{"damage":10,"enemies":"Lagavulin","floor":13,"turns":5},{"damage":33,"enemies":"Hexaghost","floor":16,"turns":7},{"damage":6,"enemies":"Spheric Guardian","floor":18,"turns":3},{"damage":26,"enemies":"Masked Bandits","floor":19,"turns":3},{"damage":15,"enemies":"Shell Parasite","floor":21,"turns":4},{"damage":25,"enemies":"Slavers","floor":24,"turns":3},{"damage":2,"enemies":"Gremlin Leader","floor":27,"turns":5},{"damage":21,"enemies":"Book of Stabbing","floor":29,"turns":5},{"damage":13,"enemies":"3 Cultists","floor":31,"turns":3},{"damage":36,"enemies":"Automaton","floor":33,"turns":6},{"damage":15,"enemies":"3 Shapes","floor":35,"turns":2},{"damage":32,"enemies":"3 Darklings","floor":37,"turns":5},{"damage":21,"enemies":"Reptomancer","floor":42,"turns":5},{"damage":16,"enemies":"Maw","floor":44,"turns":5},{"damage":4,"enemies":"Sphere and 2 Shapes","floor":45,"turns":2}],"seed_played":"-3356343529486509266","potions_obtained":[{"floor":1,"key":"FearPotion"},{"floor":4,"key":"Explosive Potion"},{"floor":10,"key":"Fire Potion"},{"floor":16,"key":"Regen Potion"},{"floor":18,"key":"FocusPotion"},{"floor":24,"key":"Explosive Potion"},{"floor":27,"key":"AttackPotion"},{"floor":31,"key":"SpeedPotion"},{"floor":35,"key":"Block Potion"},{"floor":44,"key":"Weak Potion"}],"is_trial":false,"path_per_floor":["M","M","M","M","$","R","E","R","T","M","M","R","E","$","R","B",null,"M","?","?","M","$","R","E","R","T","E","R","E","$","M","R","B",null,"M","?","M","$","?","R","T","E","T","M","M"],"character_chosen":"DEFECT","items_purchased":["Static Discharge","Tempest","Capacitor","Ball Lightning","BootSequence","Conserve Battery","Stack","Defragment"],"campfire_rested":6,"item_purchase_floors":[5,5,14,14,22,22,30,38],"current_hp_per_floor":[74,72,69,66,66,66,53,75,75,75,70,70,60,60,60,27,75,69,43,43,37,37,59,34,56,56,54,75,54,54,41,63,27,75,60,51,19,19,19,41,41,20,20,4,0],"gold":118,"neow_bonus":"THREE_CARDS","is_prod":false,"is_daily":false,"chose_seed":false,"campfire_upgraded":3,"win_rate":0,"timestamp":1552945668,"path_taken":["M","M","M","M","$","R","E","R","T","M","M","R","E","$","R","BOSS","M","?","?","M","$","R","E","R","T","E","R","E","$","M","R","BOSS","M","?","M","$","?","R","?","E","T","M","?"],"build_version":"2019-01-23","purchased_purges":3,"victory":false,"max_hp_per_floor":[75,75,75,75,75,75,75,75,75,75,75,75,75,75,75,75,75,75,75,75,75,75,75,75,75,75,75,75,75,75,75,75,75,75,75,75,75,75,75,75,75,75,75,75,75],"card_choices":[{"not_picked":["Rebound","FTL"],"picked":"Rip and Tear","floor":0},{"not_picked":["Static Discharge","Storm"],"picked":"Rip and Tear","floor":1},{"not_picked":["FTL","Go for the Eyes"],"picked":"Leap","floor":2},{"not_picked":["Double Energy","Streamline"],"picked":"Gash","floor":3},{"not_picked":["Skim","Stack"],"picked":"Go for the Eyes","floor":4},{"not_picked":["Tempest","Beam Cell"],"picked":"Electrodynamics","floor":7},{"not_picked":["Cold Snap","Storm"],"picked":"Rip and Tear","floor":10},{"not_picked":["Leap","Beam Cell"],"picked":"Auto Shields","floor":11},{"not_picked":["Rebound","Cold Snap"],"picked":"Meteor Strike","floor":13},{"not_picked":["Creative AI","Rainbow"],"picked":"Thunder Strike","floor":16},{"not_picked":["Stack","Compile Driver"],"picked":"Gash","floor":18},{"not_picked":["Stack+1","Barrage"],"picked":"Rip and Tear+1","floor":21},{"not_picked":["Turbo","Cold Snap+1"],"picked":"Ball Lightning+1","floor":24},{"not_picked":["Aggregate+1","Fission"],"picked":"Skim+1","floor":27},{"not_picked":["Static Discharge","Chill"],"picked":"Creative AI","floor":29},{"not_picked":["Streamline","Barrage"],"picked":"Conserve Battery","floor":31},{"not_picked":["Reboot","Buffer"],"picked":"Multi-Cast","floor":33},{"not_picked":["Hello World","Conserve Battery"],"picked":"Defragment+1","floor":35},{"not_picked":["Sweeping Beam+1","Rebound+1","Scrape"],"picked":"SKIP","floor":37},{"not_picked":["Go for the Eyes","Hologram+1"],"picked":"Force Field+1","floor":42},{"not_picked":["Chaos","Hologram","Melter"],"picked":"SKIP","floor":44}],"player_experience":97961,"relics_obtained":[{"floor":7,"key":"WingedGreaves"},{"floor":9,"key":"Letter Opener"},{"floor":13,"key":"DataDisk"},{"floor":19,"key":"Red Mask"},{"floor":24,"key":"Gremlin Horn"},{"floor":26,"key":"Cables"},{"floor":27,"key":"Anchor"},{"floor":29,"key":"Pen Nib"},{"floor":41,"key":"Potion Belt"},{"floor":42,"key":"Darkstone Periapt"},{"floor":43,"key":"Vajra"}],"event_choices":[{"damage_healed":0,"gold_gain":0,"player_choice":"Fought Bandits","damage_taken":0,"max_hp_gain":0,"max_hp_loss":0,"event_name":"Masked Bandits","floor":19,"gold_loss":0},{"damage_healed":0,"gold_gain":0,"player_choice":"Opened","damage_taken":0,"relics_obtained":["Lantern"],"max_hp_gain":0,"max_hp_loss":0,"event_name":"The Mausoleum","floor":20,"gold_loss":0,"cards_obtained":["Writhe"]},{"damage_healed":0,"gold_gain":0,"player_choice":"Embrace Madness","damage_taken":9,"max_hp_gain":0,"max_hp_loss":0,"event_name":"Winding Halls","floor":36,"gold_loss":0,"cards_obtained":["Madness","Madness"]},{"cards_removed":["Strike_B"],"damage_healed":0,"gold_gain":0,"player_choice":"Removed Attack","damage_taken":0,"max_hp_gain":0,"max_hp_loss":0,"event_name":"Falling","floor":39,"gold_loss":0}],"is_beta":false,"boss_relics":[{"not_picked":["Philosopher\u0027s Stone","Runic Dome"],"picked":"Nuclear Battery"},{"not_picked":["Snecko Eye","Lizard Tail"],"picked":"Fusion Hammer"}],"items_purged_floors":[14,22,38],"is_endless":false,"potions_floor_spawned":[1,4,10,11,16,18,24,27,31,35,44],"killed_by":"Sphere and 2 Shapes","ascension_level":2}