{"gold_per_floor":[111,186,204,11,111,136,136,162,217,232,232,232,232,232,232,232],"floor_reached":16,"playtime":542,"items_purged":[],"score":111,"play_id":"b2a31f46-2779-4d39-a8d6-a1cecd5bba2d","local_time":"20190308235218","is_ascension_mode":true,"campfire_choices":[{"floor":7,"key":"REST"},{"floor":11,"key":"REST"},{"floor":13,"key":"REST"},{"floor":15,"key":"REST"}],"neow_cost":"NONE","seed_source_timestamp":294053775010222,"circlet_count":0,"master_deck":["Defend_G","Defend_G","Defend_G","Defend_G","Strike_G","Strike_G+1","Strike_G","Strike_G","Survivor","Neutralize","Poisoned Stab","Flechettes","Poisoned Stab","Deadly Poison","Footwork+1"],"relics":["Empty Cage","DollysMirror","Boot","Paper Crane","Omamori","Frozen Egg 2"],"potions_floor_usage":[16],"damage_taken":[{"damage":2,"enemies":"Jaw Worm","floor":1,"turns":6},{"damage":0,"enemies":"2 Louse","floor":3,"turns":3},{"damage":28,"enemies":"3 Sentries","floor":6,"turns":11},{"damage":29,"enemies":"Lagavulin","floor":8,"turns":7},{"damage":0,"enemies":"Cultist","floor":10,"turns":3},{"damage":70,"enemies":"Slime Boss","floor":16,"turns":10}],"seed_played":"-2853783017802592860","potions_obtained":[{"floor":8,"key":"EntropicBrew"},{"floor":10,"key":"SpeedPotion"}],"is_trial":false,"path_per_floor":["?","?","M","T","?"],"character_chosen":"THE_SILENT","items_purchased":["DollysMirror"],"campfire_rested":4,"item_purchase_floors":[4],"current_hp_per_floor":[68,57,57,57,57,29,50,21,21,21,42,42,63,49,70,0],"gold":232,"neow_bonus":"BOSS_RELIC","is_prod":false,"is_daily":false,"chose_seed":false,"campfire_upgraded":0,"win_rate":0,"timestamp":1552085538,"path_taken":["M","?","M","$","?","E","R","E","T","?","R","?","R","?","R","BOSS"],"build_version":"2019-01-23","purchased_purges":0,"victory":false,"max_hp_per_floor":[70,70,70,70,70,70,70,70,70,70,70,70,70,70,70,70],"card_choices":[{"not_picked":["Dagger Throw","Outmaneuver"],"picked":"Poisoned Stab","floor":1},{"not_picked":["Underhanded Strike","Blade Dance"],"picked":"Flechettes","floor":3},{"not_picked":["Backstab","Masterful Stab"],"picked":"Deadly Poison","floor":6},{"not_picked":["Prepared","Calculated Gamble"],"picked":"Footwork","floor":8},{"not_picked":["Cloak And Dagger","Quick Slash","Infinite Blades"],"picked":"SKIP","floor":10}],"player_experience":181946,"relics_obtained":[{"floor":6,"key":"Boot"},{"floor":8,"key":"Paper Crane"},{"floor":9,"key":"Omamori"},{"floor":12,"key":"Frozen Egg 2"}],"event_choices":[{"damage_healed":0,"gold_gain":75,"player_choice":"Gather Gold","damage_taken":11,"max_hp_gain":0,"max_hp_loss":0,"event_name":"World of Goop","floor":2,"gold_loss":0},{"damage_healed":0,"gold_gain":100,"player_choice":"Pray","damage_taken":0,"max_hp_gain":0,"max_hp_loss":0,"event_name":"Golden Shrine","floor":5,"gold_loss":0},{"damage_healed":0,"gold_gain":0,"player_choice":"Entered Light","damage_taken":14,"max_hp_gain":0,"max_hp_loss":0,"event_name":"Shining Light","floor":14,"gold_loss":0,"cards_upgraded":["Footwork","Strike_G"]}],"is_beta":false,"boss_relics":[],"items_purged_floors":[],"is_endless":false,"potions_floor_spawned":[8,10],"killed_by":"Slime Boss","ascension_level":1}