{"gold_per_floor":[111,111,124,135,135,135,163,163,163,163,174,184,196,210,210,307,307,322,342,146,159,169,169,184,184,214,226,226],"floor_reached":28,"playtime":1236,"items_purged":[],"score":226,"play_id":"d51c0f8f-8565-4449-b108-50847d2a1a5b","local_time":"20180709195959","is_ascension_mode":false,"campfire_choices":[{"data":"Bouncing Flask","floor":6,"key":"SMITH"},{"floor":8,"key":"DIG"},{"floor":10,"key":"DIG"},{"data":"Terror","floor":15,"key":"SMITH"},{"data":"Noxious Fumes","floor":23,"key":"SMITH"},{"data":"Poisoned Stab","floor":25,"key":"SMITH"}],"neow_cost":"NONE","seed_source_timestamp":696459501975799,"circlet_count":0,"master_deck":["Defend_G","Defend_G","Defend_G","Defend_G","Defend_G","Strike_G","Strike_G","Strike_G","Strike_G","Survivor","Neutralize","Cloak And Dagger","Poisoned Stab+1","Bouncing Flask+1","Cloak And Dagger","Accuracy","After Image","Poisoned Stab","Terror+1","Burst","Crippling Poison+1","Noxious Fumes+1","PiercingWail","Dash+1"],"relics":["Eternal Feather","Shovel","Potion Belt","The Specimen","Matryoshka","White Beast Statue","Snake Skull","Tiny Chest","Tough Bandages"],"potions_floor_usage":[13,16,16,24],"damage_taken":[{"damage":4,"enemies":"Jaw Worm","floor":1,"turns":5},{"damage":2,"enemies":"2 Louse","floor":3,"turns":3},{"damage":0,"enemies":"Cultist","floor":4,"turns":4},{"damage":20,"enemies":"3 Sentries","floor":7,"turns":9},{"damage":14,"enemies":"Gremlin Gang","floor":11,"turns":3},{"damage":0,"enemies":"2 Fungi Beasts","floor":12,"turns":2},{"damage":15,"enemies":"Lots of Slimes","floor":13,"turns":4},{"damage":4,"enemies":"Blue Slaver","floor":14,"turns":4},{"damage":25,"enemies":"The Guardian","floor":16,"turns":9},{"damage":32,"enemies":"Chosen","floor":18,"turns":5},{"damage":0,"enemies":"Spheric Guardian","floor":19,"turns":3},{"damage":16,"enemies":"Centurion and Healer","floor":21,"turns":7},{"damage":16,"enemies":"Sentry and Sphere","floor":22,"turns":5},{"damage":3,"enemies":"Snake Plant","floor":24,"turns":4},{"damage":12,"enemies":"Snecko","floor":27,"turns":6},{"damage":13,"enemies":"Gremlin Leader","floor":28,"turns":2}],"seed_played":"6698122396778625457","potions_obtained":[{"floor":3,"key":"Poison Potion"},{"floor":11,"key":"LiquidBronze"},{"floor":12,"key":"Block Potion"},{"floor":13,"key":"Ancient Potion"},{"floor":14,"key":"FearPotion"},{"floor":18,"key":"GamblersBrew"},{"floor":19,"key":"Explosive Potion"},{"floor":21,"key":"LiquidBronze"},{"floor":24,"key":"FearPotion"},{"floor":27,"key":"Fire Potion"}],"is_trial":false,"path_per_floor":["M","?","M","M","?","R","E","R","T","R","M","M","M","M","R","B",null,"M","M","$","M","M","R","M","R","T","M"],"character_chosen":"THE_SILENT","items_purchased":["Snake Skull","Noxious Fumes"],"campfire_rested":0,"item_purchase_floors":[20,20],"current_hp_per_floor":[66,71,69,69,62,66,46,52,52,58,44,44,29,25,31,6,75,43,43,43,27,11,19,16,24,24,12,0],"gold":226,"neow_bonus":"BOSS_RELIC","is_prod":false,"is_daily":false,"chose_seed":false,"campfire_upgraded":4,"win_rate":0,"timestamp":1531187999,"path_taken":["M","?","M","M","?","R","E","R","T","R","?","?","M","M","R","BOSS","M","M","$","M","M","R","M","R","T","M","E"],"build_version":"2018-07-05","purchased_purges":0,"victory":false,"max_hp_per_floor":[70,75,75,75,75,75,75,75,75,75,75,75,75,75,75,75,75,75,75,75,75,75,75,75,75,75,75,75],"card_choices":[{"not_picked":["PiercingWail","Calculated Gamble"],"picked":"Cloak And Dagger","floor":1},{"not_picked":["Acrobatics","Sucker Punch"],"picked":"Poisoned Stab","floor":3},{"not_picked":["Caltrops","Bullet Time"],"picked":"Bouncing Flask","floor":4},{"not_picked":["Deflect","Slice"],"picked":"Cloak And Dagger","floor":7},{"not_picked":["Setup","Cloak And Dagger"],"picked":"Accuracy","floor":11},{"not_picked":["Underhanded Strike","Acrobatics"],"picked":"After Image","floor":12},{"not_picked":["Setup","Dagger Spray"],"picked":"Poisoned Stab","floor":13},{"not_picked":["Deflect","Acrobatics"],"picked":"Terror","floor":14},{"not_picked":["Phantasmal Killer","Storm of Steel"],"picked":"Burst","floor":16},{"not_picked":["Skewer+1","Bouncing Flask","Calculated Gamble"],"picked":"SKIP","floor":18},{"not_picked":["Skewer+1","Outmaneuver"],"picked":"Crippling Poison+1","floor":19},{"not_picked":["Underhanded Strike+1","Eviscerate"],"picked":"PiercingWail","floor":21},{"not_picked":["Underhanded Strike","Setup"],"picked":"Dash+1","floor":22},{"not_picked":["Outmaneuver","Setup","Bane+1"],"picked":"SKIP","floor":24},{"not_picked":["Cloak And Dagger+1","Doppelganger","Underhanded Strike"],"picked":"SKIP","floor":27}],"player_experience":179447,"relics_obtained":[{"floor":7,"key":"Shovel"},{"floor":8,"key":"Potion Belt"},{"floor":9,"key":"The Specimen"},{"floor":10,"key":"Matryoshka"},{"floor":26,"key":"Tiny Chest"},{"floor":26,"key":"Tough Bandages"}],"event_choices":[{"event_name":"Big Fish","player_choice":"Donut","floor":2,"damage_taken":0},{"event_name":"Golden Wing","player_choice":"Card Removal","floor":5,"damage_taken":0}],"boss_relics":[{"not_picked":["Philosopher\u0027s Stone","Busted Crown"],"picked":"White Beast Statue"}],"items_purged_floors":[],"is_endless":false,"potions_floor_spawned":[3,11,12,13,14,18,19,21,22,24,27],"killed_by":"Gremlin Leader","ascension_level":0}