{"gold_per_floor":[116,132,132,152,171,171,121,152,152,152,178,178,178,202,202,202],"floor_reached":16,"playtime":605,"items_purged":[],"score":171,"play_id":"cbae8866-1ef6-46fb-b694-3d87207cef75","local_time":"20181118002131","is_ascension_mode":true,"campfire_choices":[{"data":"Carnage","floor":6,"key":"SMITH"},{"floor":13,"key":"REST"},{"data":"Shockwave","floor":15,"key":"SMITH"}],"neow_cost":"NONE","seed_source_timestamp":563209988423709,"circlet_count":0,"master_deck":["AscendersBane","Strike_R","Strike_R","Strike_R","Defend_R","Defend_R","Defend_R","Defend_R","Bash+1","Carnage+1","Headbutt","Shockwave+1","Spot Weakness","Infernal Blade","Reaper"],"special_seed":0,"relics":["Burning Blood","Ancient Tea Set","The Courier","Regal Pillow","Mango","Golden Idol"],"potions_floor_usage":[11],"damage_taken":[{"damage":11.0,"enemies":"2 Louse","floor":1.0,"turns":4.0},{"damage":5.0,"enemies":"Small Slimes","floor":2.0,"turns":3.0},{"damage":9,"enemies":"Jaw Worm","floor":4,"turns":4},{"damage":0,"enemies":"3 Louse","floor":5,"turns":4},{"damage":20,"enemies":"3 Sentries","floor":8,"turns":6},{"damage":25,"enemies":"Lagavulin","floor":11,"turns":4},{"damage":3,"enemies":"Looter","floor":14,"turns":3},{"damage":67,"enemies":"Slime Boss","floor":16,"turns":9}],"seed_played":"-7934503259076288799","potions_obtained":[{"floor":8,"key":"Poison Potion"},{"floor":14,"key":"Regen Potion"}],"is_trial":false,"path_per_floor":["M","M","?","M","M","R","?","E","T","?","E","?","R","M","R","B"],"character_chosen":"IRONCLAD","items_purchased":[],"campfire_rested":1,"item_purchase_floors":[],"current_hp_per_floor":[67,68,50,47,53,53,53,39,39,39,34,11,54,57,57,0],"gold":202,"neow_bonus":"UPGRADE_CARD","is_prod":false,"is_daily":false,"chose_seed":false,"campfire_upgraded":2,"win_rate":0,"timestamp":1542525691,"path_taken":["M","M","?","M","M","R","?","E","T","?","E","?","R","M","R","BOSS"],"build_version":"2018-11-15","purchased_purges":0,"victory":false,"max_hp_per_floor":[80,80,80,80,80,80,80,80,80,80,94,94,94,94,94,94],"card_choices":[{"not_picked":["Warcry","Cleave"],"picked":"Carnage","floor":1.0},{"not_picked":["Clash","Heavy Blade"],"picked":"Headbutt","floor":2.0},{"not_picked":["Burning Pact","Power Through","Headbutt"],"picked":"SKIP","floor":4},{"not_picked":["Havoc","Cleave"],"picked":"Shockwave","floor":5},{"not_picked":["Fire Breathing","Havoc"],"picked":"Spot Weakness","floor":8},{"not_picked":["Uppercut","Sentinel"],"picked":"Infernal Blade","floor":11},{"not_picked":["Wild Strike","Searing Blow"],"picked":"Reaper","floor":14}],"player_experience":618342,"relics_obtained":[{"floor":8,"key":"The Courier"},{"floor":9,"key":"Regal Pillow"},{"floor":11,"key":"Mango"}],"event_choices":[{"damage_healed":0.0,"max_hp_gain":0.0,"max_hp_loss":0.0,"gold_gain":0.0,"event_name":"Scrap Ooze","player_choice":"Success","floor":3.0,"gold_loss":0.0,"damage_taken":18.0,"relics_obtained":["Ancient Tea Set"]},{"cards_removed":["Strike_R"],"damage_healed":0,"gold_gain":0,"player_choice":"Card Removal","damage_taken":0,"max_hp_gain":0,"max_hp_loss":0,"event_name":"The Cleric","floor":7,"gold_loss":50},{"cards_removed":["Strike_R"],"damage_healed":0,"gold_gain":0,"player_choice":"Forget","damage_taken":0,"max_hp_gain":0,"max_hp_loss":0,"event_name":"Living Wall","floor":10,"gold_loss":0},{"damage_healed":0,"gold_gain":0,"player_choice":"Take Damage","damage_taken":23,"relics_obtained":["Golden Idol"],"max_hp_gain":0,"max_hp_loss":0,"event_name":"Golden Idol","floor":12,"gold_loss":0}],"is_beta":false,"boss_relics":[],"items_purged_floors":[],"is_endless":false,"potions_floor_spawned":[8,14],"killed_by":"Slime Boss","ascension_level":11}