{"gold_per_floor":[115,125,14,14,14,40,40,53,107,172,184,215,273,292,292,391,391,404,419,419,238,255,255,287,287,312,327,242,255,267,286,286,389,389,400,418,318,318,0,28,28,47,72,72,90,90,90,123,123,123],"floor_reached":51,"playtime":2753,"items_purged":["Strike_B","Defend_B"],"score":747,"play_id":"538fee0f-2f26-4f9c-ad17-b976ccd9f058","local_time":"20181030150841","is_ascension_mode":false,"campfire_choices":[{"data":"Zap","floor":7,"key":"SMITH"},{"floor":15,"key":"REST"},{"data":"Apotheosis","floor":23,"key":"SMITH"},{"floor":32,"key":"REST"},{"floor":41,"key":"REST"},{"floor":47,"key":"REST"},{"floor":49,"key":"REST"}],"neow_cost":"NONE","seed_source_timestamp":858708354166395,"circlet_count":0,"master_deck":["Strike_B+1","Strike_B+1","Defend_B","Defend_B","Defend_B","Zap+1","Dualcast","Go for the Eyes","Storm","Self Repair","Blizzard","Coolheaded","Rebound","Genetic Algorithm","Streamline","Barrage","Lockon","Seek","Compile Driver+1","Compile Driver+1","Apotheosis+1","Streamline+1","Defragment+1","Defragment","Coolheaded","Reboot","Cold Snap+1","Parasite","Echo Form","Capacitor"],"relics":["Cracked Core","NeowsBlessing","Centennial Puzzle","Whetstone","Tiny Chest","PreservedInsect","Sozu","Bottled Lightning","Bronze Scales","Strawberry","Velvet Choker","Red Mask","Bottled Tornado","Juzu Bracelet","Orichalcum"],"potions_floor_usage":[10,12,16,50,50],"damage_taken":[{"damage":0,"enemies":"2 Louse","floor":1,"turns":1},{"damage":0,"enemies":"Cultist","floor":2,"turns":1},{"damage":0,"enemies":"Gremlin Nob","floor":6,"turns":1},{"damage":0,"enemies":"Jaw Worm","floor":8,"turns":4},{"damage":28,"enemies":"3 Sentries","floor":10,"turns":6},{"damage":21,"enemies":"Large Slime","floor":11,"turns":5},{"damage":4,"enemies":"Gremlin Nob","floor":12,"turns":3},{"damage":4,"enemies":"Blue Slaver","floor":14,"turns":4},{"damage":10,"enemies":"Slime Boss","floor":16,"turns":8},{"damage":9,"enemies":"3 Byrds","floor":18,"turns":4},{"damage":11,"enemies":"2 Thieves","floor":19,"turns":4},{"damage":8,"enemies":"Cultist and Chosen","floor":22,"turns":5},{"damage":10,"enemies":"Book of Stabbing","floor":24,"turns":4},{"damage":0,"enemies":"Snecko","floor":27,"turns":5},{"damage":9,"enemies":"Snake Plant","floor":29,"turns":3},{"damage":9,"enemies":"Cultist and Chosen","floor":30,"turns":5},{"damage":15,"enemies":"Shelled Parasite and Fungi","floor":31,"turns":4},{"damage":55,"enemies":"Automaton","floor":33,"turns":9},{"damage":9,"enemies":"3 Shapes","floor":35,"turns":3},{"damage":19,"enemies":"3 Darklings","floor":36,"turns":4},{"damage":23,"enemies":"Nemesis","floor":40,"turns":5},{"damage":30,"enemies":"Writhing Mass","floor":42,"turns":4},{"damage":10,"enemies":"Jaw Worm Horde","floor":45,"turns":4},{"damage":6,"enemies":"Giant Head","floor":48,"turns":6},{"damage":72,"enemies":"Awakened One","floor":50,"turns":9}],"seed_played":"7607805220792697827","potions_obtained":[{"floor":2,"key":"FocusPotion"},{"floor":6,"key":"Regen Potion"},{"floor":10,"key":"AttackPotion"},{"floor":11,"key":"Poison Potion"},{"floor":14,"key":"LiquidBronze"}],"is_trial":false,"path_per_floor":["M","M","$","?","$","E","R","M","T","E","M","E","?","M","R","B",null,"M","M","$","$","M","R","E","?","T","M","?","M","M","M","R","B",null,"M","M","$","?","?","E","R","M","T","$","M","$","R","E","R","B"],"character_chosen":"DEFECT","items_purchased":["Self Repair","Apotheosis"],"campfire_rested":5,"item_purchase_floors":[3,21],"current_hp_per_floor":[75,75,75,75,75,75,75,75,75,54,40,43,43,46,68,65,75,73,69,69,69,71,71,71,71,71,71,78,79,80,75,82,27,82,82,73,73,73,73,60,78,58,58,58,48,48,71,65,78,31],"gold":123,"neow_bonus":"THREE_ENEMY_KILL","is_prod":false,"is_daily":false,"chose_seed":false,"campfire_upgraded":2,"win_rate":0,"timestamp":1540908521,"path_taken":["M","M","$","?","$","E","R","M","T","E","M","E","?","M","R","BOSS","M","M","?","$","M","R","E","?","T","M","?","M","M","M","R","BOSS","M","M","$","?","?","E","R","M","T","?","M","$","R","E","R","BOSS"],"build_version":"2018-10-29v2","purchased_purges":2,"victory":true,"max_hp_per_floor":[75,75,75,75,75,75,75,75,75,75,75,75,75,75,75,75,75,75,75,75,75,75,75,75,75,75,75,82,82,82,82,82,82,82,82,82,82,78,78,78,78,78,78,78,78,78,78,78,78,78],"card_choices":[{"not_picked":["Barrage","Redo"],"picked":"Go for the Eyes","floor":1},{"not_picked":["BootSequence","Chaos"],"picked":"Storm","floor":2},{"not_picked":["Lockon","Sunder"],"picked":"Coolheaded","floor":6},{"not_picked":["Chaos","Storm"],"picked":"Rebound","floor":8},{"not_picked":["Chill","Doom and Gloom"],"picked":"Genetic Algorithm","floor":10},{"not_picked":["Hologram","Meteor Strike"],"picked":"Streamline","floor":11},{"not_picked":["Static Discharge","Steam"],"picked":"Barrage","floor":12},{"not_picked":["Stack","Aggregate"],"picked":"Lockon","floor":14},{"not_picked":["Meteor Strike","Fission"],"picked":"Seek","floor":16},{"not_picked":["Conserve Battery","Reprogram"],"picked":"Compile Driver+1","floor":18},{"not_picked":["Double Energy","Darkness"],"picked":"Compile Driver+1","floor":19},{"not_picked":["Loop+1","Rip and Tear"],"picked":"Streamline+1","floor":22},{"not_picked":["Conserve Battery+1","Sunder"],"picked":"Defragment+1","floor":24},{"not_picked":["Steam","Leap","BootSequence"],"picked":"SKIP","floor":27},{"not_picked":["Blizzard","Streamline","Force Field"],"picked":"SKIP","floor":29},{"not_picked":["Go for the Eyes","Steam"],"picked":"Coolheaded","floor":30},{"not_picked":["Barrage","Streamline","Turbo"],"picked":"SKIP","floor":31},{"not_picked":["Meteor Strike","Biased Cognition"],"picked":"Reboot","floor":33},{"not_picked":["Hologram","Steam+1","Compile Driver+1"],"picked":"SKIP","floor":35},{"not_picked":["Leap","Go for the Eyes+1"],"picked":"Cold Snap+1","floor":36},{"not_picked":["Undo","Steam+1","Beam Cell"],"picked":"SKIP","floor":40},{"not_picked":["Compile Driver+1","Genetic Algorithm"],"picked":"Echo Form","floor":42},{"not_picked":["FTL","Turbo"],"picked":"Capacitor","floor":45},{"not_picked":["Reinforced Body+1","Sweeping Beam+1","Hologram+1"],"picked":"SKIP","floor":48}],"player_experience":34704,"relics_obtained":[{"floor":6,"key":"Centennial Puzzle"},{"floor":9,"key":"Whetstone"},{"floor":10,"key":"Tiny Chest"},{"floor":12,"key":"PreservedInsect"},{"floor":24,"key":"Bottled Lightning"},{"floor":26,"key":"Bronze Scales"},{"floor":40,"key":"Bottled Tornado"},{"floor":43,"key":"Juzu Bracelet"},{"floor":48,"key":"Orichalcum"}],"event_choices":[{"damage_healed":0,"gold_gain":0,"cards_transformed":["Strike_B"],"player_choice":"Transformed","damage_taken":0,"max_hp_gain":0,"max_hp_loss":0,"event_name":"Transmorgrifier","floor":4,"gold_loss":0,"cards_obtained":["Blizzard"]},{"damage_healed":0,"gold_gain":58,"player_choice":"Gained Gold","damage_taken":0,"max_hp_gain":0,"max_hp_loss":0,"event_name":"Golden Wing","floor":13,"gold_loss":0},{"damage_healed":0,"gold_gain":0,"player_choice":"Read","damage_taken":0,"max_hp_gain":0,"max_hp_loss":0,"event_name":"The Library","floor":25,"gold_loss":0,"cards_obtained":["Defragment"]},{"damage_healed":0,"gold_gain":0,"player_choice":"Obtained Relic","damage_taken":0,"relics_obtained":["Strawberry"],"max_hp_gain":0,"max_hp_loss":0,"event_name":"Addict","floor":28,"gold_loss":85},{"damage_healed":0,"gold_gain":0,"player_choice":"Max HP","damage_taken":0,"max_hp_gain":0,"max_hp_loss":4,"event_name":"Winding Halls","floor":38,"gold_loss":0},{"damage_healed":0,"gold_gain":0,"player_choice":"Paid","damage_taken":0,"relics_obtained":["Red Mask"],"max_hp_gain":0,"max_hp_loss":0,"event_name":"Tomb of Lord Red Mask","floor":39,"gold_loss":318}],"is_beta":true,"boss_relics":[{"not_picked":["Coffee Dripper","Empty Cage"],"picked":"Sozu"},{"not_picked":["Tiny House","Eternal Feather"],"picked":"Velvet Choker"}],"items_purged_floors":[3,37],"is_endless":false,"potions_floor_spawned":[2,6,10,11,14,22,27,30,31,33,35,42],"ascension_level":0}