{"gold_per_floor":[119,130,130,150,100,100,100,100,100,25,54,64,127,144,144,144],"floor_reached":16,"playtime":582,"items_purged":["Parasite"],"score":100,"play_id":"05612e59-3bff-466c-b502-503dfd6a88b7","local_time":"20190308134634","is_ascension_mode":false,"campfire_choices":[{"data":"Corruption","floor":6,"key":"SMITH"},{"floor":15,"key":"REST"}],"neow_cost":"NONE","seed_source_timestamp":1963953562226878,"circlet_count":0,"master_deck":["Strike_R","Strike_R+1","Strike_R","Strike_R","Defend_R","Defend_R","Defend_R","Defend_R","Bash","Flex+1","Twin Strike","Corruption+1","Pummel","Reaper","Shrug It Off","Ghostly Armor"],"relics":["Burning Blood","NeowsBlessing","Art of War","Self Forming Clay","Bag of Preparation","Gremlin Horn"],"potions_floor_usage":[11,11,13],"damage_taken":[{"damage":0,"enemies":"Small Slimes","floor":1,"turns":1},{"damage":0,"enemies":"2 Louse","floor":2,"turns":1},{"damage":0,"enemies":"Jaw Worm","floor":4,"turns":1},{"damage":49,"enemies":"Lagavulin","floor":11,"turns":8},{"damage":6,"enemies":"Lots of Slimes","floor":12,"turns":4},{"damage":17,"enemies":"3 Sentries","floor":13,"turns":8},{"damage":0,"enemies":"2 Fungi Beasts","floor":14,"turns":2},{"damage":71,"enemies":"Slime Boss","floor":16,"turns":15}],"seed_played":"5081230793348068092","potions_obtained":[{"floor":1,"key":"Block Potion"},{"floor":4,"key":"SkillPotion"},{"floor":11,"key":"EssenceOfSteel"}],"is_trial":false,"path_per_floor":["M","M","?","M","?","R","?","?","T","$","E","M","?","M","R","B"],"character_chosen":"IRONCLAD","items_purchased":[],"campfire_rested":1,"item_purchase_floors":[],"current_hp_per_floor":[80,80,64,70,70,70,80,62,62,62,19,19,16,28,51,0],"gold":144,"neow_bonus":"THREE_ENEMY_KILL","is_prod":false,"is_daily":false,"chose_seed":false,"campfire_upgraded":1,"win_rate":0,"timestamp":1552020394,"path_taken":["M","M","?","M","?","R","?","?","T","$","E","M","?","M","R","BOSS"],"build_version":"2019-01-23","purchased_purges":1,"victory":false,"max_hp_per_floor":[80,80,80,80,80,80,80,80,80,77,77,77,77,77,77,77],"card_choices":[{"not_picked":["Iron Wave","Cleave"],"picked":"Flex","floor":1},{"not_picked":["True Grit","Uppercut"],"picked":"Twin Strike","floor":2},{"not_picked":["Reckless Charge","Cleave"],"picked":"Corruption","floor":4},{"not_picked":["Clothesline","True Grit"],"picked":"Pummel","floor":11},{"not_picked":["Bloodletting","True Grit"],"picked":"Reaper","floor":12},{"not_picked":["Iron Wave","True Grit"],"picked":"Shrug It Off","floor":13},{"not_picked":["Pommel Strike","Corruption"],"picked":"Ghostly Armor","floor":14}],"player_experience":218252,"relics_obtained":[{"floor":9,"key":"Self Forming Clay"},{"floor":11,"key":"Bag of Preparation"},{"floor":13,"key":"Gremlin Horn"}],"event_choices":[{"damage_healed":0,"gold_gain":0,"player_choice":"Entered Light","damage_taken":16,"max_hp_gain":0,"max_hp_loss":0,"event_name":"Shining Light","floor":3,"gold_loss":0,"cards_upgraded":["Strike_R","Flex"]},{"cards_removed":["Strike_R"],"damage_healed":0,"gold_gain":0,"player_choice":"Card Removal","damage_taken":0,"max_hp_gain":0,"max_hp_loss":0,"event_name":"The Cleric","floor":5,"gold_loss":50},{"damage_healed":20,"gold_gain":0,"player_choice":"Healed and dodged fight","damage_taken":0,"max_hp_gain":0,"max_hp_loss":0,"event_name":"Mushrooms","floor":7,"gold_loss":0,"cards_obtained":["Parasite"]},{"damage_healed":0,"gold_gain":0,"player_choice":"Success","damage_taken":18,"relics_obtained":["Art of War"],"max_hp_gain":0,"max_hp_loss":0,"event_name":"Scrap Ooze","floor":8,"gold_loss":0},{"damage_healed":0,"gold_gain":0,"player_choice":"Searched \u00272\u0027 times","damage_taken":0,"max_hp_gain":0,"max_hp_loss":0,"event_name":"Dead Adventurer","floor":13,"gold_loss":0}],"is_beta":false,"boss_relics":[],"items_purged_floors":[10],"is_endless":false,"potions_floor_spawned":[1,4,11],"killed_by":"Slime Boss","ascension_level":0}