{"path_per_floor":["M","M","$","M","$","E","$","E","T","M","R","?","R","M","R","B",null,"M","M","M","$"],"character_chosen":"DEFECT","items_purchased":["Beam Cell","White Noise"],"gold_per_floor":[111,127,127,144,121,150,150,176,176,186,186,186,186,197,197,295,295,311,324,341,230,230],"floor_reached":22,"campfire_rested":2,"playtime":1333,"current_hp_per_floor":[74,71,71,71,71,55,55,41,41,13,35,35,35,34,56,26,75,72,44,5,5,5],"items_purged":["Defend_B"],"gold":230,"score":216,"play_id":"f4cb630a-4917-493b-8430-322115249051","local_time":"20180508174008","is_prod":false,"is_daily":false,"chose_seed":false,"is_ascension_mode":true,"campfire_upgraded":1,"timestamp":1525819208,"path_taken":["M","M","$","M","$","E","$","E","T","M","R","?","R","?","R","BOSS","M","M","?","$","M"],"build_version":"2018-05-07","seed_source_timestamp":1953693785875805,"purchased_purges":1,"victory":false,"master_deck":["Strike_B","Strike_B","Defend_B","Defend_B","Zap","Dualcast","Multi-Cast","Cold Snap","Go for the Eyes","Buffer+1","Beam Cell+1","Scrape","Auto Shields","Creative AI","All For One+1","Static Discharge+1","Hello World+1","Glacier","Storm","Impulse+1","White Noise"],"max_hp_per_floor":[75,75,75,75,75,75,75,75,75,75,75,75,75,75,75,75,75,75,75,75,75,75],"relics":["Cracked Core","Torii","Question Card","Letter Opener","Astrolabe"],"card_choices":[{"not_picked":["Heatsinks","Leap"],"picked":"Cold Snap","floor":1.0},{"not_picked":["Leap","Conserve Battery"],"picked":"Go for the Eyes","floor":2.0},{"not_picked":["Cold Snap","Sweeping Beam"],"picked":"Buffer","floor":4.0},{"not_picked":["Turbo","Rip and Tear","Impulse"],"picked":"Scrape","floor":10.0},{"not_picked":["Beam Cell","Stack","Buffer"],"picked":"Auto Shields","floor":14.0},{"not_picked":["Nova","Biased Cognition","Rainbow"],"picked":"Creative AI","floor":16.0},{"not_picked":["Streamline","Blizzard","Rebound"],"picked":"Glacier","floor":18.0},{"not_picked":["Stack","Scrape","Chaos"],"picked":"Storm","floor":19.0},{"not_picked":["Streamline","Cold Snap","Capacitor"],"picked":"Impulse","floor":20}],"player_experience":56157,"potions_floor_usage":[],"damage_taken":[{"damage":1.0,"enemies":"2 Louse","floor":1.0,"turns":2.0},{"damage":3.0,"enemies":"Small Slimes","floor":2.0,"turns":3.0},{"damage":0.0,"enemies":"Cultist","floor":4.0,"turns":3.0},{"damage":16.0,"enemies":"Gremlin Nob","floor":6.0,"turns":5.0},{"damage":14.0,"enemies":"Lagavulin","floor":8.0,"turns":7.0},{"damage":28.0,"enemies":"Gremlin Gang","floor":10.0,"turns":6.0},{"damage":1.0,"enemies":"Looter","floor":14.0,"turns":2.0},{"damage":30.0,"enemies":"The Guardian","floor":16.0,"turns":17.0},{"damage":3.0,"enemies":"3 Byrds","floor":18.0,"turns":4.0},{"damage":28.0,"enemies":"Chosen","floor":19.0,"turns":5.0},{"damage":39,"enemies":"3 Cultists","floor":20,"turns":7},{"damage":0,"enemies":"Sentry and Sphere","floor":22,"turns":1}],"event_choices":[{"event_name":"Living Wall","player_choice":"Grow","floor":12.0,"damage_taken":0.0}],"boss_relics":[],"potions_floor_spawned":[1,6,14],"seed_played":"-2495355385655288622","killed_by":"Sentry and Sphere","ascension_level":2,"is_trial":false}