{"gold_per_floor":[115,115,14,25,38,38,38,58,58,74,85,85,95,167,167,269,269,255,255,281,292,292,292,306,306,360,360],"floor_reached":27,"playtime":814,"items_purged":[],"score":205,"play_id":"14fa77e8-cedf-4197-8aa6-c801824f8a99","local_time":"20180730180938","is_ascension_mode":false,"campfire_choices":[{"data":"Zap","floor":6,"key":"SMITH"},{"data":"Beam Cell","floor":12,"key":"SMITH"},{"floor":15,"key":"REST"},{"data":"Buffer","floor":23,"key":"SMITH"}],"neow_cost":"NONE","seed_source_timestamp":1359540033263600,"circlet_count":0,"master_deck":["Strike_B","Strike_B","Strike_B","Defend_B","Defend_B","Defend_B","Defend_B","Zap+1","Dualcast","Thunder Strike","Beam Cell+1","Madness","Loop","Rebound","Conserve Battery","Biased Cognition","Steam","Buffer+1","Streamline","Double Energy","Cold Snap","Decay"],"relics":["Cracked Core"],"potions_floor_usage":[16,16,18,24],"damage_taken":[{"damage":3,"enemies":"2 Louse","floor":1,"turns":2},{"damage":6,"enemies":"Jaw Worm","floor":4,"turns":3},{"damage":5,"enemies":"Small Slimes","floor":5,"turns":2},{"damage":10,"enemies":"Exordium Thugs","floor":8,"turns":3},{"damage":23,"enemies":"2 Fungi Beasts","floor":10,"turns":4},{"damage":5,"enemies":"Large Slime","floor":11,"turns":5},{"damage":8,"enemies":"Red Slaver","floor":13,"turns":3},{"damage":30,"enemies":"Hexaghost","floor":16,"turns":8},{"damage":19,"enemies":"2 Thieves","floor":18,"turns":4},{"damage":0,"enemies":"Chosen","floor":21,"turns":5},{"damage":41,"enemies":"3 Cultists","floor":24,"turns":7},{"damage":20,"enemies":"Snake Plant","floor":27,"turns":4}],"seed_played":"7236654959476414611","potions_obtained":[{"floor":4,"key":"GamblersBrew"},{"floor":5,"key":"Swift Potion"},{"floor":11,"key":"GamblersBrew"},{"floor":13,"key":"PowerPotion"},{"floor":18,"key":"SkillPotion"}],"is_trial":false,"path_per_floor":["M","?","$","M","M","R","?","M","T","M","M","R","M","T","R","B",null,"M","?","T","M","?","R","M","?","T"],"character_chosen":"DEFECT","items_purchased":["Madness"],"campfire_rested":1,"item_purchase_floors":[3],"current_hp_per_floor":[72,72,72,66,61,61,61,51,51,28,23,23,15,15,37,7,75,56,56,56,56,56,56,15,15,15,0],"gold":360,"neow_bonus":"ONE_RANDOM_RARE_CARD","is_prod":false,"is_daily":false,"chose_seed":false,"campfire_upgraded":3,"win_rate":0,"timestamp":1532995778,"path_taken":["M","?","?","M","M","R","?","M","T","M","M","R","M","?","R","BOSS","M","?","?","M","?","R","M","?","T","M"],"build_version":"2018-07-26","purchased_purges":0,"victory":false,"max_hp_per_floor":[75,75,75,75,75,75,75,75,75,75,75,75,75,75,75,75,75,75,75,75,75,75,75,75,75,75,75],"card_choices":[{"not_picked":["Tempest","Redo"],"picked":"Beam Cell","floor":1},{"not_picked":["Conserve Battery","Consume"],"picked":"Loop","floor":4},{"not_picked":["Redo","Melter"],"picked":"Rebound","floor":5},{"not_picked":["Sweeping Beam","Hologram","Blizzard"],"picked":"SKIP","floor":8},{"not_picked":["Redo","Tempest"],"picked":"Conserve Battery","floor":10},{"not_picked":["Ball Lightning","Redo"],"picked":"Biased Cognition","floor":11},{"not_picked":["Coolheaded","Beam Cell"],"picked":"Steam","floor":13},{"not_picked":["Electrodynamics","Multi-Cast"],"picked":"Buffer","floor":16},{"not_picked":["Go for the Eyes","Stack+1"],"picked":"Streamline","floor":18},{"not_picked":["Steam","Ball Lightning"],"picked":"Cold Snap","floor":21},{"not_picked":["Compile Driver","Undo","Aggregate"],"picked":"SKIP","floor":24}],"player_experience":309235,"relics_obtained":[],"event_choices":[{"event_name":"Golden Idol","player_choice":"Ignored","floor":2,"damage_taken":0},{"event_name":"Living Wall","player_choice":"Forget","floor":7,"damage_taken":0},{"event_name":"The Library","player_choice":"Read","floor":19,"damage_taken":0},{"event_name":"Cursed Tome","player_choice":"Ignored","floor":22,"damage_taken":0},{"event_name":"Forgotten Altar","player_choice":"Smashed Altar","floor":25,"damage_taken":0}],"is_beta":false,"boss_relics":[{"not_picked":["Busted Crown","Black Star","Fusion Hammer"]}],"items_purged_floors":[],"is_endless":false,"potions_floor_spawned":[4,5,11,13,18],"killed_by":"Snake Plant","ascension_level":0}