{"gold_per_floor":[112,130,146,161,161,188,188,207,207,207,239,239,209,242,242,242],"floor_reached":16,"playtime":668,"items_purged":[],"score":180,"play_id":"f3ba235b-cf36-4613-ae04-4b172e730e68","local_time":"20181113124242","is_ascension_mode":true,"campfire_choices":[{"floor":7.0,"key":"REST"},{"data":"Predator","floor":10.0,"key":"SMITH"},{"floor":12.0,"key":"REST"},{"data":"Footwork","floor":15,"key":"SMITH"}],"neow_cost":"NONE","seed_source_timestamp":175640022240403,"circlet_count":0,"master_deck":["AscendersBane","Defend_G","Defend_G","Defend_G","Defend_G","Defend_G","Strike_G","Strike_G","Strike_G","Strike_G","Strike_G+1","Survivor","Neutralize+1","All Out Attack","Envenom","Poisoned Stab","Predator+1","Cloak And Dagger","Footwork+1","Footwork","Calculated Gamble"],"special_seed":0,"relics":["Ring of the Snake","Blood Vial","Darkstone Periapt","Gremlin Horn","Dodecahedron","Bottled Lightning","Whetstone"],"potions_floor_usage":[16],"damage_taken":[{"damage":7.0,"enemies":"Cultist","floor":1.0,"turns":6.0},{"damage":4.0,"enemies":"2 Louse","floor":2.0,"turns":2.0},{"damage":0.0,"enemies":"Small Slimes","floor":3.0,"turns":5.0},{"damage":0.0,"enemies":"2 Fungi Beasts","floor":4.0,"turns":4.0},{"damage":37.0,"enemies":"Lagavulin","floor":6.0,"turns":6.0},{"damage":0.0,"enemies":"Lots of Slimes","floor":8.0,"turns":2.0},{"damage":25.0,"enemies":"Gremlin Nob","floor":11.0,"turns":5.0},{"damage":24.0,"enemies":"3 Sentries","floor":14.0,"turns":8.0},{"damage":30,"enemies":"The Guardian","floor":16,"turns":4}],"seed_played":"8054575719811563323","potions_obtained":[{"floor":1.0,"key":"Swift Potion"},{"floor":3.0,"key":"Strength Potion"},{"floor":11.0,"key":"LiquidBronze"}],"is_trial":false,"path_per_floor":["M","M","M","M","M","?","E","R","M","T","R","E","R","?","E","E","R","B"],"character_chosen":"THE_SILENT","items_purchased":[],"campfire_rested":2,"item_purchase_floors":[],"current_hp_per_floor":[58,56,58,60,57,22,43,45,45,45,22,43,43,21,21,0],"gold":242,"neow_bonus":"RANDOM_COMMON_RELIC","is_prod":false,"is_daily":false,"chose_seed":false,"campfire_upgraded":2,"win_rate":0,"timestamp":1542138162,"path_taken":["M","M","M","?","?","E","R","M","T","R","E","R","?","E","R","BOSS"],"build_version":"2018-11-08","purchased_purges":0,"victory":false,"max_hp_per_floor":[70,70,70,70,70,70,70,70,70,70,70,70,70,70,70,70],"card_choices":[{"not_picked":["Setup","Deadly Poison"],"picked":"All Out Attack","floor":1.0},{"not_picked":["Deflect","Well Laid Plans"],"picked":"Envenom","floor":2.0},{"not_picked":["Outmaneuver","Escape Plan"],"picked":"Poisoned Stab","floor":3.0},{"not_picked":["Tactician","Accuracy"],"picked":"Predator","floor":4.0},{"not_picked":["Skewer","Dodge and Roll"],"picked":"Cloak And Dagger","floor":6.0},{"not_picked":["Finisher","Deadly Poison"],"picked":"Footwork","floor":8.0},{"not_picked":["Dagger Throw","Slice"],"picked":"Footwork","floor":11.0},{"not_picked":["Catalyst","Venomology"],"picked":"Calculated Gamble","floor":14}],"player_experience":602895,"relics_obtained":[{"floor":6.0,"key":"Gremlin Horn"},{"floor":9.0,"key":"Dodecahedron"},{"floor":11.0,"key":"Bottled Lightning"},{"floor":14,"key":"Whetstone"}],"event_choices":[{"damage_healed":0.0,"max_hp_gain":0.0,"max_hp_loss":0.0,"gold_gain":0.0,"event_name":"Scrap Ooze","player_choice":"Success","floor":5.0,"gold_loss":0.0,"damage_taken":3.0,"relics_obtained":["Darkstone Periapt"]},{"damage_healed":0.0,"max_hp_gain":0.0,"max_hp_loss":0.0,"gold_gain":0.0,"event_name":"World of Goop","player_choice":"Left Gold","floor":13.0,"gold_loss":30.0,"damage_taken":0.0}],"is_beta":false,"boss_relics":[],"items_purged_floors":[],"is_endless":false,"potions_floor_spawned":[1,3,11],"killed_by":"The Guardian","ascension_level":10}