{"gold_per_floor":[112,131,151,151,33,48,83,83,83,49,49,224,241,265,265,361,361,380,12,22,36,52,52,52],"floor_reached":24,"playtime":1393,"items_purged":["Doubt"],"score":223,"play_id":"0eae5c6c-8224-407a-bcf0-32fbd256cde6","local_time":"20190307220412","is_ascension_mode":false,"campfire_choices":[{"floor":11.0,"key":"REST"},{"floor":15.0,"key":"REST"},{"floor":23.0,"key":"REST"}],"neow_cost":"NONE","seed_source_timestamp":0,"circlet_count":0,"master_deck":["Strike_B","Strike_B","Strike_B","Strike_B","Defend_B","Defend_B","Defend_B","Defend_B","Zap","Dualcast","Redo","Conserve Battery","Chaos","Self Repair","Turbo","Gash","Go for the Eyes","Steam Power","Sunder","Doom and Gloom","Streamline","Meteor Strike","Static Discharge","Capacitor","Beam Cell+1","Gash","Fusion+1"],"special_seed":0,"relics":["Cracked Core","Ice Cream","Mango","Happy Flower","Philosopher\u0027s Stone","ClockworkSouvenir"],"potions_floor_usage":[],"damage_taken":[{"damage":1.0,"enemies":"Cultist","floor":1.0,"turns":4.0},{"damage":0.0,"enemies":"2 Louse","floor":2.0,"turns":2.0},{"damage":0.0,"enemies":"Jaw Worm","floor":3.0,"turns":3.0},{"damage":12.0,"enemies":"Exordium Thugs","floor":6.0,"turns":4.0},{"damage":38.0,"enemies":"Lagavulin","floor":7.0,"turns":6.0},{"damage":0.0,"enemies":"3 Louse","floor":13.0,"turns":2.0},{"damage":64.0,"enemies":"The Guardian","floor":16.0,"turns":8.0},{"damage":10.0,"enemies":"Shell Parasite","floor":18.0,"turns":4.0},{"damage":19.0,"enemies":"3 Byrds","floor":20.0,"turns":4.0},{"damage":36.0,"enemies":"Snake Plant","floor":21.0,"turns":3.0},{"damage":23.0,"enemies":"Shelled Parasite and Fungi","floor":22.0,"turns":5.0},{"damage":65,"enemies":"3 Cultists","floor":24,"turns":4}],"seed_played":"1263558404980116922","potions_obtained":[{"floor":2.0,"key":"EssenceOfSteel"},{"floor":4.0,"key":"Energy Potion"},{"floor":4.0,"key":"Fruit Juice"},{"floor":4.0,"key":"FearPotion"},{"floor":7.0,"key":"Energy Potion"},{"floor":13.0,"key":"GamblersBrew"},{"floor":20.0,"key":"Swift Potion"},{"floor":21.0,"key":"Weak Potion"},{"floor":22.0,"key":"LiquidBronze"}],"is_trial":false,"path_per_floor":["M","M","M","?","$","M","E","?","T","$","R","?","M","T","R","B",null,"M","$","M","M","M","R","M"],"character_chosen":"DEFECT","items_purchased":["Turbo","Gash","Go for the Eyes","Doom and Gloom","Capacitor","ClockworkSouvenir","Explosive Potion"],"campfire_rested":3,"item_purchase_floors":[5,5,5,10,19,19,19],"current_hp_per_floor":[74,74,74,74,74,62,36,36,50,50,78,78,78,78,94,37,94,84,84,72,43,27,55,0],"gold":52,"neow_bonus":"THREE_CARDS","is_prod":false,"is_daily":false,"chose_seed":false,"campfire_upgraded":0,"win_rate":0.0,"timestamp":1552014252,"path_taken":["M","?","M","?","?","?","E","?","T","?","R","?","M","?","R","BOSS","M","$","M","M","?","R","M"],"build_version":"2019-01-23","purchased_purges":1,"victory":false,"max_hp_per_floor":[75,75,75,75,75,75,80,80,94,94,94,94,94,94,94,94,94,94,94,94,94,94,94,94],"card_choices":[{"not_picked":["Aggregate","Cold Snap"],"picked":"Redo","floor":0.0},{"not_picked":["Compile Driver","Undo"],"picked":"Conserve Battery","floor":1.0},{"not_picked":["Static Discharge","Beam Cell"],"picked":"Chaos","floor":2.0},{"not_picked":["Hologram","Reprogram"],"picked":"Self Repair","floor":3.0},{"not_picked":["Steam","Beam Cell"],"picked":"Steam Power","floor":6.0},{"not_picked":["Barrage","Ball Lightning"],"picked":"Sunder","floor":7.0},{"not_picked":["Reprogram","Beam Cell"],"picked":"Streamline","floor":13.0},{"not_picked":["Multi-Cast","Echo Form"],"picked":"Meteor Strike","floor":16.0},{"not_picked":["Heatsinks","Undo"],"picked":"Static Discharge","floor":18.0},{"not_picked":["Cold Snap","Reprogram"],"picked":"Beam Cell+1","floor":20.0},{"not_picked":["Cold Snap","Steam"],"picked":"Gash","floor":21.0},{"not_picked":["Steam Power+1","Turbo"],"picked":"Fusion+1","floor":22.0}],"player_experience":56389,"relics_obtained":[{"floor":7.0,"key":"Ice Cream"},{"floor":9.0,"key":"Mango"},{"floor":14.0,"key":"Happy Flower"}],"event_choices":[{"damage_healed":0.0,"max_hp_gain":0.0,"max_hp_loss":0.0,"gold_gain":0.0,"event_name":"Lab","player_choice":"Got Potions","floor":4.0,"gold_loss":0.0,"damage_taken":0.0},{"damage_healed":0.0,"max_hp_gain":0.0,"max_hp_loss":0.0,"gold_gain":0.0,"event_name":"FaceTrader","player_choice":"Leave","floor":8.0,"gold_loss":0.0,"damage_taken":0.0},{"damage_healed":0.0,"max_hp_gain":0.0,"max_hp_loss":0.0,"gold_gain":175.0,"event_name":"Liars Game","player_choice":"AGREE","floor":12.0,"gold_loss":0.0,"damage_taken":0.0,"cards_obtained":["Doubt"]}],"is_beta":false,"boss_relics":[{"not_picked":["Runic Dome","Empty Cage"],"picked":"Philosopher\u0027s Stone"}],"items_purged_floors":[19],"is_endless":false,"potions_floor_spawned":[2,7,13,20,21,22],"killed_by":"3 Cultists","ascension_level":0}