{"path_per_floor":["M","?","M","T","?","M","R","E","T","$","$","M","T","M","R","B",null,"M","?","M","$","M","R","M","R","T","R","?","M","R","M","R","B",null,"M","?"],"character_chosen":"DEFECT","items_purchased":["FTL","Apotheosis","Auto Shields"],"gold_per_floor":[118,118,131,131,131,149,149,180,180,141,66,76,76,90,90,192,192,208,308,328,70,82,82,99,99,122,122,122,136,136,151,151,250,250,260,260,260],"floor_reached":37,"campfire_rested":2,"playtime":1951,"current_hp_per_floor":[74,79,79,79,79,78,78,78,78,78,78,78,88,82,82,50,90,85,85,72,72,26,26,36,63,63,63,47,53,53,57,84,24,90,57,57,0],"items_purged":["Defend_B"],"gold":260,"score":419,"play_id":"3a78fc7c-e3d9-4298-80f4-99651194db0d","local_time":"20180428172651","is_prod":false,"is_daily":false,"chose_seed":false,"is_ascension_mode":false,"campfire_upgraded":5,"timestamp":1524954411,"path_taken":["M","?","M","?","?","M","R","E","T","?","$","M","?","M","R","BOSS","M","?","M","$","M","R","?","R","T","R","?","M","R","M","R","BOSS","M","?","M"],"build_version":"2018-04-27v3","seed_source_timestamp":1088560586105364,"purchased_purges":1,"victory":false,"master_deck":["Strike_B","Strike_B","Defend_B","Defend_B","Zap+1","Dualcast+1","Buffer+1","Gash","Leap","Beam Cell+1","FTL","Rip and Tear","Glacier","Fission","Storm+1","Multi-Cast+1","Capacitor+1","Impulse+1","Self Repair+1","Apotheosis+1","Auto Shields","Barrage","Bandage Up","Fusion+1","Capacitor","Rainbow","Streamline+1","Blind"],"max_hp_per_floor":[75,80,80,80,80,80,80,80,80,80,80,80,90,90,90,90,90,90,90,90,90,90,90,90,90,90,90,90,90,90,90,90,90,90,90,90,90],"relics":["Cracked Core","Lantern","Bag of Marbles","Anchor","Pear","Astrolabe","Juzu Bracelet","Inserter"],"card_choices":[{"not_picked":["Hologram","Beam Cell"],"picked":"Buffer","floor":1},{"not_picked":["Static Discharge","Steam Power"],"picked":"Gash","floor":3},{"not_picked":["Axe Kick","Blaster"],"picked":"Leap","floor":6},{"not_picked":["Flux Capacitor","Loop"],"picked":"Beam Cell","floor":8},{"not_picked":["Capacitor","Go for the Eyes"],"picked":"Rip and Tear","floor":12},{"not_picked":["Leap","Storm"],"picked":"Glacier","floor":14},{"not_picked":["Creative AI","Biased Cognition"],"picked":"Fission","floor":16},{"not_picked":["Sweeping Beam","Ball Lightning"],"picked":"Impulse","floor":18},{"not_picked":["Leap","Glacier"],"picked":"Self Repair","floor":20},{"not_picked":["Coolheaded","Loop"],"picked":"Barrage","floor":24},{"not_picked":["Coolheaded","Blizzard"],"picked":"Fusion","floor":29},{"not_picked":["Scrape","Impulse"],"picked":"Capacitor","floor":31},{"not_picked":["Prime","Redo"],"picked":"Rainbow","floor":33},{"not_picked":["Heatsinks","Stack"],"picked":"Streamline","floor":35},{"not_picked":["Dramatic Entrance","Enlightenment"],"picked":"Blind","floor":36}],"player_experience":1550,"potions_floor_usage":[8,16,16,24,29,31,33],"damage_taken":[{"damage":1,"enemies":"Jaw Worm","floor":1,"turns":3},{"damage":0,"enemies":"2 Louse","floor":3,"turns":2},{"damage":1,"enemies":"Cultist","floor":6,"turns":4},{"damage":0,"enemies":"Gremlin Nob","floor":8,"turns":4},{"damage":0,"enemies":"Exordium Wildlife","floor":12,"turns":3},{"damage":6,"enemies":"Large Slime","floor":14,"turns":4},{"damage":32,"enemies":"Slime Boss","floor":16,"turns":14},{"damage":5,"enemies":"3 Byrds","floor":18,"turns":5},{"damage":13,"enemies":"Spheric Guardian","floor":20,"turns":5},{"damage":56,"enemies":"Snecko","floor":22,"turns":7},{"damage":15,"enemies":"Cultist and Chosen","floor":24,"turns":5},{"damage":22,"enemies":"Snake Plant","floor":29,"turns":5},{"damage":10,"enemies":"Centurion and Healer","floor":31,"turns":6},{"damage":74,"enemies":"Champ","floor":33,"turns":10},{"damage":47,"enemies":"3 Shapes","floor":35,"turns":5},{"damage":67,"enemies":"3 Darklings","floor":37,"turns":5}],"event_choices":[{"event_name":"Big Fish","player_choice":"Donut","floor":2,"damage_taken":0},{"event_name":"The Lab","player_choice":"Got Potions","floor":5,"damage_taken":0},{"event_name":"Golden Shrine","player_choice":"Pray","floor":19,"damage_taken":0},{"event_name":"Knowing Skull","player_choice":"CARD ","floor":28,"damage_taken":0},{"event_name":"SensoryStone","player_choice":"Memory 1","floor":36,"damage_taken":0}],"boss_relics":[{"not_picked":["Lizard Tail","Snecko Eye"],"picked":"Astrolabe"},{"not_picked":["Cursed Key","Tiny House"],"picked":"Inserter"}],"potions_floor_spawned":[6,12,14,24,29,31],"seed_played":"-4657252870146365228","killed_by":"3 Darklings","ascension_level":0,"is_trial":false}