{"gold_per_floor":[117,117,140,163,181,221,146,146,146,171,171,186,202,225,225,355,355,370,27,51,64,163,163],"floor_reached":23,"playtime":798,"items_purged":["Injury"],"score":197,"play_id":"f63f47f6-20d0-4984-8b65-0c6c7e128b75","local_time":"20180910125127","is_ascension_mode":false,"campfire_choices":[{"data":"Flex","floor":8,"key":"SMITH"},{"data":"Demon Form","floor":11,"key":"SMITH"},{"data":"Seeing Red","floor":15,"key":"SMITH"}],"neow_cost":"CURSE","seed_source_timestamp":1907546048420779,"circlet_count":0,"master_deck":["Strike_R","Strike_R","Strike_R","Strike_R","Defend_R","Defend_R","Defend_R","Bash","Demon Form+1","Sword Boomerang","Flex+1","Thunderclap","Shockwave","Seeing Red+1","Infernal Blade","Heavy Blade","Brutality","Hemokinesis","Demon Form","Seeing Red","Double Tap","Heavy Blade","Twin Strike+1","Dual Wield+1"],"relics":["Burning Blood","Golden Idol","Question Card","Self Forming Clay","Empty Cage","Blood Vial"],"potions_floor_usage":[16,18],"damage_taken":[{"damage":6,"enemies":"2 Louse","floor":1,"turns":5},{"damage":15,"enemies":"Jaw Worm","floor":3,"turns":5},{"damage":1,"enemies":"Cultist","floor":4,"turns":3},{"damage":18,"enemies":"Red Slaver","floor":5,"turns":4},{"damage":21,"enemies":"3 Sentries","floor":6,"turns":5},{"damage":13,"enemies":"Lots of Slimes","floor":10,"turns":4},{"damage":0,"enemies":"Large Slime","floor":12,"turns":5},{"damage":10,"enemies":"2 Fungi Beasts","floor":13,"turns":4},{"damage":8,"enemies":"Exordium Thugs","floor":14,"turns":4},{"damage":13,"enemies":"The Guardian","floor":16,"turns":6},{"damage":19,"enemies":"2 Thieves","floor":18,"turns":3},{"damage":17,"enemies":"Shell Parasite","floor":20,"turns":3},{"damage":16,"enemies":"3 Cultists","floor":21,"turns":5},{"damage":59,"enemies":"Book of Stabbing","floor":23,"turns":5}],"seed_played":"3096575972399560018","potions_obtained":[{"floor":3,"key":"Regen Potion"},{"floor":10,"key":"FearPotion"},{"floor":13,"key":"SteroidPotion"},{"floor":16,"key":"Block Potion"},{"floor":21,"key":"LiquidBronze"}],"is_trial":false,"path_per_floor":["M","?","M","M","M","E","$","R","T","M","R","M","M","M","R","B",null,"M","$","M","M","?"],"character_chosen":"IRONCLAD","items_purchased":["Double Tap","Blood Vial","Heavy Blade"],"campfire_rested":0,"item_purchase_floors":[19,19,19],"current_hp_per_floor":[80,60,51,56,44,29,29,29,29,22,22,28,24,22,22,29,80,67,67,58,53,53,0],"gold":163,"neow_bonus":"THREE_RARE_CARDS","is_prod":false,"is_daily":false,"chose_seed":false,"campfire_upgraded":3,"win_rate":0,"timestamp":1536605487,"path_taken":["M","?","?","M","M","E","$","R","T","M","R","M","?","M","R","BOSS","M","$","?","M","?","E"],"build_version":"2018-09-06","purchased_purges":1,"victory":false,"max_hp_per_floor":[80,80,80,80,80,80,80,80,80,80,80,80,80,80,80,80,80,80,80,80,83,83,83],"card_choices":[{"not_picked":["Double Tap","Berserk"],"picked":"Demon Form","floor":0},{"not_picked":["True Grit","Iron Wave"],"picked":"Sword Boomerang","floor":1},{"not_picked":["Shrug It Off","True Grit"],"picked":"Flex","floor":3},{"not_picked":["Sentinel","Rampage"],"picked":"Thunderclap","floor":4},{"not_picked":["Body Slam","Flex"],"picked":"Shockwave","floor":5},{"not_picked":["Burning Pact","Havoc"],"picked":"Seeing Red","floor":6},{"not_picked":["Corruption","Iron Wave","Perfected Strike"],"picked":"Infernal Blade","floor":10},{"not_picked":["Power Through","Rupture","Combust"],"picked":"Heavy Blade","floor":12},{"not_picked":["Clothesline","Dual Wield","Metallicize"],"picked":"Brutality","floor":13},{"not_picked":["Rampage","Havoc","True Grit"],"picked":"Hemokinesis","floor":14},{"not_picked":["Brutality","Fiend Fire","Bludgeon"],"picked":"Demon Form","floor":16},{"not_picked":["Clothesline","Inflame","Warcry+1"],"picked":"Seeing Red","floor":18},{"not_picked":["Pommel Strike","Dropkick","Rampage"],"picked":"Twin Strike+1","floor":20},{"not_picked":["Sword Boomerang","Barricade","Thunderclap"],"picked":"Dual Wield+1","floor":21}],"player_experience":470335,"relics_obtained":[{"floor":6,"key":"Question Card"},{"floor":9,"key":"Self Forming Clay"}],"event_choices":[{"event_name":"Golden Idol","player_choice":"Take Damage","floor":2,"damage_taken":0},{"event_name":"Nest","player_choice":"Stole From Cult","floor":22,"damage_taken":0}],"is_beta":false,"boss_relics":[{"not_picked":["White Beast Statue","Fusion Hammer"],"picked":"Empty Cage"}],"items_purged_floors":[7],"is_endless":false,"potions_floor_spawned":[3,10,13,16,21],"killed_by":"Book of Stabbing","ascension_level":0}