{"gold_per_floor":[113,113,113,34,209,243,243,255,280,292,314,326,370,401,413,425],"floor_reached":16,"playtime":831,"items_purged":[],"score":146,"play_id":"ba8229c2-bfc4-43d8-8822-f505bf881001","local_time":"20190311000304","is_ascension_mode":true,"campfire_choices":[{"data":"Leg Sweep","floor":7,"key":"SMITH"},{"data":"Neutralize","floor":10,"key":"SMITH"},{"data":"Cloak And Dagger","floor":12,"key":"SMITH"},{"data":"Bouncing Flask","floor":15,"key":"SMITH"}],"neow_cost":"NONE","seed_source_timestamp":15656265340076,"circlet_count":0,"master_deck":["Defend_G","Defend_G","Defend_G","Defend_G","Defend_G","Strike_G","Strike_G","Strike_G","Strike_G","Survivor","Neutralize+1","Leg Sweep+1","Doubt","Escape Plan","Cloak And Dagger+1","Corpse Explosion","Bouncing Flask+1"],"relics":["Ring of the Snake","NeowsBlessing","Mummified Hand","Blood Vial","MawBank","Pocketwatch"],"potions_floor_usage":[13],"damage_taken":[{"damage":0,"enemies":"Cultist","floor":1,"turns":1},{"damage":0,"enemies":"Gremlin Nob","floor":6,"turns":1},{"damage":0,"enemies":"Jaw Worm","floor":8,"turns":1},{"damage":10,"enemies":"Small Slimes","floor":11,"turns":6},{"damage":9,"enemies":"Lagavulin","floor":13,"turns":11},{"damage":2,"enemies":"Exordium Wildlife","floor":14,"turns":2},{"damage":49,"enemies":"Slime Boss","floor":16,"turns":8}],"seed_played":"5973150822134625462","potions_obtained":[{"floor":1,"key":"Explosive Potion"},{"floor":11,"key":"SkillPotion"},{"floor":13,"key":"SteroidPotion"}],"is_trial":false,"path_per_floor":["M","?","?","$","?","E","R","M","T","R","M","R","E","M","R","B"],"character_chosen":"THE_SILENT","items_purchased":["Leg Sweep"],"campfire_rested":0,"item_purchase_floors":[4],"current_hp_per_floor":[70,63,60,60,60,60,60,62,62,62,54,54,47,47,47,0],"gold":425,"neow_bonus":"THREE_ENEMY_KILL","is_prod":false,"is_daily":false,"chose_seed":false,"campfire_upgraded":4,"win_rate":0,"timestamp":1552287784,"path_taken":["M","?","?","$","?","E","R","M","T","R","M","R","E","M","R","BOSS"],"build_version":"2019-01-23","purchased_purges":0,"victory":false,"max_hp_per_floor":[70,70,70,70,70,70,70,70,70,70,70,70,70,70,70,70],"card_choices":[{"not_picked":["Reflex","Dagger Spray","Blur"],"picked":"SKIP","floor":1},{"not_picked":["Blade Dance","Acrobatics"],"picked":"Escape Plan","floor":6},{"not_picked":["Distraction","Quick Slash","Flechettes"],"picked":"SKIP","floor":8},{"not_picked":["Leg Sweep","Acrobatics"],"picked":"Cloak And Dagger","floor":11},{"not_picked":["Backstab","Blade Dance"],"picked":"Corpse Explosion","floor":13},{"not_picked":["Sucker Punch","Acrobatics"],"picked":"Bouncing Flask","floor":14}],"player_experience":103717,"relics_obtained":[{"floor":6,"key":"Blood Vial"},{"floor":9,"key":"MawBank"},{"floor":13,"key":"Pocketwatch"}],"event_choices":[{"cards_removed":["Strike_G"],"damage_healed":0,"gold_gain":0,"player_choice":"Card Removal","damage_taken":7,"max_hp_gain":0,"max_hp_loss":0,"event_name":"Golden Wing","floor":2,"gold_loss":0},{"damage_healed":0,"gold_gain":0,"player_choice":"Success","damage_taken":3,"relics_obtained":["Mummified Hand"],"max_hp_gain":0,"max_hp_loss":0,"event_name":"Scrap Ooze","floor":3,"gold_loss":0},{"damage_healed":0,"gold_gain":175,"player_choice":"AGREE","damage_taken":0,"max_hp_gain":0,"max_hp_loss":0,"event_name":"Liars Game","floor":5,"gold_loss":0,"cards_obtained":["Doubt"]}],"is_beta":false,"boss_relics":[],"items_purged_floors":[],"is_endless":false,"potions_floor_spawned":[1,11,13],"killed_by":"Slime Boss","ascension_level":2}