{"gold_per_floor":[112,387,398,416,416,416,436,436,436,450,205,215,229,1,1,96,96,114,19,19,34,34,34,34],"floor_reached":24,"playtime":1309,"items_purged":["Regret","Pain"],"score":263,"play_id":"7d8c2208-26e8-4e85-b896-c864f110823e","local_time":"20190318152152","is_ascension_mode":true,"campfire_choices":[{"data":"Cold Snap","floor":6.0,"key":"SMITH"},{"data":"Zap","floor":8.0,"key":"SMITH"},{"data":"Machine Learning","floor":15.0,"key":"SMITH"},{"floor":23.0,"key":"REST"}],"neow_cost":"NONE","seed_source_timestamp":13709704955640,"circlet_count":0,"master_deck":["Strike_B","Strike_B","Strike_B","Defend_B","Defend_B","Defend_B","Defend_B","Zap+1","Dualcast","Cold Snap+1","Melter","Conserve Battery","Ball Lightning","Ball Lightning","Machine Learning+1","Cold Snap","Creative AI","Ball Lightning+1","Chrysalis","White Noise"],"special_seed":0,"relics":["Cracked Core","NeowsBlessing","WarpedTongs","Gremlin Horn","Membership Card","Mummified Hand","Nuclear Battery"],"potions_floor_usage":[24],"damage_taken":[{"damage":0.0,"enemies":"Jaw Worm","floor":1.0,"turns":1.0},{"damage":0.0,"enemies":"Cultist","floor":3.0,"turns":1.0},{"damage":0.0,"enemies":"Small Slimes","floor":4.0,"turns":1.0},{"damage":10.0,"enemies":"3 Louse","floor":7.0,"turns":3.0},{"damage":3.0,"enemies":"Looter","floor":10.0,"turns":3.0},{"damage":5.0,"enemies":"Exordium Thugs","floor":12.0,"turns":3.0},{"damage":2.0,"enemies":"Gremlin Gang","floor":13.0,"turns":2.0},{"damage":22.0,"enemies":"Hexaghost","floor":16.0,"turns":8.0},{"damage":17.0,"enemies":"3 Byrds","floor":18.0,"turns":4.0},{"damage":17.0,"enemies":"2 Thieves","floor":21.0,"turns":3.0},{"damage":27,"enemies":"Colosseum Slavers","floor":24,"turns":3},{"damage":39,"enemies":"Colosseum Nobs","floor":24,"turns":3}],"seed_played":"-7503398583627709815","potions_obtained":[{"floor":3.0,"key":"Strength Potion"},{"floor":4.0,"key":"Regen Potion"},{"floor":10.0,"key":"AttackPotion"},{"floor":12.0,"key":"Explosive Potion"},{"floor":18.0,"key":"FearPotion"}],"is_trial":false,"path_per_floor":["M","?","M","M","?","R","M","R","T","M","$","M","M","$","R","B",null,"M","$","?","M","$","R","?"],"character_chosen":"DEFECT","items_purchased":["Membership Card","Ball Lightning","Mummified Hand","Machine Learning","Cold Snap","Chrysalis"],"campfire_rested":1,"item_purchase_floors":[11,11,14,14,14,19],"current_hp_per_floor":[68,68,68,68,68,68,67,67,67,64,64,59,57,57,57,35,65,48,48,48,31,31,53,0],"gold":34,"neow_bonus":"THREE_ENEMY_KILL","is_prod":false,"is_daily":false,"chose_seed":false,"campfire_upgraded":3,"win_rate":0,"timestamp":1552940512,"path_taken":["M","?","?","M","?","R","M","R","T","M","?","?","M","$","R","BOSS","M","$","?","?","$","R","?"],"build_version":"2019-01-23","purchased_purges":2,"victory":false,"max_hp_per_floor":[75,75,75,75,75,75,75,75,75,75,75,75,75,75,75,75,75,75,75,75,75,75,75,75],"card_choices":[{"not_picked":["Gash","Heatsinks","Stack"],"picked":"SKIP","floor":1.0},{"not_picked":["Hello World","Doom and Gloom"],"picked":"Cold Snap","floor":3.0},{"not_picked":["Beam Cell","Force Field"],"picked":"Melter","floor":4.0},{"not_picked":["Beam Cell","Gash","Rip and Tear"],"picked":"SKIP","floor":7.0},{"not_picked":["Turbo","Steam Power"],"picked":"Conserve Battery","floor":10.0},{"not_picked":["Streamline","Consume"],"picked":"Ball Lightning","floor":12.0},{"not_picked":["Stack","Force Field","Storm"],"picked":"SKIP","floor":13.0},{"not_picked":["Biased Cognition","Buffer"],"picked":"Creative AI","floor":16.0},{"not_picked":["Beam Cell","Lockon"],"picked":"Ball Lightning+1","floor":18.0},{"not_picked":["Barrage","Beam Cell+1"],"picked":"White Noise","floor":21.0}],"player_experience":557271,"relics_obtained":[{"floor":9.0,"key":"Gremlin Horn"}],"event_choices":[{"damage_healed":0.0,"max_hp_gain":0.0,"max_hp_loss":0.0,"gold_gain":275.0,"event_name":"Golden Shrine","player_choice":"Desecrate","floor":2.0,"gold_loss":0.0,"damage_taken":0.0,"cards_obtained":["Regret"]},{"damage_healed":0.0,"max_hp_gain":0.0,"max_hp_loss":0.0,"gold_gain":0.0,"event_name":"Accursed Blacksmith","player_choice":"Rummage","floor":5.0,"gold_loss":0.0,"damage_taken":0.0,"relics_obtained":["WarpedTongs"],"cards_obtained":["Pain"]},{"cards_removed":["Strike_B"],"damage_healed":0.0,"max_hp_gain":0.0,"max_hp_loss":0.0,"gold_gain":0.0,"event_name":"Purifier","player_choice":"Purged","floor":20.0,"gold_loss":0.0,"damage_taken":0.0},{"damage_healed":0,"gold_gain":0,"player_choice":"Fight","damage_taken":0,"max_hp_gain":0,"max_hp_loss":0,"event_name":"Colosseum","floor":24,"gold_loss":0},{"damage_healed":0,"gold_gain":0,"player_choice":"Fought Nobs","damage_taken":0,"max_hp_gain":0,"max_hp_loss":0,"event_name":"Colosseum","floor":24,"gold_loss":0}],"is_beta":false,"boss_relics":[{"not_picked":["Pandora\u0027s Box","Runic Pyramid"],"picked":"Nuclear Battery"}],"items_purged_floors":[11,14],"is_endless":false,"potions_floor_spawned":[3,4,10,12,18],"killed_by":"Colosseum Nobs","ascension_level":8}