{"gold_per_floor":[115,126,146,163,179,179,190,190,213,233,247,267,23,23,23,120,120,134,149,162,195,206,206,206],"floor_reached":24,"playtime":1322,"items_purged":[],"score":196,"play_id":"1a0b871b-f71d-4fa5-9a6d-1af2d54099a0","local_time":"20180810015715","is_ascension_mode":false,"campfire_choices":[{"data":"Defragment","floor":6,"key":"SMITH"},{"data":"Rainbow","floor":8,"key":"SMITH"},{"floor":15,"key":"REST"},{"data":"Loop","floor":23,"key":"SMITH"}],"neow_cost":"NONE","seed_source_timestamp":2250968874350052,"circlet_count":0,"master_deck":["Strike_B","Strike_B","Strike_B","Strike_B","Defend_B","Defend_B","Defend_B","Defend_B+1","Zap","Dualcast","Defragment+1","Go for the Eyes","Beam Cell","Sunder","Hello World","Glacier","Rainbow+1","Loop+1","Conserve Battery","Rip and Tear","Ball Lightning","Auto Shields","Self Repair+1","Double Energy","Flash of Steel","Reboot","Conserve Battery","Coolheaded","Capacitor","Seek"],"relics":["Orrery"],"potions_floor_usage":[10,19,21,24],"damage_taken":[{"damage":6,"enemies":"Jaw Worm","floor":1,"turns":5},{"damage":5,"enemies":"Small Slimes","floor":2,"turns":3},{"damage":0,"enemies":"Cultist","floor":3,"turns":4},{"damage":7,"enemies":"3 Louse","floor":4,"turns":3},{"damage":5,"enemies":"Large Slime","floor":5,"turns":6},{"damage":0,"enemies":"Looter","floor":7,"turns":2},{"damage":0,"enemies":"2 Fungi Beasts","floor":10,"turns":4},{"damage":3,"enemies":"3 Louse","floor":11,"turns":2},{"damage":8,"enemies":"Red Slaver","floor":12,"turns":4},{"damage":10,"enemies":"The Guardian","floor":16,"turns":9},{"damage":23,"enemies":"Spheric Guardian","floor":18,"turns":6},{"damage":6,"enemies":"Shell Parasite","floor":19,"turns":7},{"damage":18,"enemies":"Centurion and Healer","floor":20,"turns":10},{"damage":27,"floor":21,"turns":7},{"damage":6,"enemies":"Snecko","floor":22,"turns":7},{"damage":50,"enemies":"3 Cultists","floor":24,"turns":5}],"seed_played":"-5330077695483143618","potions_obtained":[{"floor":1,"key":"SkillPotion"},{"floor":2,"key":"Weak Potion"},{"floor":10,"key":"FearPotion"},{"floor":11,"key":"Energy Potion"},{"floor":21,"key":"EssenceOfSteel"}],"is_trial":false,"path_per_floor":["M","M","M","M","M","R","M","R","T","M","M","M","$","?","R","B",null,"M","M","M","?","M","R"],"character_chosen":"DEFECT","items_purchased":["Self Repair","Double Energy","Flash of Steel"],"campfire_rested":1,"item_purchase_floors":[13,13,13],"current_hp_per_floor":[69,64,64,57,52,52,52,52,52,52,49,41,41,26,48,48,75,62,66,58,41,45,45,0],"gold":206,"neow_bonus":"BOSS_RELIC","is_prod":false,"is_daily":false,"chose_seed":false,"campfire_upgraded":3,"win_rate":0,"timestamp":1533887835,"path_taken":["M","M","M","M","M","R","M","R","T","M","M","M","$","?","R","BOSS","M","M","M","?","M","R","M"],"build_version":"2018-08-09","purchased_purges":0,"victory":false,"max_hp_per_floor":[75,75,75,75,75,75,75,75,75,75,75,75,75,75,75,75,75,75,75,75,75,75,75,75],"card_choices":[{"not_picked":["Rebound","Aggregate"],"picked":"Defragment","floor":0},{"not_picked":["Steam","Streamline"],"picked":"Go for the Eyes","floor":0},{"not_picked":["Gash","Stack"],"picked":"Beam Cell","floor":0},{"not_picked":["Melter","Rebound"],"picked":"Sunder","floor":0},{"not_picked":["Recycle","Skim"],"picked":"Hello World","floor":0},{"not_picked":["Reinforced Body","Hologram"],"picked":"Glacier","floor":1},{"not_picked":["Storm","FTL"],"picked":"Rainbow","floor":2},{"not_picked":["Turbo","Cold Snap"],"picked":"Loop","floor":3},{"not_picked":["Glacier","Streamline"],"picked":"Conserve Battery","floor":4},{"not_picked":["Barrage","Rebound"],"picked":"Rip and Tear","floor":5},{"not_picked":["Compile Driver","Sweeping Beam","Redo"],"picked":"SKIP","floor":7},{"not_picked":["Conserve Battery","Go for the Eyes"],"picked":"Ball Lightning","floor":10},{"not_picked":["Meteor Strike","Stack"],"picked":"Auto Shields","floor":11},{"not_picked":["Compile Driver","Aggregate","Glacier"],"picked":"SKIP","floor":12},{"not_picked":["Thunder Strike","Multi-Cast"],"picked":"Reboot","floor":16},{"not_picked":["Undo","Beam Cell+1"],"picked":"Conserve Battery","floor":18},{"not_picked":["Streamline","Glacier"],"picked":"Coolheaded","floor":19},{"not_picked":["Sunder","Auto Shields"],"picked":"Capacitor","floor":20},{"not_picked":["Ball Lightning","Recycle"],"picked":"Seek","floor":21},{"not_picked":["BootSequence","Consume+1","Beam Cell"],"picked":"SKIP","floor":22}],"player_experience":370378,"relics_obtained":[],"event_choices":[{"event_name":"Shining Light","player_choice":"Entered Light","floor":14,"damage_taken":0},{"event_name":"Masked Bandits","player_choice":"Fought Bandits","floor":21,"damage_taken":0}],"is_beta":false,"boss_relics":[{"not_picked":["Sozu","Astrolabe","Empty Cage"]}],"items_purged_floors":[],"is_endless":false,"potions_floor_spawned":[1,2,10,11,16,21],"killed_by":"3 Cultists","ascension_level":0}