{"gold_per_floor":[115,70,85,103,103,103,103,117,117,117,33,45,45,59,59,136,136,147,163,183,183,201,201,229,229,229,229,229,258,258,269,269,348,348,362,4,24,124,143,143,177,177,177,187,207,207,238,14,14,14],"floor_reached":51,"playtime":2504,"items_purged":["Strike_B"],"score":1243,"play_id":"93b01d5b-c610-4caa-8d9e-5c29cb364f4b","local_time":"20190214010551","is_ascension_mode":true,"campfire_choices":[{"data":"Zap","floor":6.0,"key":"SMITH"},{"data":"Ball Lightning","floor":10.0,"key":"SMITH"},{"data":"Sunder","floor":13.0,"key":"SMITH"},{"data":"Go for the Eyes","floor":15.0,"key":"SMITH"},{"floor":23.0,"key":"REST"},{"floor":25.0,"key":"REST"},{"floor":27.0,"key":"REST"},{"data":"Fission","floor":30.0,"key":"SMITH"},{"floor":32.0,"key":"REST"},{"data":"Glacier","floor":40.0,"key":"SMITH"},{"data":"All For One","floor":42.0,"key":"SMITH"},{"floor":46.0,"key":"REST"},{"floor":49.0,"key":"REST"}],"neow_cost":"NONE","seed_source_timestamp":950093221598739,"circlet_count":0,"master_deck":["AscendersBane","Defend_B","Defend_B","Defend_B","Defend_B","Zap+1","Dualcast","Cold Snap","Ball Lightning+1","Compile Driver","Sunder+1","Go for the Eyes+1","Flash of Steel","Loop","Beam Cell","Fission+1","Redo+1","Double Energy+1","Gash+1","Beam Cell","Tempest","Compile Driver","Coolheaded","Creative AI","Chill","Compile Driver","Buffer","Mayhem","Beam Cell","Glacier+1","All For One+1","Defragment","Go for the Eyes","Gash+1","Mind Blast","Conserve Battery"],"special_seed":0,"relics":["Cracked Core","NeowsBlessing","Blue Candle","Kunai","Astrolabe","MutagenicStrength","Blood Vial","Boot","Meat on the Bone","Emotion Chip","Sozu","Bag of Marbles","Bottled Flame","Letter Opener","Darkstone Periapt"],"potions_floor_usage":[],"damage_taken":[{"damage":0.0,"enemies":"Cultist","floor":1.0,"turns":1.0},{"damage":0.0,"enemies":"Jaw Worm","floor":3.0,"turns":1.0},{"damage":0.0,"enemies":"Small Slimes","floor":4.0,"turns":1.0},{"damage":0.0,"enemies":"Exordium Thugs","floor":8.0,"turns":3.0},{"damage":10.0,"enemies":"Large Slime","floor":12.0,"turns":5.0},{"damage":0.0,"enemies":"Gremlin Gang","floor":14.0,"turns":3.0},{"damage":8.0,"enemies":"Hexaghost","floor":16.0,"turns":11.0},{"damage":3.0,"enemies":"Spheric Guardian","floor":18.0,"turns":3.0},{"damage":10.0,"enemies":"3 Byrds","floor":19.0,"turns":4.0},{"damage":27.0,"enemies":"Sentry and Sphere","floor":20.0,"turns":4.0},{"damage":6.0,"enemies":"Snecko","floor":22.0,"turns":3.0},{"damage":22.0,"enemies":"Slavers","floor":24.0,"turns":5.0},{"damage":24.0,"enemies":"Gremlin Leader","floor":29.0,"turns":6.0},{"damage":13.0,"enemies":"Chosen and Byrds","floor":31.0,"turns":5.0},{"damage":11.0,"enemies":"Collector","floor":33.0,"turns":9.0},{"damage":3.0,"enemies":"Orb Walker","floor":35.0,"turns":4.0},{"damage":11.0,"enemies":"3 Shapes","floor":37.0,"turns":5.0},{"damage":3.0,"enemies":"Maw","floor":39.0,"turns":8.0},{"damage":22.0,"enemies":"Giant Head","floor":41.0,"turns":9.0},{"damage":19.0,"enemies":"Transient","floor":44.0,"turns":5.0},{"damage":5.0,"enemies":"Jaw Worm Horde","floor":45.0,"turns":4.0},{"damage":19.0,"enemies":"Nemesis","floor":47.0,"turns":7.0},{"damage":49,"enemies":"Time Eater","floor":50,"turns":11}],"seed_played":"-6763399979156258763","potions_obtained":[{"floor":1.0,"key":"Block Potion"},{"floor":4.0,"key":"SkillPotion"},{"floor":16.0,"key":"FocusPotion"},{"floor":22.0,"key":"FearPotion"},{"floor":24.0,"key":"FocusPotion"}],"is_trial":false,"path_per_floor":["M","$","M","M","?","R","?","M","T","R","$","M","R","M","R","B",null,"M","M","M","?","M","R","E","R","T","R","T","E","R","M","R","B",null,"M","$","M","?","M","R","E","R","T","M","M","R","E","$","R","B",null],"character_chosen":"DEFECT","items_purchased":["Ball Lightning","Flash of Steel","Mayhem","Bag of Marbles","Beam Cell","Mind Blast","Conserve Battery"],"campfire_rested":6,"item_purchase_floors":[2,11,36,36,36,48,48],"current_hp_per_floor":[64,64,64,64,52,52,52,52,52,52,52,42,42,42,42,34,62,59,49,22,22,16,37,15,36,36,57,57,47,47,36,57,48,65,64,64,55,55,54,54,46,46,46,41,38,59,42,42,63,28],"gold":14,"neow_bonus":"THREE_ENEMY_KILL","is_prod":false,"is_daily":false,"chose_seed":false,"campfire_upgraded":7,"win_rate":0,"timestamp":1550131551,"path_taken":["M","$","M","?","?","R","?","M","T","R","$","?","R","M","R","BOSS","M","M","M","?","M","R","E","R","T","R","?","E","R","M","R","BOSS","M","$","M","?","?","R","E","R","T","M","M","R","E","$","R","BOSS"],"build_version":"2019-01-23","purchased_purges":1,"victory":true,"max_hp_per_floor":[71,71,71,71,71,71,71,71,71,71,71,71,71,71,71,71,71,71,71,71,71,71,71,71,71,71,71,71,71,71,71,71,71,71,71,71,71,71,71,71,71,71,71,71,71,71,71,71,71,71],"card_choices":[{"not_picked":["Self Repair","Beam Cell"],"picked":"Cold Snap","floor":1.0},{"not_picked":["Turbo","Double Energy"],"picked":"Compile Driver","floor":3.0},{"not_picked":["Capacitor","Streamline"],"picked":"Sunder","floor":4.0},{"not_picked":["Reinforced Body","Stack"],"picked":"Go for the Eyes","floor":8.0},{"not_picked":["Sweeping Beam","Consume"],"picked":"Loop","floor":12.0},{"not_picked":["Redo","Compile Driver"],"picked":"Beam Cell","floor":14.0},{"not_picked":["Biased Cognition","Rainbow"],"picked":"Fission","floor":16.0},{"not_picked":["Doom and Gloom","Melter"],"picked":"Beam Cell","floor":18.0},{"not_picked":["Sweeping Beam","Ball Lightning"],"picked":"Tempest","floor":19.0},{"not_picked":["Streamline","Doom and Gloom"],"picked":"Compile Driver","floor":20.0},{"not_picked":["Redo","Sweeping Beam"],"picked":"Coolheaded","floor":22.0},{"not_picked":["Undo","Ball Lightning"],"picked":"Creative AI","floor":24.0},{"not_picked":["Steam","Blizzard"],"picked":"Chill","floor":29.0},{"not_picked":["Redo","Sweeping Beam+1"],"picked":"Compile Driver","floor":31.0},{"not_picked":["Biased Cognition","Core Surge"],"picked":"Buffer","floor":33.0},{"not_picked":["Streamline+1","Conserve Battery","Tempest"],"picked":"SKIP","floor":35.0},{"not_picked":["Genetic Algorithm","Hello World+1","Undo"],"picked":"SKIP","floor":37.0},{"not_picked":["Streamline","Darkness"],"picked":"Glacier","floor":39.0},{"not_picked":["Skim","All For One","Compile Driver"],"picked":"SKIP","floor":41.0},{"not_picked":["Skim","Compile Driver"],"picked":"All For One","floor":41.0},{"not_picked":["Conserve Battery","Rip and Tear"],"picked":"Defragment","floor":44.0},{"not_picked":["Skim","Aggregate"],"picked":"Go for the Eyes","floor":45.0},{"not_picked":["Chill+1","Recycle"],"picked":"Gash+1","floor":47.0}],"player_experience":721052,"relics_obtained":[{"floor":9.0,"key":"Kunai"},{"floor":24.0,"key":"Blood Vial"},{"floor":26.0,"key":"Boot"},{"floor":28.0,"key":"Meat on the Bone"},{"floor":29.0,"key":"Emotion Chip"},{"floor":41.0,"key":"Bottled Flame"},{"floor":43.0,"key":"Letter Opener"},{"floor":47.0,"key":"Darkstone Periapt"}],"event_choices":[{"damage_healed":0.0,"max_hp_gain":0.0,"max_hp_loss":0.0,"gold_gain":0.0,"event_name":"Scrap Ooze","player_choice":"Success","floor":5.0,"gold_loss":0.0,"damage_taken":12.0,"relics_obtained":["Blue Candle"]},{"damage_healed":0.0,"max_hp_gain":0.0,"max_hp_loss":0.0,"gold_gain":0.0,"event_name":"Lab","player_choice":"Got Potions","floor":7.0,"gold_loss":0.0,"damage_taken":0.0},{"damage_healed":0.0,"max_hp_gain":0.0,"max_hp_loss":0.0,"gold_gain":0.0,"event_name":"Drug Dealer","player_choice":"Inject Mutagens","floor":21.0,"gold_loss":0.0,"damage_taken":0.0,"relics_obtained":["MutagenicStrength"]},{"damage_healed":0.0,"max_hp_gain":0.0,"max_hp_loss":0.0,"gold_gain":100.0,"event_name":"Golden Shrine","player_choice":"Pray","floor":38.0,"gold_loss":0.0,"damage_taken":0.0}],"is_beta":false,"boss_relics":[{"not_picked":["Cursed Key","Velvet Choker"],"picked":"Astrolabe"},{"not_picked":["Busted Crown","Orrery"],"picked":"Sozu"}],"items_purged_floors":[48],"is_endless":false,"potions_floor_spawned":[1,4,8,16,18,22,24,29,31,35,44,45,47],"ascension_level":14}