{"gold_per_floor":[109,122,122,122,141,141,172,190,236,236,250,265,265,280,280,280],"floor_reached":16,"playtime":454,"items_purged":[],"score":154,"play_id":"d930ed61-5af3-4efb-ada2-a73b82f06441","local_time":"20180910011221","is_ascension_mode":false,"campfire_choices":[{"data":"Hemokinesis","floor":6,"key":"SMITH"},{"data":"Flex","floor":10,"key":"SMITH"},{"data":"Spot Weakness","floor":13,"key":"SMITH"},{"data":"Shockwave","floor":15,"key":"SMITH"}],"neow_cost":"NONE","seed_source_timestamp":1865947618963207,"circlet_count":0,"master_deck":["Strike_R","Strike_R","Strike_R","Strike_R","Defend_R","Defend_R","Defend_R","Bash","Hemokinesis+1","Headbutt","Clothesline","Shockwave+1","Flex+1","Spot Weakness+1","Cleave"],"relics":["Burning Blood","Darkstone Periapt","Juzu Bracelet","Anchor"],"potions_floor_usage":[7],"damage_taken":[{"damage":10,"enemies":"Jaw Worm","floor":1,"turns":4},{"damage":3,"enemies":"2 Louse","floor":2,"turns":2},{"damage":3,"enemies":"Cultist","floor":5,"turns":2},{"damage":28,"enemies":"3 Sentries","floor":7,"turns":9},{"damage":9,"enemies":"Looter","floor":8,"turns":3},{"damage":3,"enemies":"2 Fungi Beasts","floor":11,"turns":3},{"damage":3,"enemies":"Red Slaver","floor":12,"turns":3},{"damage":13,"enemies":"Lots of Slimes","floor":14,"turns":4}],"seed_played":"-3439139761380050304","potions_obtained":[{"floor":1,"key":"PowerPotion"},{"floor":7,"key":"FearPotion"},{"floor":12,"key":"Ancient Potion"}],"is_trial":false,"path_per_floor":["M","M","?","?","M","R","E","M","T","R","M","M","R","M","R"],"character_chosen":"IRONCLAD","items_purchased":[],"campfire_rested":0,"item_purchase_floors":[],"current_hp_per_floor":[76,79,72,65,68,68,46,43,43,43,46,49,49,42,42,0],"gold":280,"neow_bonus":"REMOVE_CARD","is_prod":false,"is_daily":false,"chose_seed":false,"campfire_upgraded":4,"win_rate":0,"timestamp":1536563541,"path_taken":["M","M","?","?","?","R","E","M","T","R","M","M","R","M","R","BOSS"],"build_version":"2018-09-06","purchased_purges":0,"victory":false,"max_hp_per_floor":[80,80,80,80,80,80,80,80,80,80,80,80,80,80,80,80],"card_choices":[{"not_picked":["Second Wind","Body Slam"],"picked":"Hemokinesis","floor":1},{"not_picked":["Body Slam","Anger"],"picked":"Headbutt","floor":2},{"not_picked":["Hemokinesis","Bludgeon"],"picked":"Clothesline","floor":5},{"not_picked":["Twin Strike","Infernal Blade"],"picked":"Shockwave","floor":7},{"not_picked":["Shrug It Off","Wild Strike"],"picked":"Flex","floor":8},{"not_picked":["Havoc","Headbutt"],"picked":"Spot Weakness","floor":11},{"not_picked":["Warcry","Perfected Strike"],"picked":"Cleave","floor":12},{"not_picked":["Iron Wave","Warcry","Anger"],"picked":"SKIP","floor":14}],"player_experience":465467,"relics_obtained":[{"floor":7,"key":"Juzu Bracelet"},{"floor":9,"key":"Anchor"}],"event_choices":[{"event_name":"Golden Wing","player_choice":"Card Removal","floor":3,"damage_taken":0},{"event_name":"Scrap Ooze","player_choice":"success","floor":4,"damage_taken":7}],"is_beta":false,"boss_relics":[],"items_purged_floors":[],"is_endless":false,"potions_floor_spawned":[1,7,12],"killed_by":"The Guardian","ascension_level":0}