{"gold_per_floor":[112,128,144,158,173,173,189,189,216,227,227,241,241,256,256,360,360,370,370,380,32,49,49,82,82,108,108],"floor_reached":27,"playtime":1186,"items_purged":[],"score":229,"play_id":"c4dd0888-169c-4acd-b694-1f53dab54060","local_time":"20180810013455","is_ascension_mode":false,"campfire_choices":[{"data":"Blur","floor":6,"key":"SMITH"},{"data":"Noxious Fumes","floor":8,"key":"SMITH"},{"data":"Dagger Spray","floor":11,"key":"SMITH"},{"data":"Finisher","floor":13,"key":"SMITH"},{"data":"Dagger Spray","floor":15,"key":"SMITH"},{"data":"Bullet Time","floor":23,"key":"SMITH"},{"floor":25,"key":"REST"}],"neow_cost":"NONE","seed_source_timestamp":2249764859372421,"circlet_count":0,"master_deck":["Defend_G","Defend_G","Defend_G","Defend_G","Defend_G","Strike_G","Strike_G","Strike_G","Strike_G","Strike_G","Survivor","Neutralize","Quick Slash","Noxious Fumes+1","Dagger Spray+1","Infinite Blades","Blur+1","Tactician","Deflect","Finisher+1","Dagger Spray+1","Bullet Time+1","Well Laid Plans","Trip","Blade Dance","Infinite Blades","Flying Knee","Crippling Poison","Slice"],"relics":["Eternal Feather"],"potions_floor_usage":[3,24,24,27],"damage_taken":[{"damage":0,"enemies":"Cultist","floor":1,"turns":4},{"damage":4,"enemies":"2 Louse","floor":2,"turns":3},{"damage":2,"enemies":"Small Slimes","floor":3,"turns":3},{"damage":21,"enemies":"Exordium Thugs","floor":4,"turns":5},{"damage":23,"enemies":"Gremlin Gang","floor":5,"turns":5},{"damage":9,"enemies":"Large Slime","floor":7,"turns":7},{"damage":2,"enemies":"2 Fungi Beasts","floor":10,"turns":4},{"damage":0,"enemies":"Exordium Wildlife","floor":12,"turns":3},{"damage":12,"enemies":"3 Louse","floor":14,"turns":4},{"damage":40,"enemies":"Hexaghost","floor":16,"turns":10},{"damage":6,"enemies":"Shell Parasite","floor":18,"turns":6},{"damage":26,"enemies":"3 Byrds","floor":20,"turns":4},{"damage":29,"enemies":"Centurion and Healer","floor":22,"turns":6},{"damage":19,"enemies":"Book of Stabbing","floor":24,"turns":5},{"damage":43,"enemies":"Snecko","floor":27,"turns":6}],"seed_played":"3445620892690566973","potions_obtained":[{"floor":1,"key":"Poison Potion"},{"floor":3,"key":"Dexterity Potion"},{"floor":4,"key":"Strength Potion"},{"floor":5,"key":"Strength Potion"},{"floor":20,"key":"FearPotion"},{"floor":24,"key":"Swift Potion"}],"is_trial":false,"path_per_floor":["M","M","M","M","M","R","M","R","T","M","R","M","R","M","R","B",null,"M","?","M","$","M","R","E","R","T"],"character_chosen":"THE_SILENT","items_purchased":["Trip","Blade Dance","Infinite Blades","Flying Knee","Crippling Poison"],"campfire_rested":1,"item_purchase_floors":[21,21,21,21,21],"current_hp_per_floor":[70,66,64,43,20,29,20,29,29,27,36,36,48,36,48,8,70,64,64,38,38,9,24,5,41,41,0],"gold":108,"neow_bonus":"BOSS_RELIC","is_prod":false,"is_daily":false,"chose_seed":false,"campfire_upgraded":6,"win_rate":0,"timestamp":1533886495,"path_taken":["M","?","M","M","M","R","M","R","T","M","R","M","R","M","R","BOSS","M","?","?","$","M","R","E","R","T","M"],"build_version":"2018-08-09","purchased_purges":0,"victory":false,"max_hp_per_floor":[70,70,70,70,70,70,70,70,70,70,70,70,70,70,70,70,70,70,70,70,70,70,70,70,70,70,70],"card_choices":[{"not_picked":["Accuracy","Outmaneuver"],"picked":"Quick Slash","floor":1},{"not_picked":["Expertise","Dash"],"picked":"Noxious Fumes","floor":2},{"not_picked":["Predator","Prepared"],"picked":"Dagger Spray","floor":3},{"not_picked":["Bane","Grand Finale"],"picked":"Infinite Blades","floor":4},{"not_picked":["PiercingWail","Deadly Poison"],"picked":"Blur","floor":5},{"not_picked":["Reflex","Prepared"],"picked":"Tactician","floor":7},{"not_picked":["Choke","Dagger Spray"],"picked":"Deflect","floor":10},{"not_picked":["Cloak And Dagger","Acrobatics"],"picked":"Finisher","floor":12},{"not_picked":["Outmaneuver","Skewer"],"picked":"Dagger Spray","floor":14},{"not_picked":["Wraith Form v2","Phantasmal Killer"],"picked":"Bullet Time","floor":16},{"not_picked":["Slice","Deflect"],"picked":"Well Laid Plans","floor":18},{"not_picked":["Finisher","Deadly Poison+1","Reflex"],"picked":"SKIP","floor":20},{"not_picked":["PiercingWail","Dodge and Roll"],"picked":"Slice","floor":22},{"not_picked":["Bane","Deadly Poison","Tactician"],"picked":"SKIP","floor":24}],"player_experience":369192,"relics_obtained":[],"event_choices":[{"event_name":"Drug Dealer","player_choice":"Ignored","floor":19,"damage_taken":0}],"is_beta":false,"boss_relics":[{"not_picked":["Empty Cage","Busted Crown","HoveringKite"]}],"items_purged_floors":[],"is_endless":false,"potions_floor_spawned":[1,3,4,5,16,18,20,22,24],"killed_by":"Snecko","ascension_level":0}