{"gold_per_floor":[118,136,149,149,80,80,95,112,112,124,156,174,209,309,309,412,412,428,353,370,386,485,485,505,520,547,298,298,309,325,350,362,374],"floor_reached":33,"playtime":2729,"items_purged":["Strike_R"],"score":308,"play_id":"1815cddb-8324-4222-88d5-fa9b83207602","local_time":"20190227004227","is_ascension_mode":false,"campfire_choices":[{"data":"Whirlwind","floor":6,"key":"SMITH"},{"data":"Disarm","floor":15,"key":"SMITH"},{"data":"Uppercut","floor":23,"key":"SMITH"},{"data":"Shockwave","floor":32,"key":"SMITH"}],"neow_cost":"NONE","seed_source_timestamp":360307869167010,"circlet_count":0,"master_deck":["Strike_R","Strike_R","Strike_R","Strike_R","Defend_R","Defend_R","Defend_R","Defend_R","Bash+1","Battle Trance","Whirlwind+1","Disarm+1","Spot Weakness","Uppercut+1","Offering","Shockwave+1","Shockwave+1"],"relics":["Burning Blood","Happy Flower","Anchor","Blood Vial","Letter Opener","Velvet Choker","Regal Pillow","Bottled Flame","MawBank"],"potions_floor_usage":[10,11,13,13,16,25,33,33],"damage_taken":[{"damage":3,"enemies":"Jaw Worm","floor":1,"turns":6},{"damage":8,"enemies":"Cultist","floor":2,"turns":5},{"damage":0,"enemies":"2 Louse","floor":3,"turns":3},{"damage":8,"enemies":"Red Slaver","floor":7,"turns":3},{"damage":0,"enemies":"3 Louse","floor":8,"turns":1},{"damage":6,"enemies":"Exordium Thugs","floor":10,"turns":4},{"damage":22,"enemies":"3 Sentries","floor":11,"turns":5},{"damage":11,"enemies":"Large Slime","floor":12,"turns":4},{"damage":6,"enemies":"Gremlin Nob","floor":13,"turns":4},{"damage":36,"enemies":"The Guardian","floor":16,"turns":11},{"damage":2,"enemies":"Shell Parasite","floor":18,"turns":6},{"damage":10,"enemies":"2 Thieves","floor":20,"turns":3},{"damage":6,"enemies":"Centurion and Healer","floor":21,"turns":6},{"damage":27,"enemies":"Snake Plant","floor":24,"turns":4},{"damage":14,"enemies":"Shelled Parasite and Fungi","floor":25,"turns":2},{"damage":7,"enemies":"Centurion and Healer","floor":29,"turns":4},{"damage":6,"enemies":"Snake Plant","floor":30,"turns":3},{"damage":6,"enemies":"Slavers","floor":31,"turns":2},{"damage":94,"enemies":"Collector","floor":33,"turns":9}],"seed_played":"-4670816486667992598","potions_obtained":[{"floor":3,"key":"Weak Potion"},{"floor":7,"key":"SkillPotion"},{"floor":8,"key":"SkillPotion"},{"floor":12,"key":"Block Potion"},{"floor":13,"key":"Weak Potion"},{"floor":16,"key":"AttackPotion"},{"floor":20,"key":"Ancient Potion"},{"floor":24,"key":"FairyPotion"},{"floor":30,"key":"SkillPotion"}],"is_trial":false,"path_per_floor":["M","M","M","?","$","R","M","M","T","M","E","M","E","?","R","B",null,"M","$","M","M","?","R","M","M","T","$","?","M","M","E","R","B"],"character_chosen":"IRONCLAD","items_purchased":["Whirlwind","Bottled Flame"],"campfire_rested":0,"item_purchase_floors":[5,27],"current_hp_per_floor":[80,78,80,80,80,80,78,80,80,80,64,61,63,63,63,35,80,80,80,76,78,78,78,59,53,53,53,53,54,56,58,58,0],"gold":374,"neow_bonus":"RANDOM_COMMON_RELIC","is_prod":false,"is_daily":false,"chose_seed":false,"campfire_upgraded":4,"win_rate":0.0,"timestamp":1551256947,"path_taken":["M","M","M","?","$","R","M","?","T","M","E","M","E","?","R","BOSS","M","$","M","M","?","R","M","M","T","$","?","M","M","E","R","BOSS"],"build_version":"2019-01-23","purchased_purges":1,"victory":false,"max_hp_per_floor":[80,80,80,80,80,80,80,80,80,80,80,80,80,80,80,80,80,80,80,80,80,80,80,80,80,80,80,80,80,80,80,80,80],"card_choices":[{"not_picked":["Armaments","True Grit"],"picked":"Battle Trance","floor":1},{"not_picked":["Infernal Blade","Iron Wave","Burning Pact"],"picked":"SKIP","floor":2},{"not_picked":["Power Through","Thunderclap","Heavy Blade"],"picked":"SKIP","floor":3},{"not_picked":["Pommel Strike","Twin Strike","Body Slam"],"picked":"SKIP","floor":7},{"not_picked":["Flex","Anger","Heavy Blade"],"picked":"SKIP","floor":8},{"not_picked":["Cleave","Wild Strike","True Grit"],"picked":"SKIP","floor":10},{"not_picked":["Feel No Pain","Sever Soul"],"picked":"Disarm","floor":11},{"not_picked":["Blood for Blood","Corruption"],"picked":"Spot Weakness","floor":12},{"not_picked":["Berserk","Clash"],"picked":"Uppercut","floor":13},{"not_picked":["Reaper","Juggernaut"],"picked":"Offering","floor":16},{"not_picked":["Clothesline+1","Clash","Hemokinesis+1"],"picked":"SKIP","floor":18},{"not_picked":["Heavy Blade","Searing Blow","Pummel"],"picked":"SKIP","floor":20},{"not_picked":["True Grit+1","Wild Strike+1","Thunderclap"],"picked":"SKIP","floor":21},{"not_picked":["True Grit+1","Iron Wave","Pommel Strike"],"picked":"SKIP","floor":24},{"not_picked":["Blood for Blood","Headbutt","Pommel Strike"],"picked":"SKIP","floor":25},{"not_picked":["Anger","Heavy Blade","Clash"],"picked":"SKIP","floor":29},{"not_picked":["Juggernaut","Sword Boomerang","Anger+1"],"picked":"SKIP","floor":30},{"not_picked":["Inflame","Perfected Strike+1"],"picked":"Shockwave+1","floor":31}],"player_experience":66813,"relics_obtained":[{"floor":9,"key":"Anchor"},{"floor":11,"key":"Blood Vial"},{"floor":13,"key":"Letter Opener"},{"floor":26,"key":"Regal Pillow"},{"floor":31,"key":"MawBank"}],"event_choices":[{"damage_healed":0,"gold_gain":0,"player_choice":"Upgraded","damage_taken":0,"max_hp_gain":0,"max_hp_loss":0,"event_name":"Upgrade Shrine","floor":4,"gold_loss":0,"cards_upgraded":["Bash"]},{"damage_healed":0,"gold_gain":100,"player_choice":"Gold","damage_taken":0,"max_hp_gain":0,"max_hp_loss":0,"event_name":"Wheel of Change","floor":14,"gold_loss":0},{"damage_healed":0,"gold_gain":99,"player_choice":"Stole From Cult","damage_taken":0,"max_hp_gain":0,"max_hp_loss":0,"event_name":"Nest","floor":22,"gold_loss":0},{"damage_healed":0,"gold_gain":0,"player_choice":"Read","damage_taken":0,"max_hp_gain":0,"max_hp_loss":0,"event_name":"The Library","floor":28,"gold_loss":0,"cards_obtained":["Shockwave"]}],"is_beta":false,"boss_relics":[{"not_picked":["Mark of Pain","Empty Cage"],"picked":"Velvet Choker"}],"items_purged_floors":[19],"is_endless":false,"potions_floor_spawned":[3,7,8,12,13,16,20,24,30],"killed_by":"Collector","ascension_level":0}