{"path_per_floor":["M","M","?","M","M","R","$","M","T","M","R","M","?","M","R","B",null,"M","?","?","M","M"],"character_chosen":"THE_SILENT","items_purchased":["Acrobatics","Poisoned Stab","Slice"],"gold_per_floor":[117,131,131,150,162,162,41,53,53,69,69,84,112,128,128,233,233,251,251,151,170,182],"floor_reached":23,"campfire_rested":1,"playtime":2025,"current_hp_per_floor":[77,72,57,57,57,57,57,48,48,48,71,69,61,61,61,59,77,56,56,56,55,8],"items_purged":[],"gold":182,"play_id":"8ebccdff-e352-4b8a-8090-567616091d8e","is_prod":false,"is_daily":false,"campfire_rituals":0,"campfire_upgraded":2,"is_hardmode":false,"path_taken":["M","?","?","M","?","R","$","M","T","M","R","M","?","M","R","BOSS","M","?","?","?","M","E"],"build_version":"2018-01-18-PROD4","purchased_purges":0,"victory":false,"master_deck":["Defend_G","Defend_G","Defend_G","Defend_G","Defend_G","Strike_G","Strike_G","Strike_G","Strike_G","Strike_G","Survivor","Neutralize","PiercingWail","Poisoned Stab","Malaise","Endless Agony","Acrobatics","Poisoned Stab","Slice","Backflip","Noxious Fumes","Adrenaline","PiercingWail","Dash","Envenom","PiercingWail","Prepared","Night Terror","Poisoned Stab","Doppelganger","Catalyst","Writhe","J.A.X.","Dodge and Roll","Infinite Blades"],"max_hp_per_floor":[77,77,77,77,77,77,77,77,77,77,77,77,77,77,77,77,77,77,77,77,77,77],"relics":["Ring of the Snake","Thread and Needle","Odd Mushroom","Orrery","Pen Nib"],"campfire_meditates":0,"card_choices":[{"not_picked":["Backflip","Dodge and Roll"],"picked":"PiercingWail"},{"not_picked":["Acrobatics","Deadly Poison"],"picked":"Poisoned Stab"},{"not_picked":["Blur","Acrobatics"],"picked":"Malaise"},{"not_picked":["Skewer","Bouncing Flask"],"picked":"Endless Agony"},{"not_picked":["Deflect","PiercingWail"],"picked":"Backflip"},{"not_picked":["Deflect","Flechettes"],"picked":"Noxious Fumes"},{"not_picked":["PiercingWail","Dagger Throw"],"picked":"Adrenaline"},{"not_picked":["Prepared","Outmaneuver"],"picked":"PiercingWail"},{"not_picked":["Acrobatics","Dodge and Roll"],"picked":"Dash"},{"not_picked":["A Thousand Cuts","Die Die Die"],"picked":"Envenom"},{"not_picked":["Escape Plan","Acrobatics"],"picked":"PiercingWail"},{"not_picked":["Dodge and Roll","Backflip"],"picked":"Prepared"},{"not_picked":["Dagger Throw","PiercingWail"],"picked":"Night Terror"},{"not_picked":["PiercingWail","Prepared"],"picked":"Poisoned Stab"},{"not_picked":["Bane","Deflect"],"picked":"Doppelganger"},{"not_picked":["Eviscerate","Blade Dance"],"picked":"Catalyst"},{"not_picked":["Endless Agony","Leg Sweep"],"picked":"Dodge and Roll"},{"not_picked":["Skewer","Slice"],"picked":"Infinite Blades"}],"player_experience":11475,"potions_floor_usage":[22,22],"damage_taken":[{"damage":0,"enemies":"Blue Slaver","floor":1,"turns":7},{"damage":5,"enemies":"2 Louse","floor":2,"turns":3},{"damage":0,"enemies":"Cultist","floor":4,"turns":3},{"damage":0,"enemies":"Exordium Wildlife","floor":5,"turns":4},{"damage":9,"enemies":"Gremlin Gang","floor":8,"turns":6},{"damage":0,"enemies":"3 Louse","floor":10,"turns":2},{"damage":2,"enemies":"Looter","floor":12,"turns":3},{"damage":8,"enemies":"The Mushroom Lair","floor":13,"turns":5},{"damage":0,"enemies":"2 Fungi Beasts","floor":14,"turns":3},{"damage":2,"enemies":"The Guardian","floor":16,"turns":10},{"damage":21,"enemies":"Spheric Guardian","floor":18,"turns":4},{"damage":1,"enemies":"2 Thieves","floor":21,"turns":4},{"damage":47,"enemies":"3 Cultists","floor":22,"turns":6},{"damage":8,"enemies":"Book of Stabbing","floor":23,"turns":2}],"event_choices":[{"event_name":"Shining Light","player_choice":"Entered Light","floor":3,"damage_taken":0},{"event_name":"Mushrooms","player_choice":"Fought Mushrooms","floor":13,"damage_taken":0},{"event_name":"The Mausoleum","player_choice":"Yes","floor":19,"damage_taken":0},{"event_name":"Drug Dealer","player_choice":"Got JAXXED","floor":20,"damage_taken":0}],"boss_relics":[{"not_picked":["Calling Bell","Ectoplasm"],"picked":"Orrery"}],"potions_floor_spawned":[5,8,13,16,21],"seed_played":"4793527889605453429","killed_by":"Book of Stabbing","is_trial":false}