{"gold_per_floor":[118,118,133,146,146,146,175,175,175,175,190,204,204,230,230,331,331,342,267,70,82,82,82,98,98,98,98,118,133,147,161,161,259,259,273,273,45,45,45,45,45,64,64,64,80,90,90,90,90,90],"floor_reached":51,"playtime":2637,"items_purged":["Defend_G"],"score":740,"play_id":"ae5ee22c-e73d-4aa2-a5f5-dfd280c0be23","local_time":"20180921181100","is_ascension_mode":true,"campfire_choices":[{"data":"Neutralize","floor":6,"key":"SMITH"},{"data":"Underhanded Strike","floor":8,"key":"SMITH"},{"floor":15,"key":"REST"},{"data":"Apotheosis","floor":23,"key":"SMITH"},{"data":"Noxious Fumes","floor":25,"key":"SMITH"},{"floor":32,"key":"REST"},{"data":"Noxious Fumes","floor":40,"key":"SMITH"},{"data":"Footwork","floor":44,"key":"SMITH"},{"data":"Adrenaline","floor":47,"key":"SMITH"},{"floor":49,"key":"REST"}],"neow_cost":"NONE","seed_source_timestamp":537010849599192,"circlet_count":0,"master_deck":["Defend_G","Strike_G","Survivor","Neutralize+1","Prepared+1","Doppelganger+1","Phantasmal Killer+1","Dash+1","Bouncing Flask+1","Quick Slash","Underhanded Strike+1","Escape Plan","Footwork+1","Noxious Fumes+1","Adrenaline+1","Acrobatics","Apotheosis+1","PiercingWail","Escape Plan+1","Noxious Fumes+1","Tactician","Backflip+1","Well Laid Plans+1"],"relics":["Astrolabe","Dodecahedron","Bottled Flame","Orichalcum","Cursed Key","Empty Cage","Lantern","Ice Cream"],"potions_floor_usage":[33],"damage_taken":[{"damage":0,"enemies":"2 Louse","floor":1,"turns":3},{"damage":0,"enemies":"Small Slimes","floor":3,"turns":3},{"damage":0,"enemies":"Cultist","floor":4,"turns":3},{"damage":3,"enemies":"Lagavulin","floor":7,"turns":4},{"damage":3,"enemies":"Large Slime","floor":11,"turns":5},{"damage":1,"enemies":"Blue Slaver","floor":12,"turns":3},{"damage":20,"enemies":"Gremlin Nob","floor":14,"turns":4},{"damage":7,"enemies":"Hexaghost","floor":16,"turns":8},{"damage":0,"enemies":"Chosen","floor":18,"turns":3},{"damage":0,"enemies":"3 Byrds","floor":21,"turns":4},{"damage":0,"enemies":"Centurion and Healer","floor":24,"turns":4},{"damage":0,"enemies":"Cultist and Chosen","floor":28,"turns":4},{"damage":0,"enemies":"Snecko","floor":29,"turns":4},{"damage":0,"enemies":"Snake Plant","floor":30,"turns":4},{"damage":1,"enemies":"Centurion and Healer","floor":31,"turns":4},{"damage":22,"enemies":"Collector","floor":33,"turns":7},{"damage":3,"enemies":"Orb Walker","floor":35,"turns":4},{"damage":0,"enemies":"Mind Bloom Boss Battle","floor":41,"turns":5},{"damage":0,"enemies":"3 Shapes","floor":42,"turns":4},{"damage":0,"enemies":"3 Darklings","floor":45,"turns":3},{"damage":1,"enemies":"Sphere and 2 Shapes","floor":46,"turns":4},{"damage":0,"enemies":"Time Eater","floor":50,"turns":7}],"seed_played":"5190399750010343191","potions_obtained":[{"floor":4,"key":"Ancient Potion"},{"floor":11,"key":"Swift Potion"},{"floor":14,"key":"SmokeBomb"},{"floor":30,"key":"Energy Potion"},{"floor":35,"key":"Strength Potion"}],"is_trial":false,"path_per_floor":["M","?","M","M","?","R","E","R","T","?","M","M","?","E","R","B",null,"M","?","$","M","$","R","M","R","T","?","M","M","M","M","R","B",null,"M","?","$","?","$","R","?","M","T","R","M","M","R","T","R","B"],"character_chosen":"THE_SILENT","items_purchased":["Apotheosis","Lantern"],"campfire_rested":3,"item_purchase_floors":[20,37],"current_hp_per_floor":[70,70,70,70,56,56,53,53,53,53,50,49,49,29,50,43,70,70,70,70,70,70,70,70,70,70,63,63,63,63,62,70,48,70,67,67,67,67,67,67,67,67,67,67,67,66,66,66,70,70],"gold":90,"neow_bonus":"BOSS_RELIC","is_prod":false,"is_daily":false,"chose_seed":false,"campfire_upgraded":7,"win_rate":0,"timestamp":1537546260,"path_taken":["M","?","M","M","?","R","E","R","T","?","M","M","?","E","R","BOSS","M","?","?","M","$","R","M","R","T","?","M","?","M","M","R","BOSS","M","?","$","?","$","R","?","M","T","R","?","M","R","?","R","BOSS"],"build_version":"2018-09-19","purchased_purges":1,"victory":true,"max_hp_per_floor":[70,70,70,70,70,70,70,70,70,70,70,70,70,70,70,70,70,70,70,70,70,70,70,70,70,70,70,70,70,70,70,70,70,70,70,70,70,70,70,70,70,70,70,70,70,70,70,70,70,70],"card_choices":[{"not_picked":["Dagger Throw","Deflect"],"picked":"Dash","floor":1},{"not_picked":["Slice","Prepared"],"picked":"Bouncing Flask","floor":3},{"not_picked":["Crippling Poison","Prepared"],"picked":"Quick Slash","floor":4},{"not_picked":["Outmaneuver","Expertise"],"picked":"Underhanded Strike","floor":7},{"not_picked":["Underhanded Strike","Outmaneuver"],"picked":"Escape Plan","floor":11},{"not_picked":["Calculated Gamble","Deadly Poison"],"picked":"Footwork","floor":12},{"not_picked":["Die Die Die","Backstab"],"picked":"Noxious Fumes","floor":14},{"not_picked":["Die Die Die","Wraith Form v2"],"picked":"Adrenaline","floor":16},{"not_picked":["Predator","Crippling Poison"],"picked":"Acrobatics","floor":18},{"not_picked":["Acrobatics","Dodge and Roll+1"],"picked":"Dagger Throw+1","floor":21},{"not_picked":["Dagger Throw","Deflect","Outmaneuver+1"],"picked":"SKIP","floor":24},{"not_picked":["Blade Dance","Deadly Poison+1"],"picked":"PiercingWail","floor":28},{"not_picked":["Backstab+1","Riddle With Holes"],"picked":"Escape Plan+1","floor":29},{"not_picked":["Sucker Punch","Dagger Throw"],"picked":"Noxious Fumes","floor":30},{"not_picked":["Dodge and Roll","All Out Attack"],"picked":"Tactician","floor":31},{"not_picked":["Flying Knee+1","Quick Slash"],"picked":"Backflip+1","floor":35},{"not_picked":["Escape Plan","Masterful Stab","Deadly Poison+1"],"picked":"SKIP","floor":42},{"not_picked":["Deadly Poison","Blade Dance"],"picked":"Well Laid Plans+1","floor":45},{"not_picked":["Deflect+1","Backflip","Slice"],"picked":"SKIP","floor":46}],"player_experience":21476,"relics_obtained":[{"floor":7,"key":"Dodecahedron"},{"floor":9,"key":"Bottled Flame"},{"floor":14,"key":"Orichalcum"},{"floor":41,"key":"Ice Cream"}],"event_choices":[{"event_name":"Liars Game","player_choice":"disagreed","floor":2,"damage_taken":0},{"event_name":"Shining Light","player_choice":"Entered Light","floor":5,"damage_taken":0},{"event_name":"Living Wall","player_choice":"Forget","floor":10,"damage_taken":0},{"event_name":"The Woman in Blue","player_choice":"Bought 0 Potions","floor":13,"damage_taken":0},{"event_name":"Beggar","player_choice":"Gave Gold","floor":19,"damage_taken":0},{"event_name":"Knowing Skull","player_choice":"","floor":27,"damage_taken":0},{"event_name":"Tomb of Lord Red Mask","player_choice":"Ignored","floor":36,"damage_taken":0},{"event_name":"Falling","player_choice":"Removed Attack","floor":38,"damage_taken":0},{"event_name":"MindBloom","player_choice":"Fight","floor":41,"damage_taken":0}],"is_beta":true,"boss_relics":[{"not_picked":["HoveringKite","Lizard Tail"],"picked":"Cursed Key"},{"not_picked":["Runic Pyramid","Black Star"],"picked":"Empty Cage"}],"items_purged_floors":[37],"is_endless":false,"potions_floor_spawned":[4,11,14,18,21,30,35,42],"ascension_level":1}