{"gold_per_floor":[114,126,136,136,148,148,51,51,51,126,126,139,158,158,158,253,253,263,8,26,46,65,65,78,78,78,6,18,35,35,52,52,52],"floor_reached":33,"playtime":1622,"items_purged":["Strike_G"],"score":243,"play_id":"33da8018-c99f-48dc-bd48-7007c0c57604","local_time":"20180802121541","is_ascension_mode":false,"campfire_choices":[{"data":"Terror","floor":6,"key":"SMITH"},{"data":"Neutralize","floor":11,"key":"SMITH"},{"data":"Deflect","floor":15,"key":"SMITH"},{"floor":23,"key":"REST"},{"data":"Secret Weapon","floor":25,"key":"SMITH"},{"data":"Phantasmal Killer","floor":30,"key":"SMITH"},{"floor":32,"key":"REST"}],"neow_cost":"NONE","seed_source_timestamp":1596669895402481,"circlet_count":0,"master_deck":["Defend_G","Defend_G","Defend_G","Defend_G","Defend_G","Strike_G","Strike_G","Strike_G","Strike_G","Survivor","Neutralize+1","Deflect+1","Expertise","Terror+1","Flying Knee","All Out Attack","Flying Knee","Phantasmal Killer+1","Footwork","Secret Weapon+1","Quick Slash","Backflip","Sucker Punch"],"relics":["Busted Crown"],"potions_floor_usage":[3,5,16,16,21,22,22,28,33],"damage_taken":[{"damage":2,"enemies":"2 Louse","floor":1,"turns":3},{"damage":0,"enemies":"Cultist","floor":2,"turns":5},{"damage":0,"enemies":"Small Slimes","floor":3,"turns":3},{"damage":0,"enemies":"Looter","floor":5,"turns":4},{"damage":5,"enemies":"Blue Slaver","floor":12,"turns":4},{"damage":0,"enemies":"Exordium Wildlife","floor":13,"turns":5},{"damage":6,"enemies":"Hexaghost","floor":16,"turns":11},{"damage":2,"enemies":"Chosen","floor":18,"turns":4},{"damage":0,"enemies":"Shell Parasite","floor":20,"turns":4},{"damage":14,"enemies":"3 Cultists","floor":21,"turns":6},{"damage":24,"enemies":"Cultist and Chosen","floor":22,"turns":9},{"damage":6,"enemies":"Snake Plant","floor":24,"turns":4},{"damage":24,"enemies":"Centurion and Healer","floor":28,"turns":10},{"damage":4,"enemies":"Snecko","floor":29,"turns":5},{"damage":20,"enemies":"Cultist and Chosen","floor":31,"turns":7},{"damage":47,"enemies":"Champ","floor":33,"turns":13}],"seed_played":"2849479785001439540","potions_obtained":[{"floor":1,"key":"SteroidPotion"},{"floor":2,"key":"EntropicBrew"},{"floor":16,"key":"PowerPotion"},{"floor":20,"key":"Fire Potion"},{"floor":24,"key":"Regen Potion"},{"floor":31,"key":"AttackPotion"}],"is_trial":false,"path_per_floor":["M","M","M","?","M","R","$","?","T","?","R","M","M","?","R","B",null,"M","$","M","M","M","R","M","R","T","$","M","M","R","M","R"],"character_chosen":"THE_SILENT","items_purchased":["Flying Knee","Footwork","Secret Weapon","Backflip","Sucker Punch"],"campfire_rested":2,"item_purchase_floors":[7,19,19,27,27],"current_hp_per_floor":[68,68,68,68,68,68,68,68,68,57,57,52,52,52,52,46,70,68,68,68,54,30,51,45,45,45,45,36,32,32,12,33,0],"gold":52,"neow_bonus":"BOSS_RELIC","is_prod":false,"is_daily":false,"chose_seed":false,"campfire_upgraded":5,"win_rate":0,"timestamp":1533233741,"path_taken":["M","M","M","?","M","R","$","?","T","?","R","?","M","?","R","BOSS","M","?","M","M","?","R","M","R","T","$","M","M","R","M","R","BOSS"],"build_version":"2018-07-26","purchased_purges":1,"victory":false,"max_hp_per_floor":[70,70,70,70,70,70,70,70,70,70,70,70,70,70,70,70,70,70,70,70,70,70,70,70,70,70,70,70,70,70,70,70,70],"card_choices":[{"not_picked":[],"picked":"Deflect","floor":1},{"not_picked":[],"picked":"Expertise","floor":2},{"not_picked":["Deadly Poison"],"picked":"SKIP","floor":3},{"not_picked":[],"picked":"Terror","floor":5},{"not_picked":[],"picked":"All Out Attack","floor":12},{"not_picked":[],"picked":"Flying Knee","floor":13},{"not_picked":[],"picked":"Phantasmal Killer","floor":16},{"not_picked":["Bane"],"picked":"SKIP","floor":18},{"not_picked":["Tactician+1"],"picked":"SKIP","floor":20},{"not_picked":["Poisoned Stab"],"picked":"SKIP","floor":21},{"not_picked":["Outmaneuver"],"picked":"SKIP","floor":22},{"not_picked":[],"picked":"Quick Slash","floor":24},{"not_picked":["Catalyst"],"picked":"SKIP","floor":28},{"not_picked":["Dodge and Roll"],"picked":"SKIP","floor":29},{"not_picked":["Terror"],"picked":"SKIP","floor":31}],"player_experience":327085,"relics_obtained":[],"event_choices":[{"event_name":"WeMeetAgain","player_choice":"Attack","floor":4,"damage_taken":0},{"event_name":"Golden Idol","player_choice":"Ignored","floor":8,"damage_taken":0},{"event_name":"World of Goop","player_choice":"Gather Gold","floor":10,"damage_taken":0},{"event_name":"Liars Game","player_choice":"disagreed","floor":14,"damage_taken":0}],"is_beta":false,"boss_relics":[{"not_picked":["Sozu","White Beast Statue","Lizard Tail"]}],"items_purged_floors":[7],"is_endless":false,"potions_floor_spawned":[1,2,16,20,24,31],"killed_by":"Champ","ascension_level":0}