{"gold_per_floor":[212,224,299,315,46,75,24,24,24,24,39,39,56,76,76,180,180,190,208,105,105,105,105,8,8,58,93,110,110],"floor_reached":29,"playtime":1304,"items_purged":[],"score":292,"play_id":"c0dbe62d-023d-40b8-af75-34faab0f73ab","local_time":"20181007005046","is_ascension_mode":true,"campfire_choices":[{"data":"Footwork","floor":8,"key":"SMITH"},{"data":"Bouncing Flask","floor":10,"key":"SMITH"},{"floor":12,"key":"REST"},{"data":"Sucker Punch","floor":15,"key":"SMITH"},{"data":"Dash","floor":23,"key":"SMITH"},{"data":"Caltrops","floor":25,"key":"SMITH"}],"neow_cost":"NONE","seed_source_timestamp":264879799710337,"circlet_count":0,"master_deck":["Defend_G","Defend_G","Defend_G","Defend_G","Strike_G+1","Strike_G","Survivor","Neutralize","Bouncing Flask+1","PiercingWail","Footwork+1","Backstab+1","Backflip","Crippling Poison","Sucker Punch+1","Dash+1","Burst","Bouncing Flask+1","Accuracy+1","Flechettes+1","Footwork+1","Leg Sweep","Well Laid Plans","Dagger Throw","Deadly Poison","Caltrops+1","Backflip","Malaise","Adrenaline"],"relics":["Ring of the Snake","Whetstone","Sundial","Matryoshka","Nloth\u0027s Gift","Frozen Egg 2","Omamori","Question Card"],"potions_floor_usage":[18,27,28,29,29,29],"damage_taken":[{"damage":5,"enemies":"Small Slimes","floor":1,"turns":5},{"damage":0,"enemies":"2 Louse","floor":2,"turns":2},{"damage":2,"enemies":"Jaw Worm","floor":4,"turns":4},{"damage":29,"enemies":"Lagavulin","floor":6,"turns":7},{"damage":5,"enemies":"Red Slaver","floor":11,"turns":3},{"damage":1,"enemies":"3 Louse","floor":13,"turns":3},{"damage":6,"enemies":"Exordium Wildlife","floor":14,"turns":4},{"damage":4,"enemies":"The Guardian","floor":16,"turns":11},{"damage":29,"enemies":"3 Byrds","floor":18,"turns":7},{"damage":0,"enemies":"Shell Parasite","floor":19,"turns":7},{"damage":36,"enemies":"Gremlin Leader","floor":27,"turns":9},{"damage":0,"enemies":"Snecko","floor":28,"turns":8},{"damage":6,"enemies":"Centurion and Healer","floor":29,"turns":3}],"seed_played":"-2168623171395439992","potions_obtained":[{"floor":1,"key":"Fire Potion"},{"floor":13,"key":"Ancient Potion"},{"floor":14,"key":"SteroidPotion"},{"floor":18,"key":"Energy Potion"},{"floor":19,"key":"EntropicBrew"},{"floor":27,"key":"Strength Potion"}],"is_trial":false,"path_per_floor":["M","M","?","M","$","E","$","R","T","R","M","R","M","M","R","B",null,"M","M","$","?","?","R","$","R","T","E","M"],"character_chosen":"THE_SILENT","items_purchased":["Backstab","Whetstone","Backflip","Sucker Punch","Well Laid Plans","Dagger Throw","Caltrops","Backflip"],"campfire_rested":1,"item_purchase_floors":[5,5,5,7,20,20,24,24],"current_hp_per_floor":[65,65,54,52,52,23,23,23,23,23,18,39,38,32,32,28,70,41,41,41,41,41,41,41,41,41,5,5,0],"gold":110,"neow_bonus":"HUNDRED_GOLD","is_prod":false,"is_daily":false,"chose_seed":false,"campfire_upgraded":5,"win_rate":0,"timestamp":1538895046,"path_taken":["M","M","?","?","$","E","$","R","T","R","M","R","M","M","R","BOSS","M","M","$","?","?","R","$","R","T","E","M","M"],"build_version":"2018-10-04v2","purchased_purges":0,"victory":false,"max_hp_per_floor":[70,70,70,70,70,70,70,70,70,70,70,70,70,70,70,70,70,70,70,70,70,70,70,70,70,70,70,70,70],"card_choices":[{"not_picked":["Flechettes","Dagger Throw"],"picked":"Bouncing Flask","floor":1},{"not_picked":["Distraction","Backflip"],"picked":"PiercingWail","floor":2},{"not_picked":["Acrobatics","Expertise"],"picked":"Footwork","floor":4},{"not_picked":["PiercingWail","Reflex"],"picked":"Crippling Poison","floor":6},{"not_picked":["Dodge and Roll","Flechettes","Prepared"],"picked":"SKIP","floor":11},{"not_picked":["Reflex","Endless Agony","Sucker Punch"],"picked":"SKIP","floor":13},{"not_picked":["Acrobatics","Accuracy"],"picked":"Dash","floor":14},{"not_picked":["Grand Finale","Venomology"],"picked":"Burst","floor":16},{"not_picked":["Choke","Prepared"],"picked":"Footwork+1","floor":18},{"not_picked":["Footwork","Tactician"],"picked":"Leg Sweep","floor":19},{"not_picked":["Die Die Die","Escape Plan+1"],"picked":"Malaise","floor":27},{"not_picked":["Noxious Fumes+1","All Out Attack","Eviscerate"],"picked":"Adrenaline","floor":28}],"player_experience":498057,"relics_obtained":[{"floor":6,"key":"Sundial"},{"floor":9,"key":"Matryoshka"},{"floor":26,"key":"Frozen Egg 2"},{"floor":26,"key":"Omamori"},{"floor":27,"key":"Question Card"}],"event_choices":[{"event_name":"World of Goop","player_choice":"Gather Gold","floor":3,"damage_taken":0},{"event_name":"Transmorgrifier","player_choice":"Transform","floor":21,"damage_taken":0},{"event_name":"N\u0027loth","player_choice":"Traded a Astrolabe","floor":22,"damage_taken":0}],"is_beta":false,"boss_relics":[{"not_picked":["WristBlade","Runic Dome"],"picked":"Astrolabe"}],"items_purged_floors":[],"is_endless":false,"potions_floor_spawned":[1,13,14,16,18,19,27],"killed_by":"Centurion and Healer","ascension_level":4}