{"gold_per_floor":[116,127,139,151,171,185,185,9,89,109,109,109,109,128,128,233,233,251,271,271,281,104,104,104,116,195,208,208,227,239,239],"floor_reached":31,"playtime":1338,"items_purged":["Strike_R","Strike_R"],"score":235,"play_id":"6907b456-494d-4369-a8ea-589cce3b4c7a","local_time":"20180804021341","is_ascension_mode":false,"campfire_choices":[{"data":"Armaments","floor":7.0,"key":"SMITH"},{"data":"Limit Break","floor":11.0,"key":"SMITH"},{"data":"Panacea","floor":13.0,"key":"SMITH"},{"data":"Flex","floor":15.0,"key":"SMITH"},{"data":"Inflame","floor":23.0,"key":"SMITH"}],"neow_cost":"NONE","seed_source_timestamp":0,"circlet_count":0,"master_deck":["Strike_R","Strike_R","Strike_R","Defend_R","Defend_R","Defend_R","Defend_R","Bash","Limit Break+1","Shrug It Off","Shrug It Off","Anger","Flex+1","Armaments+1","Sword Boomerang","Panacea+1","Iron Wave","Limit Break","Body Slam+1","Inflame+1","Thunderclap","Seeing Red","Shrug It Off+1"],"special_seed":0,"relics":["Burning Blood"],"potions_floor_usage":[],"damage_taken":[{"damage":10.0,"enemies":"Cultist","floor":1.0,"turns":4.0},{"damage":5.0,"enemies":"Jaw Worm","floor":2.0,"turns":5.0},{"damage":6.0,"enemies":"2 Louse","floor":3.0,"turns":4.0},{"damage":22.0,"enemies":"Lots of Slimes","floor":4.0,"turns":5.0},{"damage":7.0,"enemies":"Large Slime","floor":5.0,"turns":7.0},{"damage":7.0,"enemies":"3 Louse","floor":6.0,"turns":5.0},{"damage":11.0,"enemies":"Lots of Slimes","floor":10.0,"turns":4.0},{"damage":0.0,"enemies":"Exordium Wildlife","floor":14.0,"turns":5.0},{"damage":21.0,"enemies":"Hexaghost","floor":16.0,"turns":8.0},{"damage":20.0,"enemies":"Chosen","floor":18.0,"turns":5.0},{"damage":6.0,"enemies":"Shell Parasite","floor":19.0,"turns":7.0},{"damage":20.0,"enemies":"Cultist and Chosen","floor":21.0,"turns":7.0},{"damage":33.0,"enemies":"Snake Plant","floor":25.0,"turns":6.0},{"damage":19.0,"enemies":"Slaver and Parasite","floor":27.0,"turns":6.0},{"damage":5.0,"enemies":"Chosen and Byrds","floor":29.0,"turns":7.0},{"damage":17.0,"enemies":"Sentry and Sphere","floor":30.0,"turns":5.0},{"damage":0,"enemies":"3 Cultists","floor":31,"turns":2}],"seed_played":"4029238884122954508","potions_obtained":[{"floor":6.0,"key":"BloodPotion"},{"floor":10.0,"key":"PowerPotion"},{"floor":16.0,"key":"Ancient Potion"},{"floor":19.0,"key":"Block Potion"},{"floor":27.0,"key":"Strength Potion"}],"is_trial":false,"path_per_floor":["M","M","M","M","M","M","R","$","T","M","R","?","R","M","R","B",null,"M","M","?","M","$","R","?","M","T","M","?","M","M"],"character_chosen":"IRONCLAD","items_purchased":["Panacea","Seeing Red"],"campfire_rested":0,"item_purchase_floors":[8,22],"current_hp_per_floor":[76,77,77,61,60,59,59,59,59,54,54,54,54,60,60,45,80,66,66,66,52,52,52,52,25,25,20,20,21,10,10],"gold":239,"neow_bonus":"ONE_RANDOM_RARE_CARD","is_prod":false,"is_daily":false,"chose_seed":false,"campfire_upgraded":5,"win_rate":0,"timestamp":1533370421,"path_taken":["M","M","M","?","M","M","R","$","T","M","R","?","R","M","R","BOSS","M","M","?","M","$","R","?","M","T","M","?","?","M","M"],"build_version":"2018-08-02","purchased_purges":2,"victory":false,"max_hp_per_floor":[80,80,80,80,80,80,80,80,80,80,80,80,80,80,80,80,80,80,80,80,80,80,80,80,80,80,80,80,80,80,80],"card_choices":[{"not_picked":["Sword Boomerang","Perfected Strike"],"picked":"Shrug It Off","floor":1.0},{"not_picked":["Sword Boomerang","Feel No Pain"],"picked":"Shrug It Off","floor":2.0},{"not_picked":["Twin Strike","Iron Wave"],"picked":"Anger","floor":3.0},{"not_picked":["Combust","Havoc"],"picked":"Flex","floor":4.0},{"not_picked":["Perfected Strike","Flex"],"picked":"Armaments","floor":5.0},{"not_picked":["True Grit","Clash"],"picked":"Sword Boomerang","floor":6.0},{"not_picked":["Impervious","Clothesline"],"picked":"Iron Wave","floor":10.0},{"not_picked":["Sword Boomerang","Uppercut","Searing Blow"],"picked":"SKIP","floor":14.0},{"not_picked":["Brutality","Exhume"],"picked":"Limit Break","floor":16.0},{"not_picked":["Battle Trance+1","Rampage"],"picked":"Body Slam+1","floor":18.0},{"not_picked":["Clothesline+1","Havoc"],"picked":"Inflame","floor":19.0},{"not_picked":["Shrug It Off","Spot Weakness"],"picked":"Thunderclap","floor":21.0},{"not_picked":["Double Tap","Sever Soul"],"picked":"Shrug It Off+1","floor":25.0},{"not_picked":["Cleave","Clothesline","Warcry"],"picked":"SKIP","floor":27.0},{"not_picked":["Havoc+1","Thunderclap","Headbutt"],"picked":"SKIP","floor":29.0},{"not_picked":["Wild Strike","Metallicize","Disarm"],"picked":"SKIP","floor":30.0}],"player_experience":332849,"relics_obtained":[],"event_choices":[{"event_name":"Dead Adventurer","player_choice":"Searched \u00270\u0027 times","floor":12.0,"damage_taken":0.0},{"event_name":"Ghosts","player_choice":"Ignored","floor":20.0,"damage_taken":0.0},{"event_name":"The Woman in Blue","player_choice":"Bought 0 Potions","floor":24.0,"damage_taken":0.0},{"event_name":"WeMeetAgain","player_choice":"Attack","floor":28.0,"damage_taken":0.0}],"is_beta":false,"boss_relics":[{"not_picked":["Runic Dome","Busted Crown","Empty Cage"]}],"items_purged_floors":[8,22],"is_endless":false,"potions_floor_spawned":[6,10,16,19,27],"killed_by":"3 Cultists","ascension_level":0}