{"gold_per_floor":[119,133,8,8,8,40,40,52,82,112,147,147,89,89,89,89],"floor_reached":16,"playtime":531,"items_purged":["Strike_R"],"score":242,"play_id":"298b1691-8027-45d4-8a8d-83eff20e416a","local_time":"20190320203156","is_ascension_mode":true,"campfire_choices":[{"data":"Armaments","floor":7,"key":"SMITH"},{"data":"Flex","floor":12,"key":"SMITH"},{"floor":15,"key":"REST"}],"neow_cost":"NONE","seed_source_timestamp":3673459034730,"circlet_count":0,"master_deck":["AscendersBane","Strike_R","Strike_R","Defend_R","Defend_R","Defend_R","Defend_R","Bash","Sword Boomerang","Armaments+1","Anger","Second Wind","Limit Break","Sword Boomerang+1","Flex+1","Heavy Blade+1","Regret"],"relics":["Burning Blood","NeowsBlessing","Molten Egg 2","Tiny Chest","Odd Mushroom","Regal Pillow","Self Forming Clay"],"potions_floor_usage":[10,16],"damage_taken":[{"damage":0,"enemies":"2 Louse","floor":1,"turns":2},{"damage":0,"enemies":"Jaw Worm","floor":2,"turns":1},{"damage":0,"enemies":"3 Sentries","floor":6,"turns":2},{"damage":1,"enemies":"Cultist","floor":8,"turns":3},{"damage":56,"enemies":"The Mushroom Lair","floor":10,"turns":6},{"damage":17,"enemies":"Lagavulin","floor":11,"turns":8},{"damage":60,"enemies":"The Guardian","floor":16,"turns":9}],"seed_played":"4966449209244897046","potions_obtained":[{"floor":2,"key":"BloodPotion"},{"floor":11,"key":"EssenceOfSteel"}],"is_trial":false,"path_per_floor":["M","M","$","?","?","E","R","M","T","?","E","R","$","?","R","B"],"character_chosen":"IRONCLAD","items_purchased":["Armaments","Heavy Blade+1"],"campfire_rested":1,"item_purchase_floors":[3,13],"current_hp_per_floor":[74,75,75,68,68,74,74,75,75,32,21,21,21,21,58,0],"gold":89,"neow_bonus":"THREE_ENEMY_KILL","is_prod":false,"is_daily":false,"chose_seed":false,"campfire_upgraded":2,"win_rate":0,"timestamp":1553081516,"path_taken":["M","M","$","?","?","E","R","?","T","?","E","R","$","?","R","BOSS"],"build_version":"2019-01-23","purchased_purges":1,"victory":false,"max_hp_per_floor":[75,75,75,75,75,75,75,75,75,75,75,75,75,75,75,75],"card_choices":[{"not_picked":["Heavy Blade","Clash","Disarm"],"picked":"SKIP","floor":1},{"not_picked":["Perfected Strike","Fire Breathing"],"picked":"Sword Boomerang","floor":2},{"not_picked":["Disarm","Cleave"],"picked":"Second Wind","floor":6},{"not_picked":["Shrug It Off","Armaments"],"picked":"Limit Break","floor":8},{"not_picked":["Clash+1","Perfected Strike+1"],"picked":"Sword Boomerang+1","floor":10},{"not_picked":["Headbutt+1","Flame Barrier"],"picked":"Flex","floor":11}],"player_experience":469505,"relics_obtained":[{"floor":6,"key":"Molten Egg 2"},{"floor":9,"key":"Tiny Chest"},{"floor":10,"key":"Odd Mushroom"},{"floor":11,"key":"Regal Pillow"}],"event_choices":[{"cards_removed":["Strike_R"],"damage_healed":0,"gold_gain":0,"player_choice":"Card Removal","damage_taken":7,"max_hp_gain":0,"max_hp_loss":0,"event_name":"Golden Wing","floor":4,"gold_loss":0},{"damage_healed":0,"gold_gain":0,"cards_transformed":["Strike_R"],"player_choice":"Transformed","damage_taken":0,"max_hp_gain":0,"max_hp_loss":0,"event_name":"Transmorgrifier","floor":5,"gold_loss":0,"cards_obtained":["Anger"]},{"damage_healed":0,"gold_gain":0,"player_choice":"Fought Mushrooms","damage_taken":0,"max_hp_gain":0,"max_hp_loss":0,"event_name":"Mushrooms","floor":10,"gold_loss":0},{"damage_healed":0,"gold_gain":0,"player_choice":"Box","damage_taken":0,"relics_obtained":["Self Forming Clay"],"max_hp_gain":0,"max_hp_loss":0,"event_name":"Big Fish","floor":14,"gold_loss":0,"cards_obtained":["Regret"]}],"is_beta":false,"boss_relics":[],"items_purged_floors":[3],"is_endless":false,"potions_floor_spawned":[2,11],"killed_by":"The Guardian","ascension_level":17}