{"path_per_floor":["M","M","?","?","M","R","M","E","T","?","R","$","T","M","R","B",null,"M","?","M","?","M","R","?","?","T","?","R","E","R","M","R"],"character_chosen":"IRONCLAD","items_purchased":["Clash","Inflame"],"gold_per_floor":[119,132,132,207,218,218,238,266,266,266,266,169,169,184,184,286,286,301,301,312,312,325,325,325,325,394,394,394,420,420,433,433],"floor_reached":33,"campfire_rested":5,"playtime":1958,"current_hp_per_floor":[74,69,69,58,56,80,69,42,42,42,66,66,66,72,72,18,80,51,51,53,53,25,41,66,66,66,66,66,21,40,46,65],"items_purged":[],"gold":433,"play_id":"e5db609b-6a7a-4278-9f3a-395e538d4d7c","is_prod":false,"is_daily":false,"campfire_rituals":0,"campfire_upgraded":2,"is_hardmode":false,"path_taken":["M","M","?","?","?","R","M","E","T","?","R","$","?","M","R","BOSS","M","?","M","?","M","R","?","?","T","?","R","E","R","M","R","BOSS"],"build_version":"2018-01-18-PROD4","purchased_purges":0,"victory":false,"master_deck":["Defend_R","Defend_R","Defend_R","Defend_R","Bash","Clothesline","Clash","Cleave","Fire Breathing","Blood for Blood","Bludgeon","Clash","Combust","Clash","Inflame","Heavy Blade","Regret","Doubt","Pummel","Bite_R","Bite_R","Bite_R","Bite_R","Bite_R","Clash","Rampage","Cleave","Burning Pact","Feed","Seeing Red","Flex"],"max_hp_per_floor":[80,80,80,80,80,80,80,80,80,80,80,80,80,80,80,80,80,80,56,56,56,56,56,66,66,66,66,66,66,66,66,66],"relics":["Burning Blood","Dream Catcher","Vajra","Calipers","Ancient Tea Set","Sundial","Calling Bell","Anchor","Orichalcum","Juzu Bracelet","Bottled Tornado","Bronze Scales"],"campfire_meditates":0,"card_choices":[{"not_picked":["Thunderclap","Perfected Strike"],"picked":"Clothesline"},{"not_picked":["Headbutt","Armaments"],"picked":"Clash"},{"not_picked":["Shrug It Off","Battle Trance"],"picked":"Fire Breathing"},{"not_picked":["Pommel Strike","Rupture"],"picked":"Blood for Blood"},{"not_picked":["Shrug It Off","Feel No Pain"],"picked":"Bludgeon"},{"not_picked":["Power Through","Intimidate"],"picked":"Clash"},{"not_picked":["Dual Wield","Rage"],"picked":"Combust"},{"not_picked":["Searing Blow","Hemokinesis"],"picked":"Heavy Blade"},{"not_picked":["Dark Embrace","Fiend Fire"],"picked":"Reaper"},{"not_picked":["Clothesline","Flex"],"picked":"Pummel"},{"not_picked":["Warcry","Metallicize"],"picked":"Clash"},{"not_picked":["Sever Soul","Bloodletting"],"picked":"Rampage"},{"not_picked":["Body Slam","Intimidate"],"picked":"Cleave"},{"not_picked":["Metallicize","Rupture"],"picked":"Burning Pact"},{"not_picked":["Sword Boomerang","Shrug It Off"],"picked":"Feed"},{"not_picked":["Warcry","Heavy Blade"],"picked":"Seeing Red"},{"not_picked":["Iron Wave","Heavy Blade"],"picked":"Flex"}],"player_experience":7814,"potions_floor_usage":[],"damage_taken":[{"damage":12,"enemies":"Cultist","floor":1,"turns":5},{"damage":11,"enemies":"Blue Slaver","floor":2,"turns":5},{"damage":8,"enemies":"Jaw Worm","floor":5,"turns":4},{"damage":17,"enemies":"Large Slime","floor":7,"turns":6},{"damage":33,"enemies":"3 Sentries","floor":8,"turns":5},{"damage":0,"enemies":"Red Slaver","floor":14,"turns":1},{"damage":60,"enemies":"Hexaghost","floor":16,"turns":7},{"damage":41,"enemies":"3 Byrds","floor":18,"turns":6},{"damage":8,"enemies":"Spheric Guardian","floor":20,"turns":3},{"damage":38,"enemies":"Centurion and Healer","floor":22,"turns":8},{"damage":57,"enemies":"Gremlin Leader","floor":29,"turns":5},{"damage":6,"enemies":"Sentry and Sphere","floor":31,"turns":3},{"damage":83,"enemies":"Champ","floor":33,"turns":10}],"event_choices":[{"event_name":"Transmorgrifier","player_choice":"Transform","floor":3,"damage_taken":0},{"event_name":"World of Goop","player_choice":"Gather Gold","floor":4,"damage_taken":0},{"event_name":"Wheel of Change","player_choice":"Relic","floor":10,"damage_taken":0},{"event_name":"Vampires","player_choice":"Became a vampire","floor":19,"damage_taken":0},{"event_name":"Back to Basics","player_choice":"Simplicity","floor":21,"damage_taken":0},{"event_name":"Bonfire Elementals","player_choice":"RARE","floor":24,"damage_taken":0},{"event_name":"The Mausoleum","player_choice":"No","floor":25,"damage_taken":0},{"event_name":"Purifier","player_choice":"One Purge","floor":27,"damage_taken":0}],"boss_relics":[{"not_picked":["Philosopher\u0027s Stone","Runic Pyramid"],"picked":"Calling Bell"}],"potions_floor_spawned":[5,8,14,20],"seed_played":"-3751376145253452799","killed_by":"Champ","is_trial":false}