{"gold_per_floor":[114,114,114,133,133,163,185,197,285,297,309,321,346,40,40,144,144,161,76,144,163,179,179,195,175,247,80,93,128,139,153,153,153],"floor_reached":33,"playtime":6115,"items_purged":["Regret","Strike_R"],"score":317,"play_id":"bae7dde3-5b17-4a14-af27-6ae582c7ad37","local_time":"20190307134849","is_ascension_mode":false,"campfire_choices":[{"floor":11,"key":"REST"},{"data":"Body Slam","floor":15,"key":"SMITH"},{"data":"Body Slam","floor":23,"key":"SMITH"},{"floor":32,"key":"REST"}],"neow_cost":"NONE","seed_source_timestamp":1872143384666030,"circlet_count":0,"master_deck":["Strike_R","Strike_R","Strike_R","Strike_R+1","Defend_R+1","Defend_R","Defend_R","Defend_R","Bash","Dual Wield+1","Bash","Metallicize","Body Slam","Shrug It Off","Body Slam+1","Flame Barrier","Demon Form","Shrug It Off+1","Body Slam+1","Shrug It Off+1","Offering","Shrug It Off"],"relics":["Burning Blood","MawBank","Blood Vial","Meat on the Bone","Mummified Hand","MealTicket","Pear","Sundial","Frozen Egg 2","Du-Vu Doll"],"potions_floor_usage":[16,16,16,28,33],"damage_taken":[{"damage":7,"enemies":"2 Louse","floor":1,"turns":3},{"damage":13,"enemies":"Cultist","floor":4,"turns":5},{"damage":43,"enemies":"3 Sentries","floor":6,"turns":10},{"damage":4,"enemies":"Small Slimes","floor":7,"turns":5},{"damage":13,"enemies":"Looter","floor":13,"turns":5},{"damage":43,"enemies":"Slime Boss","floor":16,"turns":13},{"damage":42,"enemies":"Spheric Guardian","floor":18,"turns":7},{"damage":13,"enemies":"Chosen","floor":21,"turns":6},{"damage":30,"enemies":"Centurion and Healer","floor":22,"turns":9},{"damage":30,"enemies":"Shelled Parasite and Fungi","floor":24,"turns":5},{"damage":31,"enemies":"3 Cultists","floor":28,"turns":7},{"damage":27,"enemies":"Book of Stabbing","floor":29,"turns":5},{"damage":18,"enemies":"Snecko","floor":30,"turns":7},{"damage":13,"enemies":"Cultist and Chosen","floor":31,"turns":4},{"damage":84,"enemies":"Collector","floor":33,"turns":5}],"seed_played":"-8521967323524959269","potions_obtained":[{"floor":1,"key":"Ancient Potion"},{"floor":7,"key":"SpeedPotion"},{"floor":13,"key":"LiquidBronze"},{"floor":18,"key":"LiquidBronze"},{"floor":24,"key":"SpeedPotion"},{"floor":25,"key":"Energy Potion"}],"is_trial":false,"path_per_floor":["M","?","?","M","?","E","M","?","T","?","R","T","M","$","R","B",null,"M","?","T","M","M","R","M","?","T","$","M","E","M","M","R","B"],"character_chosen":"IRONCLAD","items_purchased":["Flame Barrier","MealTicket","Offering"],"campfire_rested":2,"item_purchase_floors":[14,14,27],"current_hp_per_floor":[87,87,69,62,62,25,27,9,9,9,35,35,42,42,42,19,88,52,62,62,57,47,47,37,37,37,52,41,34,36,43,72,0],"gold":153,"neow_bonus":"TEN_PERCENT_HP_BONUS","is_prod":false,"is_daily":false,"chose_seed":false,"campfire_upgraded":2,"win_rate":0,"timestamp":1551934129,"path_taken":["M","?","?","M","?","E","?","?","T","?","R","?","M","?","R","BOSS","M","?","?","?","M","R","M","?","T","$","?","E","M","M","R","BOSS"],"build_version":"2019-01-23","purchased_purges":2,"victory":false,"max_hp_per_floor":[88,88,88,88,88,88,88,88,88,88,88,88,88,88,88,88,88,88,98,98,98,98,98,98,98,98,98,98,98,98,98,98,98],"card_choices":[{"not_picked":["Iron Wave","Headbutt"],"picked":"Dual Wield","floor":1},{"not_picked":["Havoc","Sword Boomerang","Uppercut"],"picked":"SKIP","floor":4},{"not_picked":["Pommel Strike","Whirlwind"],"picked":"Body Slam","floor":6},{"not_picked":["Dual Wield","Burning Pact"],"picked":"Shrug It Off","floor":7},{"not_picked":["Pommel Strike","Anger"],"picked":"Body Slam","floor":13},{"not_picked":["Offering","Bludgeon"],"picked":"Demon Form","floor":16},{"not_picked":["Corruption","Evolve","Anger"],"picked":"SKIP","floor":18},{"not_picked":["Sentinel","Iron Wave"],"picked":"Shrug It Off+1","floor":21},{"not_picked":["Havoc+1","Armaments"],"picked":"Body Slam","floor":22},{"not_picked":["Twin Strike","Clothesline"],"picked":"Shrug It Off+1","floor":24},{"not_picked":["Anger","Flex","Clash+1"],"picked":"SKIP","floor":28},{"not_picked":["Carnage","Sever Soul","Demon Form+1"],"picked":"SKIP","floor":29},{"not_picked":["Sentinel+1","Heavy Blade"],"picked":"Shrug It Off","floor":30},{"not_picked":["Burning Pact","Sentinel","Twin Strike"],"picked":"SKIP","floor":31}],"player_experience":167591,"relics_obtained":[{"floor":6,"key":"MawBank"},{"floor":9,"key":"Meat on the Bone"},{"floor":20,"key":"Sundial"},{"floor":26,"key":"Frozen Egg 2"},{"floor":29,"key":"Du-Vu Doll"}],"event_choices":[{"damage_healed":0,"gold_gain":0,"player_choice":"Grow","damage_taken":0,"max_hp_gain":0,"max_hp_loss":0,"event_name":"Living Wall","floor":2,"gold_loss":0,"cards_upgraded":["Dual Wield"]},{"damage_healed":0,"gold_gain":0,"player_choice":"Entered Light","damage_taken":18,"max_hp_gain":0,"max_hp_loss":0,"event_name":"Shining Light","floor":3,"gold_loss":0,"cards_upgraded":["Defend_R","Strike_R"]},{"damage_healed":0,"gold_gain":0,"player_choice":"2 cards matched","damage_taken":0,"max_hp_gain":0,"max_hp_loss":0,"event_name":"Match and Keep!","floor":5,"gold_loss":0,"cards_obtained":["Bash","Metallicize"]},{"damage_healed":0,"gold_gain":0,"player_choice":"Success","damage_taken":18,"relics_obtained":["Blood Vial"],"max_hp_gain":0,"max_hp_loss":0,"event_name":"Scrap Ooze","floor":8,"gold_loss":0},{"damage_healed":0,"gold_gain":0,"player_choice":"Box","damage_taken":0,"relics_obtained":["Mummified Hand"],"max_hp_gain":0,"max_hp_loss":0,"event_name":"Big Fish","floor":10,"gold_loss":0,"cards_obtained":["Regret"]},{"damage_healed":0,"gold_gain":0,"player_choice":"Obtained Relic","damage_taken":0,"relics_obtained":["Pear"],"max_hp_gain":0,"max_hp_loss":0,"event_name":"Addict","floor":19,"gold_loss":85},{"damage_healed":0,"gold_gain":0,"player_choice":"Bought 1 Potion","damage_taken":0,"max_hp_gain":0,"max_hp_loss":0,"event_name":"The Woman in Blue","floor":25,"gold_loss":0}],"is_beta":false,"boss_relics":[{"not_picked":["Coffee Dripper","Sozu","Cursed Key"]}],"items_purged_floors":[14,27],"is_endless":false,"potions_floor_spawned":[1,7,13,18,24],"killed_by":"Collector","ascension_level":0}