{"gold_per_floor":[117,117,127,127,127,162,162,178,203,217,88,103,113,133,133,235,235,254,166,166,66,79,79,110,34,109,128,128,142,242,253,253,356,356,374,21,21,21,38,38,70,86,110,110,110,110,110,124,124,124],"floor_reached":51,"playtime":4596,"items_purged":["Strike_R","Strike_R+1","Defend_R+1"],"score":720,"play_id":"db313c79-975f-4554-90c9-77c6dbd41a92","local_time":"20190205200648","is_ascension_mode":false,"campfire_choices":[{"floor":7.0,"key":"REST"},{"data":"Strike_R","floor":15.0,"key":"SMITH"},{"data":"Body Slam","floor":28.0,"key":"SMITH"},{"floor":32.0,"key":"REST"},{"data":"Entrench","floor":40.0,"key":"SMITH"},{"data":"Entrench","floor":44,"key":"SMITH"},{"floor":47,"key":"REST"},{"floor":49,"key":"REST"}],"neow_cost":"NONE","seed_source_timestamp":117580122207609,"circlet_count":0,"master_deck":["Strike_R+1","Strike_R+1","Strike_R+1","Defend_R+1","Defend_R+1","Defend_R+1","Ghostly Armor+1","Shrug It Off+1","Shrug It Off+1","Armaments+1","Impervious+1","Entrench+1","Body Slam+1","Entrench+1","Shrug It Off+1","Metallicize+1","Entrench+1","Shrug It Off+1","Ghostly Armor+1"],"special_seed":0,"relics":["Burning Blood","NeowsBlessing","Potion Belt","Pen Nib","Happy Flower","Odd Mushroom","Runic Pyramid","Mercury Hourglass","Vajra","Self Forming Clay","Magic Flower","Gremlin Horn","White Beast Statue","Strawberry","Letter Opener","Omamori","Mark of the Bloom"],"potions_floor_usage":[42,42,42,50],"damage_taken":[{"damage":0.0,"enemies":"2 Louse","floor":1.0,"turns":1.0},{"damage":0.0,"enemies":"Cultist","floor":3.0,"turns":1.0},{"damage":0.0,"enemies":"Lagavulin","floor":6.0,"turns":1.0},{"damage":2.0,"enemies":"Small Slimes","floor":8.0,"turns":4.0},{"damage":0.0,"enemies":"Looter","floor":10.0,"turns":3.0},{"damage":0.0,"enemies":"Exordium Wildlife","floor":12.0,"turns":8.0},{"damage":2.0,"enemies":"Blue Slaver","floor":13.0,"turns":4.0},{"damage":9.0,"enemies":"The Mushroom Lair","floor":14.0,"turns":7.0},{"damage":58.0,"enemies":"Slime Boss","floor":16.0,"turns":17.0},{"damage":1.0,"enemies":"Shell Parasite","floor":18.0,"turns":9.0},{"damage":0.0,"enemies":"Chosen","floor":22.0,"turns":5.0},{"damage":4.0,"enemies":"Slavers","floor":24.0,"turns":8.0},{"damage":0.0,"enemies":"Shelled Parasite and Fungi","floor":27.0,"turns":8.0},{"damage":0.0,"enemies":"Centurion and Healer","floor":29.0,"turns":5.0},{"damage":12.0,"enemies":"Colosseum Slavers","floor":30.0,"turns":5.0},{"damage":25.0,"enemies":"Colosseum Nobs","floor":30.0,"turns":6.0},{"damage":2.0,"enemies":"Cultist and Chosen","floor":31.0,"turns":5.0},{"damage":27.0,"enemies":"Automaton","floor":33.0,"turns":17.0},{"damage":22.0,"enemies":"3 Shapes","floor":35.0,"turns":7.0},{"damage":4.0,"enemies":"Orb Walker","floor":39.0,"turns":4.0},{"damage":6,"enemies":"Nemesis","floor":41,"turns":7},{"damage":3,"enemies":"Writhing Mass","floor":42,"turns":6},{"damage":1,"enemies":"3 Darklings","floor":48,"turns":8},{"damage":18,"enemies":"Awakened One","floor":50,"turns":21}],"seed_played":"3492787036619998478","potions_obtained":[{"floor":1.0,"key":"Weak Potion"},{"floor":3.0,"key":"SteroidPotion"},{"floor":8.0,"key":"Strength Potion"},{"floor":12.0,"key":"Block Potion"},{"floor":24.0,"key":"LiquidBronze"},{"floor":27.0,"key":"Swift Potion"},{"floor":30.0,"key":"PowerPotion"},{"floor":31.0,"key":"Poison Potion"},{"floor":33.0,"key":"SkillPotion"},{"floor":35.0,"key":"Energy Potion"},{"floor":39.0,"key":"PowerPotion"},{"floor":41,"key":"Energy Potion"},{"floor":42,"key":"Block Potion"},{"floor":48,"key":"Weak Potion"}],"is_trial":false,"path_per_floor":["?","M","?","?","$","?","?","T","$","?","?","?","?","?"],"character_chosen":"IRONCLAD","items_purchased":["Shrug It Off","Entrench","Body Slam","Entrench","Metallicize","Strawberry"],"campfire_rested":4,"item_purchase_floors":[11,19,19,25,36,36],"current_hp_per_floor":[80,80,80,73,57,63,80,80,80,80,80,80,80,77,77,25,80,80,80,80,80,80,80,80,80,80,80,80,80,55,62,80,62,80,67,74,74,74,79,79,82,83,83,83,83,83,83,82,82,64],"gold":124,"neow_bonus":"THREE_ENEMY_KILL","is_prod":false,"is_daily":false,"chose_seed":false,"campfire_upgraded":4,"win_rate":0,"timestamp":1549393608,"path_taken":["M","?","?","?","?","E","R","M","T","M","?","M","M","?","R","BOSS","M","$","?","$","M","?","E","?","T","M","R","M","?","M","R","BOSS","M","$","?","?","M","R","E","M","T","R","?","?","R","M","R","BOSS"],"build_version":"2019-01-23","purchased_purges":3,"victory":true,"max_hp_per_floor":[80,80,80,80,80,80,80,80,80,80,80,80,80,80,80,80,80,80,80,80,80,80,80,80,80,80,80,80,80,80,80,80,80,80,80,87,83,83,83,83,83,83,83,83,83,83,83,83,83,83],"card_choices":[{"not_picked":["Sentinel","Twin Strike","Second Wind"],"picked":"SKIP","floor":1.0},{"not_picked":["Wild Strike","Thunderclap","Infernal Blade"],"picked":"SKIP","floor":3.0},{"not_picked":["Disarm","Fire Breathing"],"picked":"Ghostly Armor","floor":6.0},{"not_picked":["Sword Boomerang","Seeing Red","Sentinel"],"picked":"SKIP","floor":8.0},{"not_picked":["Iron Wave","Headbutt"],"picked":"Shrug It Off","floor":10.0},{"not_picked":["Warcry","Burning Pact","Dual Wield"],"picked":"SKIP","floor":12.0},{"not_picked":["Body Slam","Thunderclap","Second Wind"],"picked":"SKIP","floor":13.0},{"not_picked":["Searing Blow","Thunderclap"],"picked":"Armaments","floor":14.0},{"not_picked":["Reaper","Fiend Fire"],"picked":"Impervious","floor":16.0},{"not_picked":["Heavy Blade","Inflame","Carnage"],"picked":"SKIP","floor":18.0},{"not_picked":["Anger","Clash+1","Iron Wave"],"picked":"SKIP","floor":22.0},{"not_picked":["Spot Weakness","Anger+1","Pommel Strike"],"picked":"SKIP","floor":24.0},{"not_picked":["Clash","Thunderclap","Havoc"],"picked":"SKIP","floor":27.0},{"not_picked":["Cleave+1","Carnage","Power Through"],"picked":"SKIP","floor":29.0},{"not_picked":["Searing Blow","Twin Strike"],"picked":"Shrug It Off","floor":30.0},{"not_picked":["Rampage+1","Burning Pact+1","Warcry+1"],"picked":"SKIP","floor":31.0},{"not_picked":["Havoc","Searing Blow","Battle Trance+1"],"picked":"SKIP","floor":35.0},{"not_picked":["Corruption","Headbutt+1"],"picked":"Entrench+1","floor":39.0},{"not_picked":["Warcry+1","Searing Blow"],"picked":"Shrug It Off+1","floor":41},{"not_picked":["Whirlwind","Perfected Strike"],"picked":"Ghostly Armor","floor":42},{"not_picked":["Sword Boomerang+1","Flex+1","Iron Wave"],"picked":"SKIP","floor":48}],"player_experience":99211,"relics_obtained":[{"floor":6.0,"key":"Pen Nib"},{"floor":9.0,"key":"Happy Flower"},{"floor":14.0,"key":"Odd Mushroom"},{"floor":23.0,"key":"Mercury Hourglass"},{"floor":24.0,"key":"Vajra"},{"floor":26.0,"key":"Self Forming Clay"},{"floor":30.0,"key":"Magic Flower"},{"floor":30.0,"key":"Gremlin Horn"},{"floor":41,"key":"Letter Opener"},{"floor":43,"key":"Omamori"}],"event_choices":[{"damage_healed":0.0,"max_hp_gain":0.0,"max_hp_loss":0.0,"gold_gain":0.0,"event_name":"Match and Keep!","player_choice":"0 cards matched","floor":2.0,"gold_loss":0.0,"damage_taken":0.0,"cards_obtained":[]},{"damage_healed":0.0,"max_hp_gain":0.0,"max_hp_loss":0.0,"gold_gain":0.0,"event_name":"Scrap Ooze","player_choice":"Success","floor":4.0,"gold_loss":0.0,"damage_taken":7.0,"relics_obtained":["Potion Belt"]},{"damage_healed":0.0,"max_hp_gain":0.0,"max_hp_loss":0.0,"gold_gain":0.0,"event_name":"Shining Light","player_choice":"Entered Light","floor":5.0,"gold_loss":0.0,"damage_taken":16.0,"cards_upgraded":["Defend_R","Strike_R"]},{"damage_healed":0.0,"max_hp_gain":0.0,"max_hp_loss":0.0,"gold_gain":0.0,"event_name":"Mushrooms","player_choice":"Fought Mushrooms","floor":14.0,"gold_loss":0.0,"damage_taken":0.0},{"damage_healed":0.0,"max_hp_gain":0.0,"max_hp_loss":0.0,"gold_gain":0.0,"event_name":"Back to Basics","player_choice":"Simplicity","floor":20.0,"gold_loss":0.0,"damage_taken":0.0,"cards_upgraded":["Strike_R","Strike_R","Defend_R","Defend_R","Defend_R"]},{"damage_healed":0.0,"max_hp_gain":0.0,"max_hp_loss":0.0,"gold_gain":0.0,"event_name":"Colosseum","player_choice":"Fight","floor":30.0,"gold_loss":0.0,"damage_taken":0.0},{"damage_healed":0.0,"max_hp_gain":0.0,"max_hp_loss":0.0,"gold_gain":0.0,"event_name":"Colosseum","player_choice":"Fought Nobs","floor":30.0,"gold_loss":0.0,"damage_taken":0.0},{"damage_healed":0.0,"max_hp_gain":0.0,"max_hp_loss":4.0,"gold_gain":0.0,"event_name":"Winding Halls","player_choice":"Max HP","floor":37.0,"gold_loss":0.0,"damage_taken":0.0},{"damage_healed":0.0,"max_hp_gain":0.0,"max_hp_loss":0.0,"gold_gain":0.0,"event_name":"SensoryStone","player_choice":"Memory 1","floor":38.0,"gold_loss":0.0,"damage_taken":0.0},{"cards_removed":["Bash"],"damage_healed":0,"gold_gain":0,"player_choice":"Removed Attack","damage_taken":0,"max_hp_gain":0,"max_hp_loss":0,"event_name":"Falling","floor":45,"gold_loss":0},{"damage_healed":0,"gold_gain":0,"player_choice":"Upgrade","damage_taken":0,"relics_obtained":["Mark of the Bloom"],"max_hp_gain":0,"max_hp_loss":0,"event_name":"MindBloom","floor":46,"gold_loss":0,"cards_upgraded":["Ghostly Armor","Shrug It Off","Shrug It Off","Armaments","Impervious","Shrug It Off","Metallicize","Ghostly Armor"]}],"is_beta":false,"boss_relics":[{"not_picked":["Velvet Choker","Mark of Pain"],"picked":"Runic Pyramid"},{"not_picked":["Philosopher\u0027s Stone","Busted Crown"],"picked":"White Beast Statue"}],"items_purged_floors":[11,21,36],"is_endless":false,"potions_floor_spawned":[1,3,8,12,24,27,30,31,33,35,39,41,42,48],"ascension_level":0}