{"gold_per_floor":[111,60,135,85,97,97,110,130,130,130,149,163,163,163,163,267,267,286,299,299,71,90,90,90],"floor_reached":24,"playtime":828,"items_purged":["Strike_R"],"score":188,"play_id":"082bee09-6f5e-4ae2-a5c1-26ad5468a4dd","local_time":"20180805014107","is_ascension_mode":false,"campfire_choices":[{"data":"Flex","floor":6.0,"key":"SMITH"},{"data":"Armaments","floor":10,"key":"SMITH"},{"data":"Heavy Blade","floor":13,"key":"SMITH"},{"data":"Shrug It Off","floor":15,"key":"SMITH"},{"floor":23,"key":"REST"}],"neow_cost":"NONE","seed_source_timestamp":1818538095346568,"circlet_count":0,"master_deck":["Strike_R","Strike_R","Strike_R","Defend_R","Defend_R","Defend_R","Defend_R","Bash+1","Heavy Blade+1","Shrug It Off+1","Flex+1","Twin Strike","Armaments+1","Iron Wave","Double Tap","Body Slam","Thunderclap","Immolate","Seeing Red"],"special_seed":0,"relics":["Burning Blood"],"potions_floor_usage":[16,18,18,19,24],"damage_taken":[{"damage":12.0,"enemies":"Small Slimes","floor":1.0,"turns":4.0},{"damage":2.0,"enemies":"Jaw Worm","floor":5.0,"turns":4.0},{"damage":4.0,"enemies":"2 Louse","floor":7.0,"turns":2.0},{"damage":4.0,"enemies":"Blue Slaver","floor":8.0,"turns":2.0},{"damage":15,"enemies":"Large Slime","floor":11,"turns":6},{"damage":18,"enemies":"Exordium Wildlife","floor":12,"turns":3},{"damage":38,"enemies":"The Guardian","floor":16,"turns":12},{"damage":43,"enemies":"3 Byrds","floor":18,"turns":6},{"damage":26,"enemies":"2 Thieves","floor":19,"turns":4},{"damage":16,"enemies":"Centurion and Healer","floor":22,"turns":7},{"damage":52,"enemies":"Sentry and Sphere","floor":24,"turns":7}],"seed_played":"-6963690772288646633","potions_obtained":[{"floor":1.0,"key":"SkillPotion"},{"floor":5.0,"key":"GamblersBrew"},{"floor":8.0,"key":"Explosive Potion"},{"floor":11,"key":"Fire Potion"},{"floor":16,"key":"GamblersBrew"},{"floor":18,"key":"Energy Potion"},{"floor":22,"key":"Regen Potion"}],"is_trial":false,"path_per_floor":["M","$","?","?","M","R","M","M","T","R","M","M","R","T","R","B",null,"M","M","?","$","M","R"],"character_chosen":"IRONCLAD","items_purchased":["Shrug It Off","Immolate"],"campfire_rested":1,"item_purchase_floors":[2,21],"current_hp_per_floor":[74,74,63,63,67,67,69,71,71,71,62,50,50,50,50,18,80,43,23,23,23,13,37,0],"gold":90,"neow_bonus":"UPGRADE_CARD","is_prod":false,"is_daily":false,"chose_seed":false,"campfire_upgraded":4,"win_rate":0,"timestamp":1533454867,"path_taken":["M","$","?","?","M","R","M","M","T","R","M","M","R","?","R","BOSS","M","M","?","$","M","R","?"],"build_version":"2018-08-02","purchased_purges":1,"victory":false,"max_hp_per_floor":[80,80,80,80,80,80,80,80,80,80,80,80,80,80,80,80,80,80,80,80,80,80,80,80],"card_choices":[{"not_picked":["Fire Breathing","Iron Wave"],"picked":"Heavy Blade","floor":1.0},{"not_picked":["Twin Strike","Cleave"],"picked":"Flex","floor":5.0},{"not_picked":["Clothesline","Searing Blow"],"picked":"Twin Strike","floor":7.0},{"not_picked":["Searing Blow","Dual Wield"],"picked":"Armaments","floor":8.0},{"not_picked":["Power Through","Sever Soul","Rupture"],"picked":"SKIP","floor":11},{"not_picked":["Perfected Strike","Fiend Fire"],"picked":"Iron Wave","floor":12},{"not_picked":["Dark Embrace","Fiend Fire"],"picked":"Double Tap","floor":16},{"not_picked":["Anger","Clothesline"],"picked":"Body Slam","floor":18},{"not_picked":["Body Slam","Armaments"],"picked":"Thunderclap","floor":19},{"not_picked":["Perfected Strike+1","Clothesline"],"picked":"Seeing Red","floor":22}],"player_experience":337850,"relics_obtained":[],"event_choices":[{"event_name":"World of Goop","player_choice":"Gather Gold","floor":3.0,"damage_taken":0.0},{"event_name":"The Cleric","player_choice":"Card Removal","floor":4.0,"damage_taken":0.0},{"event_name":"The Mausoleum","player_choice":"No","floor":20,"damage_taken":0}],"is_beta":false,"boss_relics":[{"not_picked":["Velvet Choker","White Beast Statue","Runic Dome"]}],"items_purged_floors":[21],"is_endless":false,"potions_floor_spawned":[1,5,8,11,16,18,22],"killed_by":"Sentry and Sphere","ascension_level":0}