{"gold_per_floor":[115,115,3,17,27,27,27,56,83,83,83,38,38,55,55,156,156,170,186,186,59,59,59,94,94,118,149,36,49,66,66],"floor_reached":31,"playtime":1737,"items_purged":["Strike_R","Decay"],"score":278,"play_id":"63ee8469-1d6d-4dd3-a217-d1b6305a29f4","local_time":"20190206142529","is_ascension_mode":true,"campfire_choices":[{"data":"Whirlwind","floor":6,"key":"SMITH"},{"floor":11,"key":"REST"},{"data":"Spot Weakness","floor":15,"key":"SMITH"},{"floor":23,"key":"REST"}],"neow_cost":"NONE","seed_source_timestamp":186806917782630,"circlet_count":0,"master_deck":["Strike_R","Strike_R","Strike_R","Defend_R","Defend_R","Defend_R","Defend_R","Bash+1","Thunderclap","Pommel Strike","Metallicize","Iron Wave+1","Whirlwind+1","Spot Weakness+1","Twin Strike","Flex","Double Tap","Ghostly Armor","Shrug It Off","Metallicize","Heavy Blade","Flame Barrier","Shrug It Off"],"relics":["Burning Blood","Bag of Marbles","Mummified Hand","Potion Belt","Whetstone","Lizard Tail","Smiling Mask","MawBank"],"potions_floor_usage":[27,29,29],"damage_taken":[{"damage":8,"enemies":"Jaw Worm","floor":1,"turns":4},{"damage":0,"enemies":"2 Louse","floor":4,"turns":3},{"damage":3,"enemies":"Small Slimes","floor":5,"turns":3},{"damage":22,"enemies":"3 Sentries","floor":8,"turns":7},{"damage":1,"enemies":"2 Fungi Beasts","floor":14,"turns":2},{"damage":54,"enemies":"Hexaghost","floor":16,"turns":9},{"damage":24,"enemies":"Spheric Guardian","floor":18,"turns":5},{"damage":21,"enemies":"Shell Parasite","floor":19,"turns":5},{"damage":31,"enemies":"Gremlin Leader","floor":24,"turns":7},{"damage":36,"enemies":"Centurion and Healer","floor":27,"turns":5},{"damage":30,"enemies":"3 Cultists","floor":29,"turns":6},{"damage":13,"enemies":"Chosen and Byrds","floor":30,"turns":6},{"damage":26,"enemies":"Centurion and Healer","floor":31,"turns":7}],"seed_played":"-7457483315290937303","potions_obtained":[{"floor":4,"key":"SpeedPotion"},{"floor":8,"key":"SteroidPotion"},{"floor":19,"key":"Explosive Potion"}],"is_trial":false,"path_per_floor":["?","?","T","$","?","?","?"],"character_chosen":"IRONCLAD","items_purchased":["Metallicize","Twin Strike","Shrug It Off","Metallicize","Flame Barrier"],"campfire_rested":2,"item_purchase_floors":[3,12,21,21,28],"current_hp_per_floor":[78,78,78,80,80,80,73,57,57,57,80,80,80,80,80,32,80,62,47,47,47,47,71,46,46,46,16,16,32,25,0],"gold":66,"neow_bonus":"TRANSFORM_CARD","is_prod":false,"is_daily":false,"chose_seed":false,"campfire_upgraded":2,"win_rate":0,"timestamp":1549459529,"path_taken":["M","?","$","M","M","R","?","E","T","?","R","?","$","M","R","BOSS","M","M","?","$","?","R","E","?","T","M","$","M","M","M"],"build_version":"2019-01-23","purchased_purges":2,"victory":false,"max_hp_per_floor":[80,80,80,80,80,80,80,80,80,80,80,80,80,80,80,80,80,80,80,80,80,80,80,80,80,80,80,80,80,80,80],"card_choices":[{"not_picked":["Uppercut","Flame Barrier"],"picked":"Pommel Strike","floor":1},{"not_picked":["Rage","Battle Trance"],"picked":"Iron Wave","floor":4},{"not_picked":["Feel No Pain","Pummel"],"picked":"Whirlwind","floor":5},{"not_picked":["Havoc","Wild Strike"],"picked":"Spot Weakness","floor":8},{"not_picked":["Pommel Strike","Clash"],"picked":"Flex","floor":14},{"not_picked":["Exhume","Reaper"],"picked":"Double Tap","floor":16},{"not_picked":["Dropkick","Havoc"],"picked":"Ghostly Armor","floor":18},{"not_picked":["Warcry+1","Sword Boomerang+1","Clothesline"],"picked":"SKIP","floor":19},{"not_picked":["Searing Blow","Body Slam"],"picked":"Heavy Blade","floor":24},{"not_picked":["Thunderclap","Pommel Strike","Sword Boomerang"],"picked":"SKIP","floor":27},{"not_picked":["Warcry+1","True Grit","Exhume"],"picked":"SKIP","floor":29},{"not_picked":["Sword Boomerang+1","Flex"],"picked":"Shrug It Off","floor":30}],"player_experience":107541,"relics_obtained":[{"floor":8,"key":"Mummified Hand"},{"floor":9,"key":"Potion Belt"},{"floor":10,"key":"Whetstone"},{"floor":24,"key":"Smiling Mask"},{"floor":26,"key":"MawBank"}],"event_choices":[{"damage_healed":0,"gold_gain":0,"player_choice":"Ignored","damage_taken":0,"max_hp_gain":0,"max_hp_loss":0,"event_name":"Liars Game","floor":2,"gold_loss":0},{"damage_healed":0,"gold_gain":0,"player_choice":"Success","damage_taken":7,"relics_obtained":["Bag of Marbles"],"max_hp_gain":0,"max_hp_loss":0,"event_name":"Scrap Ooze","floor":7,"gold_loss":0},{"damage_healed":0,"gold_gain":0,"player_choice":"Ignored","damage_taken":0,"max_hp_gain":0,"max_hp_loss":0,"event_name":"Vampires","floor":20,"gold_loss":0},{"damage_healed":0,"gold_gain":0,"player_choice":"Smashed Altar","damage_taken":0,"max_hp_gain":0,"max_hp_loss":0,"event_name":"Forgotten Altar","floor":22,"gold_loss":0,"cards_obtained":["Decay"]},{"damage_healed":0,"gold_gain":0,"player_choice":"Ignored","damage_taken":0,"max_hp_gain":0,"max_hp_loss":0,"event_name":"Ghosts","floor":25,"gold_loss":0}],"is_beta":false,"boss_relics":[{"not_picked":["Sozu","Busted Crown"],"picked":"Lizard Tail"}],"items_purged_floors":[3,28],"is_endless":false,"potions_floor_spawned":[4,8,19],"killed_by":"Centurion and Healer","ascension_level":2}