{"gold_per_floor":[20,30,30,30,42,42,70,18,42,42,42,52,80,97,97,97],"floor_reached":16,"playtime":460,"items_purged":[],"score":143,"play_id":"89a17f2c-1d24-4276-a120-e38c6af5dc79","local_time":"20181009005619","is_ascension_mode":true,"campfire_choices":[{"data":"Limit Break","floor":6,"key":"SMITH"},{"floor":10,"key":"REST"},{"floor":15,"key":"REST"}],"neow_cost":"NO_GOLD","seed_source_timestamp":438836197574485,"circlet_count":0,"master_deck":["Strike_R","Strike_R","Strike_R","Strike_R","Defend_R","Defend_R","Defend_R","Bash","Shrug It Off","Flex","Limit Break+1","Whirlwind","Burning Pact","Shrug It Off","Headbutt","Corruption","Flex"],"relics":["Burning Blood","WingedGreaves","Regal Pillow","Juzu Bracelet","NlothsMask","Bronze Scales"],"potions_floor_usage":[13],"damage_taken":[{"damage":8,"enemies":"2 Louse","floor":1,"turns":3},{"damage":0,"enemies":"Cultist","floor":2,"turns":4},{"damage":10,"enemies":"Jaw Worm","floor":5,"turns":4},{"damage":44,"enemies":"3 Sentries","floor":7,"turns":8},{"damage":14,"enemies":"Looter","floor":12,"turns":3},{"damage":35,"enemies":"Lagavulin","floor":13,"turns":5},{"damage":24,"enemies":"Exordium Thugs","floor":14,"turns":4},{"damage":50,"enemies":"Hexaghost","floor":16,"turns":8}],"seed_played":"5177058061252687512","potions_obtained":[{"floor":5,"key":"SpeedPotion"},{"floor":7,"key":"Swift Potion"},{"floor":12,"key":"SteroidPotion"}],"is_trial":false,"path_per_floor":["M","M","?","?","M","R","E","$","T","R","?","M","E","M","R"],"character_chosen":"IRONCLAD","items_purchased":["Shrug It Off"],"campfire_rested":2,"item_purchase_floors":[8],"current_hp_per_floor":[70,76,76,69,65,65,27,27,27,66,66,58,29,11,50,0],"gold":97,"neow_bonus":"ONE_RARE_RELIC","is_prod":false,"is_daily":false,"chose_seed":false,"campfire_upgraded":1,"win_rate":0,"timestamp":1539068179,"path_taken":["M","M","?","?","M","R","E","$","T","R","?","M","E","M","R","BOSS"],"build_version":"2018-10-04v2","purchased_purges":0,"victory":false,"max_hp_per_floor":[80,80,80,80,80,80,80,80,80,80,80,80,80,80,80,80],"card_choices":[{"not_picked":["Wild Strike","Metallicize"],"picked":"Shrug It Off","floor":1},{"not_picked":["Havoc","Heavy Blade"],"picked":"Flex","floor":2},{"not_picked":["Heavy Blade","Sever Soul"],"picked":"Whirlwind","floor":5},{"not_picked":["Flex","Clothesline"],"picked":"Burning Pact","floor":7},{"not_picked":["Fire Breathing","Reckless Charge"],"picked":"Headbutt","floor":12},{"not_picked":["Feel No Pain","Warcry"],"picked":"Corruption","floor":13},{"not_picked":["Wild Strike","Shockwave"],"picked":"Flex","floor":14}],"player_experience":506210,"relics_obtained":[{"floor":7,"key":"Regal Pillow"},{"floor":9,"key":"Juzu Bracelet"},{"floor":13,"key":"Bronze Scales"}],"event_choices":[{"event_name":"Transmorgrifier","player_choice":"Transform","floor":3,"damage_taken":0},{"event_name":"Golden Wing","player_choice":"Card Removal","floor":4,"damage_taken":0},{"event_name":"FaceTrader","player_choice":"Trade","floor":11,"damage_taken":0}],"is_beta":false,"boss_relics":[],"items_purged_floors":[],"is_endless":false,"potions_floor_spawned":[5,7,12],"killed_by":"Hexaghost","ascension_level":6}