{"gold_per_floor":[119,119,131,206,225,258,258,307,307,329,329,359,371,385,385,488,488,502,6,37,55,55,86,97,131,131,131,24,24,44,54,54,54],"floor_reached":33,"playtime":3821,"items_purged":[],"score":345,"play_id":"b49a36ce-fdfc-48d0-a91c-0a3f52716149","local_time":"20180627161215","is_ascension_mode":false,"campfire_choices":[{"floor":7,"key":"REST"},{"data":"Infinite Blades","floor":11,"key":"SMITH"},{"data":"Terror","floor":15,"key":"SMITH"},{"floor":27,"key":"REST"},{"floor":29,"key":"REST"},{"data":"Apotheosis","floor":32,"key":"SMITH"}],"neow_cost":"NONE","seed_source_timestamp":81866213987118,"circlet_count":0,"master_deck":["Defend_G+1","Defend_G","Defend_G","Defend_G+1","Defend_G","Strike_G","Strike_G+1","Survivor","Neutralize+1","Underhanded Strike","Infinite Blades+1","Dagger Throw+1","Poisoned Stab","Terror+1","Unload","Blade Dance","Deadly Poison","A Thousand Cuts","Choke+1","Dagger Throw+1","Wraith Form v2+1","Finisher","Apotheosis+1","Tools of the Trade","Masterful Stab","Eviscerate+1","Catalyst","Poisoned Stab+1","Bane+1","Backstab","Blade Dance+1","PiercingWail+1","Well Laid Plans+1"],"relics":["Ring of the Snake","Whetstone","Pen Nib","Centennial Puzzle","Odd Mushroom","Meat on the Bone","Astrolabe","Boot","Red Mask","Anchor","Toxic Egg 2","Paper Crane"],"potions_floor_usage":[6,14,20,25],"damage_taken":[{"damage":4,"enemies":"Jaw Worm","floor":1,"turns":6},{"damage":0,"enemies":"2 Louse","floor":3,"turns":3},{"damage":7,"enemies":"Small Slimes","floor":5,"turns":5},{"damage":14,"enemies":"Lagavulin","floor":6,"turns":9},{"damage":5,"floor":10,"turns":4},{"damage":16,"enemies":"Gremlin Nob","floor":12,"turns":4},{"damage":1,"enemies":"Blue Slaver","floor":13,"turns":2},{"damage":1,"enemies":"3 Louse","floor":14,"turns":2},{"damage":0,"enemies":"Slime Boss","floor":16,"turns":4},{"damage":2,"enemies":"Chosen","floor":18,"turns":4},{"damage":25,"floor":20,"turns":4},{"damage":7,"enemies":"2 Thieves","floor":21,"turns":4},{"damage":29,"enemies":"Book of Stabbing","floor":23,"turns":7},{"damage":0,"enemies":"Cultist and Chosen","floor":24,"turns":5},{"damage":39,"enemies":"Gremlin Leader","floor":25,"turns":5},{"damage":6,"enemies":"Centurion and Healer","floor":30,"turns":4},{"damage":5,"enemies":"Chosen and Byrds","floor":31,"turns":4},{"damage":64,"enemies":"Automaton","floor":33,"turns":6}],"seed_played":"1523251357452498783","potions_obtained":[{"floor":5,"key":"Fire Potion"},{"floor":6,"key":"PowerPotion"},{"floor":12,"key":"GhostInAJar"},{"floor":18,"key":"Regen Potion"},{"floor":23,"key":"SmokeBomb"},{"floor":31,"key":"Dexterity Potion"}],"is_trial":false,"path_per_floor":["M","?","M","?","M","E","R","T","T","?","R","E","M","M","R","B",null,"M","$","?","M","?","E","M","E","T","R","$","R","M","M","R"],"character_chosen":"THE_SILENT","items_purchased":["Apotheosis","Tools of the Trade","Boot","Backstab","Blade Dance+1"],"campfire_rested":3,"item_purchase_floors":[19,19,19,28,28],"current_hp_per_floor":[66,52,52,41,34,20,41,41,41,36,36,20,31,42,42,42,70,68,68,43,36,36,19,31,16,16,37,37,58,52,47,47,0],"gold":54,"neow_bonus":"UPGRADE_CARD","is_prod":false,"is_daily":false,"chose_seed":false,"campfire_upgraded":3,"win_rate":0.0,"timestamp":1530137535,"path_taken":["M","?","M","?","M","E","R","?","T","?","R","E","M","M","R","BOSS","M","$","?","M","?","E","M","E","T","R","?","R","M","M","R","BOSS"],"build_version":"2018-06-21v2","purchased_purges":0,"victory":false,"max_hp_per_floor":[70,70,70,70,70,70,70,70,70,70,70,70,70,70,70,70,70,70,70,70,70,70,70,70,70,70,70,70,70,70,70,70,70],"card_choices":[{"not_picked":["Dagger Spray","Acrobatics"],"picked":"Underhanded Strike","floor":1},{"not_picked":["Blur","Masterful Stab"],"picked":"Infinite Blades","floor":3},{"not_picked":["Deflect","Prepared"],"picked":"Dagger Throw","floor":5},{"not_picked":["Acrobatics","Sucker Punch"],"picked":"Poisoned Stab","floor":6},{"not_picked":["Bane","Blade Dance"],"picked":"Terror","floor":10},{"not_picked":["Leg Sweep","Flying Knee"],"picked":"Unload","floor":12},{"not_picked":["Underhanded Strike","Outmaneuver"],"picked":"Blade Dance","floor":13},{"not_picked":["Masterful Stab","Dagger Spray"],"picked":"Deadly Poison","floor":14},{"not_picked":["Phantasmal Killer","Night Terror"],"picked":"A Thousand Cuts","floor":16},{"not_picked":["Dagger Throw","Underhanded Strike"],"picked":"Finisher","floor":18},{"not_picked":["Finisher","Deadly Poison"],"picked":"Masterful Stab","floor":20},{"not_picked":["Deflect","Quick Slash"],"picked":"Eviscerate+1","floor":21},{"not_picked":["Outmaneuver","Escape Plan"],"picked":"Catalyst","floor":23},{"not_picked":["Sucker Punch","Quick Slash"],"picked":"Poisoned Stab+1","floor":24},{"not_picked":["Tools of the Trade","Dagger Spray"],"picked":"Bane+1","floor":25},{"not_picked":["Deadly Poison+1","All Out Attack+1"],"picked":"PiercingWail+1","floor":30},{"not_picked":["Backflip+1","Leg Sweep+1"],"picked":"Well Laid Plans+1","floor":31}],"player_experience":21334,"relics_obtained":[{"floor":6,"key":"Whetstone"},{"floor":8,"key":"Pen Nib"},{"floor":9,"key":"Centennial Puzzle"},{"floor":10,"key":"Odd Mushroom"},{"floor":12,"key":"Meat on the Bone"},{"floor":20,"key":"Red Mask"},{"floor":23,"key":"Anchor"},{"floor":25,"key":"Toxic Egg 2"},{"floor":26,"key":"Paper Crane"}],"event_choices":[{"event_name":"Shining Light","player_choice":"Entered Light","floor":2,"damage_taken":0},{"event_name":"World of Goop","player_choice":"Gather Gold","floor":4,"damage_taken":0},{"event_name":"Mushrooms","player_choice":"Fought Mushrooms","floor":10,"damage_taken":0},{"event_name":"Masked Bandits","player_choice":"Fought over 6 gold","floor":20,"damage_taken":0},{"event_name":"Drug Dealer","player_choice":"Ignored","floor":22,"damage_taken":0}],"boss_relics":[{"not_picked":["White Beast Statue","Tiny House"],"picked":"Astrolabe"}],"items_purged_floors":[],"is_endless":false,"potions_floor_spawned":[5,6,12,18,23,31],"killed_by":"Automaton","ascension_level":0}