{"gold_per_floor":[111,111,123,135,145,145,179,203,229,247,2,13,13,13,13,117,117,82,82],"floor_reached":19,"playtime":588,"items_purged":[],"score":169,"play_id":"24c32d16-4fdd-4971-bf72-2ad820c47ebc","local_time":"20180922005409","is_ascension_mode":false,"campfire_choices":[{"data":"Armaments","floor":6,"key":"SMITH"},{"data":"Limit Break","floor":13,"key":"SMITH"},{"data":"Demon Form","floor":15,"key":"SMITH"}],"neow_cost":"NONE","seed_source_timestamp":46543652487708,"circlet_count":0,"master_deck":["Strike_R","Strike_R","Strike_R+1","Strike_R","Strike_R","Defend_R","Defend_R","Defend_R","Defend_R","Bash+1","Fiend Fire","Corruption","Whirlwind","Armaments+1","Flame Barrier","Double Tap","Flex","Metallicize","Demon Form+1","Limit Break+1"],"relics":["Burning Blood","Whetstone","Odd Mushroom","Omamori","Black Star"],"potions_floor_usage":[16],"damage_taken":[{"damage":9,"enemies":"2 Louse","floor":1,"turns":3},{"damage":20,"enemies":"Jaw Worm","floor":3,"turns":4},{"damage":4,"enemies":"Small Slimes","floor":4,"turns":3},{"damage":0,"enemies":"3 Louse","floor":5,"turns":1},{"damage":15,"enemies":"Lagavulin","floor":7,"turns":6},{"damage":10,"enemies":"The Mushroom Lair","floor":8,"turns":4},{"damage":11,"enemies":"2 Fungi Beasts","floor":10,"turns":3},{"damage":0,"enemies":"Large Slime","floor":12,"turns":5},{"damage":53,"enemies":"The Guardian","floor":16,"turns":11},{"damage":38,"enemies":"2 Thieves","floor":18,"turns":5},{"damage":49,"enemies":"Spheric Guardian","floor":19,"turns":7}],"seed_played":"8234210670692798949","potions_obtained":[{"floor":5,"key":"Weak Potion"},{"floor":8,"key":"AttackPotion"},{"floor":16,"key":"Weak Potion"}],"is_trial":false,"path_per_floor":["M","?","M","M","M","R","E","?","T","M","$","M","R","?","R","B",null,"M"],"character_chosen":"IRONCLAD","items_purchased":["Demon Form","Limit Break"],"campfire_rested":0,"item_purchase_floors":[11,11],"current_hp_per_floor":[77,77,63,65,71,71,62,58,58,53,53,59,59,59,59,12,80,48,0],"gold":82,"neow_bonus":"ONE_RANDOM_RARE_CARD","is_prod":false,"is_daily":false,"chose_seed":false,"campfire_upgraded":3,"win_rate":0,"timestamp":1537599249,"path_taken":["M","?","M","M","M","R","E","?","T","M","$","M","R","?","R","BOSS","M","M"],"build_version":"2018-09-20","purchased_purges":0,"victory":false,"max_hp_per_floor":[80,80,80,80,80,80,80,80,80,80,80,80,80,80,80,80,80,80,80],"card_choices":[{"not_picked":["Iron Wave","Pummel"],"picked":"Corruption","floor":1},{"not_picked":["Searing Blow","Body Slam"],"picked":"Whirlwind","floor":3},{"not_picked":["True Grit","Body Slam"],"picked":"Armaments","floor":4},{"not_picked":["Cleave","Heavy Blade"],"picked":"Flame Barrier","floor":5},{"not_picked":["Thunderclap","Wild Strike"],"picked":"Double Tap","floor":7},{"not_picked":["Entrench","True Grit"],"picked":"Flex","floor":8},{"not_picked":["Sword Boomerang","Perfected Strike"],"picked":"Metallicize","floor":10},{"not_picked":["Body Slam","Disarm","Anger"],"picked":"SKIP","floor":12},{"not_picked":["Armaments","Heavy Blade","Twin Strike"],"picked":"SKIP","floor":18}],"player_experience":486866,"relics_obtained":[{"floor":7,"key":"Whetstone"},{"floor":8,"key":"Odd Mushroom"},{"floor":9,"key":"Omamori"}],"event_choices":[{"event_name":"Liars Game","player_choice":"disagreed","floor":2,"damage_taken":0},{"event_name":"Mushrooms","player_choice":"Fought Mushrooms","floor":8,"damage_taken":0},{"event_name":"The Cleric","player_choice":"Leave","floor":14,"damage_taken":0}],"is_beta":false,"boss_relics":[{"not_picked":["Runic Cube","Mark of Pain"],"picked":"Black Star"}],"items_purged_floors":[],"is_endless":false,"potions_floor_spawned":[5,8,16],"killed_by":"Spheric Guardian","ascension_level":0}