{"gold_per_floor":[119,136,146,70,84,84,102,102,102,102,117,117,128,80,80,179,179,189,189,161,178,178],"floor_reached":22,"playtime":1473,"items_purged":[],"score":182,"play_id":"8ecb4f01-5df2-4a9c-9dfd-bee00704605a","local_time":"20180630015808","is_ascension_mode":false,"campfire_choices":[{"data":"Accuracy","floor":6,"key":"SMITH"},{"data":"Noxious Fumes","floor":10,"key":"SMITH"},{"data":"Choke","floor":12,"key":"SMITH"},{"floor":15,"key":"REST"}],"neow_cost":"NONE","seed_source_timestamp":292150872403401,"circlet_count":0,"master_deck":["Defend_G","Defend_G","Defend_G","Defend_G","Defend_G","Strike_G","Strike_G","Strike_G","Strike_G","Strike_G","Survivor","Neutralize","Choke+1","Outmaneuver","PiercingWail","Footwork","Accuracy+1","Blur","Noxious Fumes+1","Catalyst","Dagger Throw","Cloak And Dagger","Envenom","Noxious Fumes","Dodge and Roll","Backstab"],"relics":["Ring of the Snake","Question Card","Velvet Choker","Enchiridion"],"potions_floor_usage":[8,22,22],"damage_taken":[{"damage":0,"enemies":"Cultist","floor":1,"turns":3},{"damage":3,"enemies":"2 Louse","floor":2,"turns":4},{"damage":0,"enemies":"Small Slimes","floor":3,"turns":3},{"damage":10,"enemies":"Looter","floor":5,"turns":5},{"damage":7,"enemies":"Blue Slaver","floor":7,"turns":7},{"damage":0,"enemies":"Gremlin Gang","floor":8,"turns":3},{"damage":16,"enemies":"Lots of Slimes","floor":11,"turns":5},{"damage":0,"enemies":"3 Louse","floor":13,"turns":4},{"damage":21,"enemies":"Hexaghost","floor":16,"turns":14},{"damage":40,"enemies":"Chosen","floor":18,"turns":7},{"damage":7,"enemies":"2 Thieves","floor":20,"turns":5},{"damage":3,"enemies":"Centurion and Healer","floor":21,"turns":7},{"damage":7,"enemies":"Snake Plant","floor":22,"turns":3}],"seed_played":"2473677385014533520","potions_obtained":[{"floor":3,"key":"EssenceOfSteel"},{"floor":5,"key":"SmokeBomb"},{"floor":7,"key":"FearPotion"},{"floor":11,"key":"SpeedPotion"}],"is_trial":false,"path_per_floor":["M","M","M","$","M","R","M","M","T","R","M","R","M","$","R","B",null,"M","?","M","M"],"character_chosen":"THE_SILENT","items_purchased":["Accuracy","Cloak And Dagger"],"campfire_rested":1,"item_purchase_floors":[4,14],"current_hp_per_floor":[70,67,67,67,57,57,50,50,50,50,34,34,34,34,55,34,70,30,14,7,4,0],"gold":178,"neow_bonus":"THREE_CARDS","is_prod":false,"is_daily":false,"chose_seed":false,"campfire_upgraded":3,"win_rate":0.0,"timestamp":1530345488,"path_taken":["M","?","M","?","M","R","M","M","T","R","M","R","M","$","R","BOSS","M","?","M","M","M"],"build_version":"2018-06-28","purchased_purges":0,"victory":false,"max_hp_per_floor":[70,70,70,70,70,70,70,70,70,70,70,70,70,70,70,70,70,70,70,70,70,70],"card_choices":[{"not_picked":["Outmaneuver","Underhanded Strike"],"picked":"Choke","floor":0},{"not_picked":["Dodge and Roll","Quick Slash"],"picked":"Outmaneuver","floor":1},{"not_picked":["Expertise","Well Laid Plans"],"picked":"PiercingWail","floor":2},{"not_picked":["Venomology","Predator"],"picked":"Footwork","floor":3},{"not_picked":["Predator","Dagger Throw"],"picked":"Blur","floor":5},{"not_picked":["Dodge and Roll","Skewer"],"picked":"Noxious Fumes","floor":7},{"not_picked":["Dash","Distraction","Underhanded Strike"],"picked":"Catalyst","floor":11},{"not_picked":["Bane","Deflect","Well Laid Plans"],"picked":"Dagger Throw","floor":13},{"not_picked":["Phantasmal Killer","Venomology","Burst"],"picked":"Envenom","floor":16},{"not_picked":["Bane","Masterful Stab","Prepared+1"],"picked":"Noxious Fumes","floor":18},{"not_picked":["Cloak And Dagger","Acrobatics","Accuracy"],"picked":"Dodge and Roll","floor":20},{"not_picked":["Quick Slash","Bane","Acrobatics"],"picked":"Backstab","floor":21}],"player_experience":74694,"relics_obtained":[{"floor":9,"key":"Question Card"},{"floor":19,"key":"Enchiridion"}],"event_choices":[{"event_name":"Cursed Tome","player_choice":"Obtained Book","floor":19,"damage_taken":0}],"boss_relics":[{"not_picked":["Cursed Key","Ectoplasm"],"picked":"Velvet Choker"}],"items_purged_floors":[],"is_endless":false,"potions_floor_spawned":[3,5,7,11,20],"killed_by":"Snake Plant","ascension_level":0}