{"gold_per_floor":[112,129,144,161,161,161,30,30,99,99,123,141,141,156,156,279,279,302,327,58,58,77,77,77,77,130,154,1,16,16,16,16,16],"floor_reached":33,"playtime":1690,"items_purged":[],"score":239,"play_id":"c7bb4c4b-c6f0-4dbe-95b5-9256679393cc","local_time":"20180701174103","is_ascension_mode":false,"campfire_choices":[{"data":"After Image","floor":6,"key":"SMITH"},{"data":"Noxious Fumes","floor":10,"key":"SMITH"},{"floor":15,"key":"REST"},{"floor":23,"key":"REST"},{"floor":25,"key":"DIG"},{"floor":32,"key":"REST"}],"neow_cost":"TEN_PERCENT_HP_LOSS","seed_source_timestamp":434885703885214,"circlet_count":0,"master_deck":["Defend_G","Defend_G","Defend_G","Defend_G","Defend_G","Strike_G","Strike_G","Strike_G","Survivor","Neutralize","Dagger Spray","Sucker Punch","Poisoned Stab","After Image+1","Noxious Fumes+1","Dagger Throw","Backstab","Accuracy","Accuracy","Burst","PiercingWail","Dagger Spray","Flying Knee","Outmaneuver","Deflect","Dagger Spray","Crippling Poison","Finisher","Backstab"],"relics":["Ring of the Snake","Shovel","Golden Idol","Pear","Sozu","Juzu Bracelet","Orichalcum","Bag of Marbles","Blood Vial"],"potions_floor_usage":[29,29,33],"damage_taken":[{"damage":2,"enemies":"2 Louse","floor":1,"turns":4},{"damage":0,"enemies":"Small Slimes","floor":2,"turns":4},{"damage":4,"enemies":"Cultist","floor":3,"turns":4},{"damage":0,"enemies":"3 Louse","floor":4,"turns":3},{"damage":5,"enemies":"Looter","floor":11,"turns":4},{"damage":9,"enemies":"Lots of Slimes","floor":12,"turns":3},{"damage":7,"enemies":"2 Fungi Beasts","floor":14,"turns":3},{"damage":9,"enemies":"Slime Boss","floor":16,"turns":11},{"damage":0,"enemies":"3 Byrds","floor":18,"turns":5},{"damage":20,"enemies":"2 Thieves","floor":19,"turns":5},{"damage":45,"enemies":"Cultist and Chosen","floor":22,"turns":9},{"damage":10,"enemies":"Snake Plant","floor":27,"turns":6},{"damage":16,"enemies":"Slaver and Parasite","floor":29,"turns":9},{"damage":43,"enemies":"Automaton","floor":33,"turns":6}],"seed_played":"-606901256339498272","potions_obtained":[{"floor":2,"key":"Regen Potion"},{"floor":11,"key":"GamblersBrew"},{"floor":12,"key":"EssenceOfSteel"}],"is_trial":false,"path_per_floor":["M","M","M","M","?","R","$","?","T","R","M","M","?","M","R","B",null,"M","M","$","?","M","R","?","R","T","M","$","M","?","$","R"],"character_chosen":"THE_SILENT","items_purchased":["Noxious Fumes","Dagger Throw","Flying Knee","Outmaneuver","Deflect","Juzu Bracelet","Blood Vial"],"campfire_rested":3,"item_purchase_floors":[7,7,20,20,20,20,28],"current_hp_per_floor":[61,61,57,57,42,42,42,42,52,52,47,38,38,31,52,43,73,73,53,53,53,8,29,29,29,29,19,19,20,20,20,41,0],"gold":16,"neow_bonus":"ONE_RARE_RELIC","is_prod":false,"is_daily":false,"chose_seed":false,"campfire_upgraded":2,"win_rate":0.0,"timestamp":1530488463,"path_taken":["M","M","M","M","?","R","?","?","T","R","M","M","?","M","R","BOSS","M","M","$","?","M","R","?","R","T","M","$","M","?","?","R","BOSS"],"build_version":"2018-06-28","purchased_purges":0,"victory":false,"max_hp_per_floor":[63,63,63,63,63,63,63,63,73,73,73,73,73,73,73,73,73,73,73,73,73,73,73,73,73,73,73,73,73,73,73,73,73],"card_choices":[{"not_picked":["Dodge and Roll","PiercingWail"],"picked":"Dagger Spray","floor":1},{"not_picked":["Prepared","Dagger Throw"],"picked":"Sucker Punch","floor":2},{"not_picked":["Quick Slash","Prepared"],"picked":"Poisoned Stab","floor":3},{"not_picked":["Eviscerate","Dagger Throw"],"picked":"After Image","floor":4},{"not_picked":["Backflip","Dodge and Roll"],"picked":"Backstab","floor":11},{"not_picked":["Prepared","Dodge and Roll"],"picked":"Accuracy","floor":12},{"not_picked":["Sucker Punch","Caltrops"],"picked":"Accuracy","floor":14},{"not_picked":["After Image","Tactician"],"picked":"Burst","floor":16},{"not_picked":["Dash","Prepared"],"picked":"PiercingWail","floor":18},{"not_picked":["Slice","Dodge and Roll"],"picked":"Dagger Spray","floor":19},{"not_picked":["Prepared","Underhanded Strike"],"picked":"Crippling Poison","floor":22},{"not_picked":["Underhanded Strike","Deadly Poison+1"],"picked":"Finisher","floor":27},{"not_picked":["Sucker Punch","Slice"],"picked":"Backstab","floor":29}],"player_experience":98313,"relics_obtained":[{"floor":9,"key":"Pear"},{"floor":25,"key":"Orichalcum"},{"floor":26,"key":"Bag of Marbles"}],"event_choices":[{"event_name":"Golden Idol","player_choice":"Take Damage","floor":5,"damage_taken":0},{"event_name":"The Cleric","player_choice":"Leave","floor":8,"damage_taken":0},{"event_name":"Bonfire Elementals","player_choice":"BASIC","floor":13,"damage_taken":0},{"event_name":"Transmorgrifier","player_choice":"Transform","floor":21,"damage_taken":0},{"event_name":"Ghosts","player_choice":"Ignored","floor":24,"damage_taken":0},{"event_name":"Addict","player_choice":"Ignored","floor":30,"damage_taken":0}],"boss_relics":[{"not_picked":["Cursed Key","Fusion Hammer"],"picked":"Sozu"}],"items_purged_floors":[],"is_endless":false,"potions_floor_spawned":[2,11,12,19,22],"killed_by":"Automaton","ascension_level":0}