{"gold_per_floor":[112,130,145,72,22,55,55,74,74,74,25,355,355,367,367,440,440,452,452,462,477,493,527,527,527,527,552,166,184,5,5,5,77,77,92,52,70,70,81,109,109,144,144,1,19,47,47,62,62,62],"floor_reached":51,"playtime":3721,"items_purged":["Doubt"],"score":1362,"play_id":"f15592f3-71c4-4967-ad43-d4e6d3629448","local_time":"20190213172656","is_ascension_mode":true,"campfire_choices":[{"data":"Footwork","floor":7,"key":"SMITH"},{"data":"Dash","floor":10,"key":"SMITH"},{"data":"Dash","floor":13,"key":"SMITH"},{"floor":15,"key":"REST"},{"data":"Footwork","floor":24,"key":"SMITH"},{"data":"Infinite Blades","floor":32,"key":"SMITH"},{"floor":47,"key":"REST"},{"floor":49,"key":"REST"}],"neow_cost":"NONE","seed_source_timestamp":921444614250169,"circlet_count":0,"master_deck":["AscendersBane","Survivor","Neutralize+1","Backflip+1","Dash+1","Infinite Blades+1","Footwork+1","Well Laid Plans","Dash+1","Sucker Punch","Backstab","Heel Hook+1","Adrenaline+1","Footwork+1","Choke","Tactician+1","Heel Hook","Prepared","Quick Slash","Setup+1","Malaise","Heel Hook","Backflip","Dodge and Roll","Crippling Poison","Infinite Blades+1","Caltrops","Noxious Fumes","A Thousand Cuts","Acrobatics","Accuracy","Bandage Up","Accuracy+1","Backstab","Caltrops+1"],"relics":["Ring of the Snake","Singing Bowl","Turnip","Old Coin","Pandora\u0027s Box","Mummified Hand","Bottled Lightning","Mercury Hourglass","Bag of Marbles","War Paint","PreservedInsect","Ornamental Fan","Cursed Key","Happy Flower","Frozen Egg 2","FossilizedHelix","Centennial Puzzle"],"potions_floor_usage":[12,23,27,29,46,50,50],"damage_taken":[{"damage":0,"enemies":"Small Slimes","floor":1,"turns":4},{"damage":0,"enemies":"Jaw Worm","floor":2,"turns":6},{"damage":0,"enemies":"Cultist","floor":3,"turns":4},{"damage":19,"enemies":"Lagavulin","floor":6,"turns":11},{"damage":0,"enemies":"Blue Slaver","floor":8,"turns":4},{"damage":8,"enemies":"3 Sentries","floor":12,"turns":8},{"damage":7,"enemies":"Exordium Thugs","floor":14,"turns":6},{"damage":11,"enemies":"The Guardian","floor":16,"turns":13},{"damage":0,"enemies":"2 Thieves","floor":18,"turns":3},{"damage":0,"enemies":"3 Byrds","floor":20,"turns":5},{"damage":0,"enemies":"Sentry and Sphere","floor":21,"turns":8},{"damage":0,"enemies":"Snake Plant","floor":22,"turns":6},{"damage":19,"enemies":"Slavers","floor":23,"turns":9},{"damage":4,"enemies":"Book of Stabbing","floor":27,"turns":5},{"damage":2,"enemies":"Cultist and Chosen","floor":29,"turns":3},{"damage":0,"enemies":"Champ","floor":33,"turns":12},{"damage":0,"enemies":"Orb Walker","floor":35,"turns":2},{"damage":17,"enemies":"3 Shapes","floor":37,"turns":2},{"damage":0,"enemies":"3 Darklings","floor":39,"turns":3},{"damage":9,"enemies":"Nemesis","floor":40,"turns":5},{"damage":0,"enemies":"Reptomancer","floor":42,"turns":5},{"damage":17,"enemies":"Spire Growth","floor":45,"turns":4},{"damage":29,"enemies":"Nemesis","floor":46,"turns":5},{"damage":0,"enemies":"4 Shapes","floor":48,"turns":4},{"damage":48,"enemies":"Awakened One","floor":50,"turns":12}],"seed_played":"-1067615192253419431","potions_obtained":[{"floor":2,"key":"Regen Potion"},{"floor":6,"key":"PowerPotion"},{"floor":16,"key":"GhostInAJar"},{"floor":23,"key":"AttackPotion"},{"floor":35,"key":"Block Potion"},{"floor":40,"key":"AttackPotion"},{"floor":46,"key":"Weak Potion"}],"is_trial":false,"path_per_floor":["M","M","M","$","?","E","R","M","T","R","$","E","R","M","R","B",null,"M","?","M","M","M","E","R","?","T","E","$","M","$","T","R","B",null,"M","?","M","$","M","E","?","E","T","$","M","E","R","M","R","B",null],"character_chosen":"THE_SILENT","items_purchased":["Footwork","Sucker Punch","Bag of Marbles","War Paint","Caltrops","PreservedInsect","Noxious Fumes","Accuracy+1"],"campfire_rested":3,"item_purchase_floors":[4,11,28,28,28,30,30,44],"current_hp_per_floor":[63,63,63,63,63,44,44,44,44,44,44,36,36,29,50,39,62,62,62,62,62,64,45,45,45,45,55,55,55,55,55,55,55,71,71,71,54,54,56,49,49,55,55,55,42,19,44,48,73,29],"gold":62,"neow_bonus":"UPGRADE_CARD","is_prod":false,"is_daily":false,"chose_seed":false,"campfire_upgraded":5,"win_rate":0,"timestamp":1550104016,"path_taken":["M","M","M","$","?","E","R","M","T","R","?","E","R","M","R","BOSS","M","?","?","M","M","E","R","?","T","E","$","M","?","?","R","BOSS","M","?","M","?","M","E","?","E","T","?","M","E","R","?","R","BOSS"],"build_version":"2019-01-23","purchased_purges":1,"victory":true,"max_hp_per_floor":[70,70,70,70,70,70,70,70,70,70,70,70,70,70,70,70,70,70,70,70,70,72,72,72,72,72,74,74,76,76,76,76,76,76,76,76,76,76,78,80,80,82,82,82,82,84,84,84,84,84],"card_choices":[{"not_picked":["Prepared","Skewer"],"picked":"Backflip","floor":1},{"not_picked":["Backflip","Outmaneuver"],"picked":"Dash","floor":2},{"not_picked":["Deadly Poison","Concentrate"],"picked":"Infinite Blades","floor":3},{"not_picked":["Setup","All Out Attack"],"picked":"Well Laid Plans","floor":6},{"not_picked":["Tactician","Masterful Stab"],"picked":"Dash","floor":8},{"not_picked":["Endless Agony","Acrobatics"],"picked":"Backstab","floor":12},{"not_picked":["Outmaneuver","Bouncing Flask"],"picked":"Heel Hook","floor":14},{"not_picked":["Malaise","Burst"],"picked":"Adrenaline","floor":16},{"not_picked":["Dagger Spray","Poisoned Stab"],"picked":"Backflip","floor":18},{"not_picked":["Blade Dance","Flying Knee"],"picked":"Dodge and Roll","floor":20},{"not_picked":["Poisoned Stab","Backflip"],"picked":"Crippling Poison","floor":21},{"not_picked":["Setup+1","Underhanded Strike","Deadly Poison"],"picked":"Singing Bowl","floor":22},{"not_picked":["Venomology","Dodge and Roll"],"picked":"Infinite Blades+1","floor":23},{"not_picked":["Choke","Cloak And Dagger","Outmaneuver"],"picked":"Singing Bowl","floor":27},{"not_picked":["Poisoned Stab","Reflex","Outmaneuver+1"],"picked":"Singing Bowl","floor":29},{"not_picked":["Adrenaline","Night Terror"],"picked":"A Thousand Cuts","floor":33},{"not_picked":["Poisoned Stab+1","Escape Plan"],"picked":"Acrobatics","floor":35},{"not_picked":["Quick Slash","Poisoned Stab"],"picked":"Accuracy","floor":37},{"not_picked":["Dodge and Roll+1","Outmaneuver","Blade Dance"],"picked":"Singing Bowl","floor":39},{"not_picked":["Dagger Throw","Quick Slash","PiercingWail"],"picked":"Singing Bowl","floor":40},{"not_picked":["Forethought","Purity"],"picked":"Bandage Up","floor":41},{"not_picked":["Grand Finale","Acrobatics","Prepared"],"picked":"Singing Bowl","floor":42},{"not_picked":["Dodge and Roll","Finisher"],"picked":"Backstab","floor":45},{"not_picked":["Sucker Punch","Bane","Eviscerate"],"picked":"Singing Bowl","floor":46},{"not_picked":["PiercingWail","Leg Sweep"],"picked":"Caltrops+1","floor":48}],"player_experience":710929,"relics_obtained":[{"floor":6,"key":"Singing Bowl"},{"floor":9,"key":"Turnip"},{"floor":12,"key":"Old Coin"},{"floor":23,"key":"Mummified Hand"},{"floor":26,"key":"Bottled Lightning"},{"floor":27,"key":"Mercury Hourglass"},{"floor":31,"key":"Ornamental Fan"},{"floor":40,"key":"Happy Flower"},{"floor":42,"key":"Frozen Egg 2"},{"floor":43,"key":"FossilizedHelix"},{"floor":46,"key":"Centennial Puzzle"}],"event_choices":[{"cards_removed":["Strike_G"],"damage_healed":0,"gold_gain":0,"player_choice":"Card Removal","damage_taken":0,"max_hp_gain":0,"max_hp_loss":0,"event_name":"The Cleric","floor":5,"gold_loss":50},{"damage_healed":0,"gold_gain":0,"player_choice":"Upgraded","damage_taken":0,"max_hp_gain":0,"max_hp_loss":0,"event_name":"Upgrade Shrine","floor":19,"gold_loss":0,"cards_upgraded":["Adrenaline"]},{"damage_healed":0,"gold_gain":0,"player_choice":"Got Potions","damage_taken":0,"max_hp_gain":0,"max_hp_loss":0,"event_name":"Lab","floor":25,"gold_loss":0},{"damage_healed":0,"gold_gain":0,"player_choice":"Upgraded Two","damage_taken":0,"max_hp_gain":0,"max_hp_loss":0,"event_name":"Designer","floor":36,"gold_loss":40,"cards_upgraded":["Tactician","Heel Hook"]},{"damage_healed":0,"gold_gain":0,"player_choice":"Memory 1","damage_taken":0,"max_hp_gain":0,"max_hp_loss":0,"event_name":"SensoryStone","floor":41,"gold_loss":0}],"is_beta":false,"boss_relics":[{"not_picked":["Philosopher\u0027s Stone","Astrolabe"],"picked":"Pandora\u0027s Box"},{"not_picked":["Orrery","Tiny House"],"picked":"Cursed Key"}],"items_purged_floors":[44],"is_endless":false,"potions_floor_spawned":[2,6,8,16,18,21,22,23,35,40,42,46],"ascension_level":13}