{"gold_per_floor":[110,123,44,44,57,86,86,86,86,86,116,126,142,156,156,254,254,269,280,295,210,135,167,167,181,181,181,181,26,37,37,37,37],"floor_reached":33,"playtime":2154,"items_purged":["Defend_G"],"score":277,"play_id":"6dbd7cde-3888-4495-a61b-107a1659991e","local_time":"20180706011740","is_ascension_mode":false,"campfire_choices":[{"data":"Burst","floor":7,"key":"SMITH"},{"data":"Noxious Fumes","floor":10,"key":"SMITH"},{"floor":15,"key":"REST"},{"floor":24,"key":"REST"},{"floor":28,"key":"REST"},{"floor":32,"key":"REST"}],"neow_cost":"NONE","seed_source_timestamp":369048837175325,"circlet_count":0,"master_deck":["Defend_G","Defend_G","Defend_G","Strike_G","Strike_G","Strike_G","Strike_G","Strike_G","Survivor+1","Neutralize","Quick Slash","Underhanded Strike","Noxious Fumes+1","Sucker Punch+1","Burst+1","Poisoned Stab","Leg Sweep","Acrobatics","Flying Knee","Storm of Steel","Footwork+1","Predator","Dodge and Roll","Unload","Phantasmal Killer","PiercingWail"],"relics":["Velvet Choker","Happy Flower","Bottled Tornado","Tingsha","Eternal Feather","Du-Vu Doll","Incense Burner","Potion Belt"],"potions_floor_usage":[30,33],"damage_taken":[{"damage":3,"enemies":"Jaw Worm","floor":1,"turns":3},{"damage":0,"enemies":"2 Louse","floor":2,"turns":3},{"damage":0,"enemies":"Cultist","floor":5,"turns":3},{"damage":10,"enemies":"3 Sentries","floor":6,"turns":7},{"damage":5,"enemies":"Lagavulin","floor":11,"turns":6},{"damage":10,"enemies":"3 Louse","floor":12,"turns":2},{"damage":0,"enemies":"Large Slime","floor":13,"turns":4},{"damage":8,"enemies":"Exordium Thugs","floor":14,"turns":4},{"damage":4,"enemies":"The Guardian","floor":16,"turns":10},{"damage":8,"enemies":"Shell Parasite","floor":18,"turns":6},{"damage":0,"enemies":"Chosen","floor":19,"turns":5},{"damage":16,"enemies":"Snake Plant","floor":20,"turns":5},{"damage":33,"enemies":"Book of Stabbing","floor":23,"turns":6},{"damage":25,"enemies":"Cultist and Chosen","floor":25,"turns":6},{"damage":41,"enemies":"Slaver and Parasite","floor":30,"turns":6},{"damage":53,"enemies":"Collector","floor":33,"turns":10}],"seed_played":"6826001476107572881","potions_obtained":[{"floor":1,"key":"Swift Potion"},{"floor":6,"key":"PowerPotion"},{"floor":14,"key":"Dexterity Potion"},{"floor":20,"key":"Strength Potion"}],"is_trial":false,"path_per_floor":["M","M","$","?","M","E","R","?","T","R","E","M","M","M","R","B",null,"M","M","M","?","$","E","R","M","T","?","R","$","M","?","R"],"character_chosen":"THE_SILENT","items_purchased":["Noxious Fumes","Phantasmal Killer"],"campfire_rested":4,"item_purchase_floors":[3,29],"current_hp_per_floor":[67,67,67,67,67,57,57,43,43,43,38,28,28,20,41,37,70,62,62,46,46,46,13,44,19,19,19,48,48,7,7,38,0],"gold":37,"neow_bonus":"BOSS_RELIC","is_prod":false,"is_daily":false,"chose_seed":false,"campfire_upgraded":2,"win_rate":0.0,"timestamp":1530861460,"path_taken":["M","M","$","?","?","E","R","?","T","R","E","M","M","M","R","BOSS","M","M","M","?","$","E","R","M","T","?","R","$","?","?","R","BOSS"],"build_version":"2018-07-05","purchased_purges":1,"victory":false,"max_hp_per_floor":[70,70,70,70,70,70,70,70,70,70,70,70,70,70,70,70,70,70,70,70,70,70,70,70,70,70,70,70,70,70,70,70,70],"card_choices":[{"not_picked":["Cloak And Dagger","Dagger Spray"],"picked":"Quick Slash","floor":1},{"not_picked":["Slice","Prepared"],"picked":"Underhanded Strike","floor":2},{"not_picked":["Underhanded Strike","Backflip"],"picked":"Sucker Punch","floor":5},{"not_picked":["Slice","Grand Finale"],"picked":"Burst","floor":6},{"not_picked":["Escape Plan","PiercingWail"],"picked":"Poisoned Stab","floor":11},{"not_picked":["Bane","Setup"],"picked":"Leg Sweep","floor":12},{"not_picked":["Heel Hook","Quick Slash"],"picked":"Acrobatics","floor":13},{"not_picked":["Acrobatics","Reflex"],"picked":"Flying Knee","floor":14},{"not_picked":["After Image","Adrenaline"],"picked":"Storm of Steel","floor":16},{"not_picked":["Blade Dance","Acrobatics"],"picked":"Footwork+1","floor":18},{"not_picked":["Riddle With Holes","Dodge and Roll+1"],"picked":"Predator","floor":19},{"not_picked":["Cloak And Dagger","Slice"],"picked":"Dodge and Roll","floor":20},{"not_picked":["Dash","Backflip+1"],"picked":"Unload","floor":23},{"not_picked":["Acrobatics","Skewer","Bouncing Flask"],"picked":"SKIP","floor":25},{"not_picked":["Accuracy","Poisoned Stab"],"picked":"PiercingWail","floor":30}],"player_experience":152343,"relics_obtained":[{"floor":6,"key":"Happy Flower"},{"floor":9,"key":"Bottled Tornado"},{"floor":11,"key":"Tingsha"},{"floor":23,"key":"Incense Burner"},{"floor":26,"key":"Potion Belt"}],"event_choices":[{"event_name":"The Cleric","player_choice":"Leave","floor":4,"damage_taken":0},{"event_name":"Shining Light","player_choice":"Entered Light","floor":8,"damage_taken":0},{"event_name":"Addict","player_choice":"Obtained Relic","floor":21,"damage_taken":0},{"event_name":"Bonfire Elementals","player_choice":"BASIC","floor":27,"damage_taken":0},{"event_name":"Cursed Tome","player_choice":"Ignored","floor":31,"damage_taken":0}],"boss_relics":[{"not_picked":["Snecko Eye","Coffee Dripper"],"picked":"Eternal Feather"}],"items_purged_floors":[22],"is_endless":false,"potions_floor_spawned":[1,6,14,16,18,20,25],"killed_by":"Collector","ascension_level":0}