{"gold_per_floor":[112,123,123,136,136,165,165,165],"floor_reached":8,"playtime":415,"items_purged":[],"score":90,"play_id":"60f05007-cfa4-491b-b00d-5eb5ffda3940","local_time":"20181209170627","is_ascension_mode":true,"campfire_choices":[{"data":"Footwork","floor":7,"key":"SMITH"}],"neow_cost":"NONE","seed_source_timestamp":14300864792498,"circlet_count":0,"master_deck":["AscendersBane","Defend_G","Defend_G","Defend_G","Defend_G","Defend_G","Strike_G","Strike_G","Strike_G","Strike_G","Survivor","Neutralize","Blur","Poisoned Stab","Bane","Footwork+1","Slice"],"relics":["Ring of the Snake","Orichalcum","Bottled Lightning"],"potions_floor_usage":[],"damage_taken":[{"damage":0,"enemies":"Cultist","floor":1,"turns":6},{"damage":0,"enemies":"2 Louse","floor":2,"turns":4},{"damage":0,"enemies":"Jaw Worm","floor":4,"turns":6},{"damage":27,"enemies":"3 Sentries","floor":6,"turns":14},{"damage":36,"enemies":"Gremlin Nob","floor":8,"turns":5}],"seed_played":"5756313487422527349","potions_obtained":[{"floor":4,"key":"Ancient Potion"},{"floor":6,"key":"LiquidBronze"}],"is_trial":false,"path_per_floor":["M","M","?","M","?","E","R","E"],"character_chosen":"THE_SILENT","items_purchased":[],"campfire_rested":0,"item_purchase_floors":[],"current_hp_per_floor":[70,70,63,63,63,36,36,0],"gold":165,"neow_bonus":"TEN_PERCENT_HP_BONUS","is_prod":false,"is_daily":false,"chose_seed":false,"campfire_upgraded":1,"win_rate":0,"timestamp":1544403987,"path_taken":["M","M","?","M","?","E","R","E"],"build_version":"2018-12-06","purchased_purges":0,"victory":false,"max_hp_per_floor":[77,77,77,77,77,77,77,77],"card_choices":[{"not_picked":["Blade Dance","Flechettes"],"picked":"Blur","floor":1},{"not_picked":["Prepared","Blade Dance"],"picked":"Poisoned Stab","floor":2},{"not_picked":["Terror","Setup"],"picked":"Bane","floor":4},{"not_picked":["Acrobatics","Infinite Blades"],"picked":"Slice","floor":6}],"player_experience":635980,"relics_obtained":[{"floor":6,"key":"Bottled Lightning"}],"event_choices":[{"damage_healed":0,"gold_gain":0,"player_choice":"Success","damage_taken":7,"relics_obtained":["Orichalcum"],"max_hp_gain":0,"max_hp_loss":0,"event_name":"Scrap Ooze","floor":3,"gold_loss":0},{"damage_healed":0,"gold_gain":0,"cards_transformed":["Strike_G"],"player_choice":"Transformed","damage_taken":0,"max_hp_gain":0,"max_hp_loss":0,"event_name":"Transmorgrifier","floor":5,"gold_loss":0,"cards_obtained":["Footwork"]}],"is_beta":false,"boss_relics":[],"items_purged_floors":[],"is_endless":false,"potions_floor_spawned":[4,6],"killed_by":"Gremlin Nob","ascension_level":12}