{"gold_per_floor":[112,112,124,141,18,18,18,43,69,144,155,180,180,192,192,290,290,301,301,134,234,250,250,285,285,285,285,285],"floor_reached":28,"playtime":725,"items_purged":["Strike_B"],"score":282,"play_id":"74e3d194-9462-4bac-b764-e449c218c964","local_time":"20190309141305","is_ascension_mode":true,"campfire_choices":[{"data":"Zap","floor":6,"key":"SMITH"},{"floor":15,"key":"REST"},{"floor":23,"key":"REST"},{"floor":25,"key":"REST"},{"floor":27,"key":"REST"}],"neow_cost":"NONE","seed_source_timestamp":345520603899555,"circlet_count":0,"master_deck":["Strike_B","Strike_B","Defend_B","Defend_B","Defend_B","Zap+1","Dualcast","Tempest","Ball Lightning","Leap","Ball Lightning","Self Repair","Capacitor","Storm","Leap","Echo Form","Doubt","Steam Power+1","Storm+1","Defragment","White Noise","Ball Lightning","Redo+1"],"relics":["Cracked Core","NeowsBlessing","PreservedInsect","Art of War","Dream Catcher","Astrolabe","MawBank","Singing Bowl","Dodecahedron"],"potions_floor_usage":[24,24],"damage_taken":[{"damage":0,"enemies":"2 Louse","floor":1,"turns":1},{"damage":0,"enemies":"Small Slimes","floor":3,"turns":1},{"damage":0,"enemies":"Jaw Worm","floor":4,"turns":1},{"damage":0,"enemies":"Gremlin Nob","floor":8,"turns":2},{"damage":7,"enemies":"2 Fungi Beasts","floor":11,"turns":3},{"damage":18,"enemies":"3 Sentries","floor":12,"turns":4},{"damage":21,"enemies":"Large Slime","floor":14,"turns":5},{"damage":40,"enemies":"Slime Boss","floor":16,"turns":10},{"damage":45,"enemies":"2 Thieves","floor":18,"turns":4},{"damage":24,"enemies":"Spheric Guardian","floor":22,"turns":3},{"damage":33,"enemies":"Slavers","floor":24,"turns":3},{"damage":49,"enemies":"Shelled Parasite and Fungi","floor":28,"turns":3}],"seed_played":"-6235077623135560054","potions_obtained":[{"floor":1,"key":"EssenceOfSteel"},{"floor":14,"key":"Explosive Potion"}],"is_trial":false,"path_per_floor":["?","?","?","?","M","?","?"],"character_chosen":"DEFECT","items_purchased":["Ball Lightning","Self Repair","Defragment","White Noise"],"campfire_rested":4,"item_purchase_floors":[5,5,20,20],"current_hp_per_floor":[75,72,72,72,72,72,72,72,72,61,54,43,61,47,69,36,72,41,41,41,41,17,38,5,26,26,49,0],"gold":285,"neow_bonus":"THREE_ENEMY_KILL","is_prod":false,"is_daily":false,"chose_seed":false,"campfire_upgraded":1,"win_rate":0,"timestamp":1552137185,"path_taken":["M","?","M","M","$","R","?","E","T","?","M","E","?","?","R","BOSS","M","?","$","?","M","R","E","R","T","R","M"],"build_version":"2019-01-23","purchased_purges":1,"victory":false,"max_hp_per_floor":[75,75,75,75,75,75,75,75,75,75,75,75,75,75,75,75,72,72,72,72,72,72,72,72,72,72,74,74],"card_choices":[{"not_picked":["Undo","Sunder"],"picked":"Tempest","floor":1},{"not_picked":["Turbo","Redo"],"picked":"Ball Lightning","floor":3},{"not_picked":["Stack","Reboot"],"picked":"Leap","floor":4},{"not_picked":["Compile Driver","Chill"],"picked":"Capacitor","floor":8},{"not_picked":["Gash","Reprogram","Compile Driver"],"picked":"SKIP","floor":11},{"not_picked":["Scrape","Stack","Turbo"],"picked":"SKIP","floor":12},{"not_picked":["Compile Driver","Hologram"],"picked":"Storm","floor":14},{"not_picked":["Skim","Steam Power"],"picked":"Leap","floor":15},{"not_picked":["Fission","Amplify"],"picked":"Echo Form","floor":16},{"not_picked":["Scrape","Reinforced Body","FTL"],"picked":"SKIP","floor":18},{"not_picked":["Coolheaded","Compile Driver","Go for the Eyes+1"],"picked":"SKIP","floor":22},{"not_picked":["Machine Learning","Fission"],"picked":"Ball Lightning","floor":24},{"not_picked":["Consume+1","Conserve Battery"],"picked":"Redo+1","floor":25},{"not_picked":["Streamline","Darkness+1","Compile Driver"],"picked":"Singing Bowl","floor":27}],"player_experience":187791,"relics_obtained":[{"floor":8,"key":"Art of War"},{"floor":12,"key":"Dream Catcher"},{"floor":24,"key":"Singing Bowl"},{"floor":26,"key":"Dodecahedron"}],"event_choices":[{"damage_healed":0,"gold_gain":0,"player_choice":"Success","damage_taken":3,"relics_obtained":["PreservedInsect"],"max_hp_gain":0,"max_hp_loss":0,"event_name":"Scrap Ooze","floor":2,"gold_loss":0},{"damage_healed":0,"gold_gain":0,"player_choice":"Leave","damage_taken":0,"max_hp_gain":0,"max_hp_loss":0,"event_name":"The Cleric","floor":7,"gold_loss":0},{"damage_healed":0,"gold_gain":75,"player_choice":"Gather Gold","damage_taken":11,"max_hp_gain":0,"max_hp_loss":0,"event_name":"World of Goop","floor":10,"gold_loss":0},{"damage_healed":18,"gold_gain":0,"player_choice":"Healed and dodged fight","damage_taken":0,"max_hp_gain":0,"max_hp_loss":0,"event_name":"Mushrooms","floor":13,"gold_loss":0,"cards_obtained":["Parasite"]},{"damage_healed":0,"gold_gain":0,"player_choice":"Opened","damage_taken":0,"relics_obtained":["MawBank"],"max_hp_gain":0,"max_hp_loss":0,"event_name":"The Mausoleum","floor":19,"gold_loss":0},{"damage_healed":0,"gold_gain":100,"player_choice":"Pray","damage_taken":0,"max_hp_gain":0,"max_hp_loss":0,"event_name":"Golden Shrine","floor":21,"gold_loss":0}],"is_beta":false,"boss_relics":[{"not_picked":["Busted Crown","Calling Bell"],"picked":"Astrolabe"}],"items_purged_floors":[20],"is_endless":false,"potions_floor_spawned":[1,14],"killed_by":"Shelled Parasite and Fungi","ascension_level":1}