{"gold_per_floor":[116,127,127,151,175,211,211,245,245,269,269],"floor_reached":11,"playtime":951,"items_purged":[],"score":85,"play_id":"31ac9c3b-616a-4479-b882-3c7c1ca43a4f","local_time":"20180628002336","is_ascension_mode":false,"campfire_choices":[{"data":"Flex","floor":7,"key":"SMITH"}],"neow_cost":"NONE","seed_source_timestamp":114224530974860,"circlet_count":0,"master_deck":["Strike_R","Strike_R","Strike_R","Strike_R","Strike_R","Defend_R","Defend_R","Defend_R","Defend_R","Bash","Impervious","Iron Wave","Flex+1","Thunderclap+1","Dropkick","Sword Boomerang+1","Clash","Juggernaut"],"relics":["Burning Blood","Golden Idol","Potion Belt","Whetstone","Dodecahedron"],"potions_floor_usage":[5,6,11],"damage_taken":[{"damage":16,"enemies":"Cultist","floor":1,"turns":6},{"damage":0,"enemies":"2 Louse","floor":2,"turns":2},{"damage":2,"enemies":"Small Slimes","floor":4,"turns":4},{"damage":10,"enemies":"Exordium Thugs","floor":5,"turns":7},{"damage":29,"enemies":"Lagavulin","floor":6,"turns":8},{"damage":23,"enemies":"Gremlin Nob","floor":8,"turns":4},{"damage":14,"enemies":"Exordium Wildlife","floor":10,"turns":4},{"damage":10,"enemies":"3 Louse","floor":11,"turns":2}],"seed_played":"-3157526702821161493","potions_obtained":[{"floor":1,"key":"Swift Potion"},{"floor":4,"key":"Block Potion"},{"floor":5,"key":"Strength Potion"}],"is_trial":false,"path_per_floor":["M","M","?","M","M","E","R","E","T","M"],"character_chosen":"IRONCLAD","items_purchased":[],"campfire_rested":0,"item_purchase_floors":[],"current_hp_per_floor":[70,76,56,60,56,33,33,16,16,8,0],"gold":269,"neow_bonus":"ONE_RANDOM_RARE_CARD","is_prod":false,"is_daily":false,"chose_seed":false,"campfire_upgraded":1,"win_rate":0.0,"timestamp":1530167016,"path_taken":["M","M","?","M","M","E","R","E","T","M","?"],"build_version":"2018-06-21v2","purchased_purges":0,"victory":false,"max_hp_per_floor":[80,80,80,80,80,80,80,80,80,80,80],"card_choices":[{"not_picked":["Warcry","Corruption"],"picked":"Iron Wave","floor":1},{"not_picked":["Entrench","Headbutt"],"picked":"Flex","floor":2},{"not_picked":["Bloodletting","Cleave"],"picked":"Thunderclap","floor":4},{"not_picked":["Perfected Strike","Burning Pact"],"picked":"Dropkick","floor":5},{"not_picked":["Flex","Searing Blow"],"picked":"Sword Boomerang","floor":6},{"not_picked":["Pommel Strike","True Grit"],"picked":"Clash","floor":8},{"not_picked":["Carnage","Thunderclap"],"picked":"Juggernaut","floor":10}],"player_experience":33256,"relics_obtained":[{"floor":6,"key":"Potion Belt"},{"floor":8,"key":"Whetstone"},{"floor":9,"key":"Dodecahedron"}],"event_choices":[{"event_name":"Golden Idol","player_choice":"Take Damage","floor":3,"damage_taken":0}],"boss_relics":[],"items_purged_floors":[],"is_endless":false,"potions_floor_spawned":[1,4,5],"killed_by":"3 Louse","ascension_level":0}