{"gold_per_floor":[112,112,128,143,143,143,168,168,168,168,180,211,266,282,282,387,387,370,383,383,308,308,308,20,31,79,94,113,113,73,90,90,187,187,204,218,236,254,269,303,303,322,322,322,322,9,26,45,45,45],"floor_reached":51,"playtime":3329,"items_purged":[],"score":775,"play_id":"b2aff832-74f7-4e2c-bce0-070d16a581e3","local_time":"20190130143001","is_ascension_mode":true,"campfire_choices":[{"floor":6,"key":"REST"},{"floor":8,"key":"REST"},{"data":"Bash","floor":10,"key":"SMITH"},{"floor":15,"key":"REST"},{"floor":23,"key":"REST"},{"data":"Searing Blow+1","floor":32,"key":"SMITH"},{"floor":41,"key":"REST"},{"floor":44,"key":"REST"},{"floor":49,"key":"REST"}],"neow_cost":"CURSE","seed_source_timestamp":166309411968104,"circlet_count":0,"master_deck":["Strike_R","Strike_R","Strike_R","Strike_R","Strike_R","Defend_R","Defend_R","Defend_R","Defend_R","Bash+1","Rupture+1","Clash","Metallicize+1","Thunderclap","Demon Form+1","Cleave","Infernal Blade+1","Limit Break+1","Clothesline+1","Searing Blow+2","Flex+1","Armaments+1","Double Tap+1","Inflame+1","Flex+1","Double Tap+1","Cleave+1","Dual Wield+1","Clothesline+1","Flex+1","Flex+1","Ghostly Armor+1","Sever Soul+1","Bandage Up+1","Good Instincts+1","Swift Strike","The Bomb+1","Rupture+1","Dual Wield+1","Twin Strike+1","Clothesline"],"relics":["Burning Blood","Unceasing Top","Frozen Egg 2","WarpedTongs","Toxic Egg 2","Lantern","Strawberry","Pear","Philosopher\u0027s Stone","MutagenicStrength","Pantograph","Oddly Smooth Stone","Bottled Flame","Fusion Hammer","Meat on the Bone","Sundial"],"potions_floor_usage":[16,16,33,40,50,50],"damage_taken":[{"damage":1,"enemies":"Cultist","floor":1,"turns":4},{"damage":15,"enemies":"Jaw Worm","floor":3,"turns":5},{"damage":15,"enemies":"Small Slimes","floor":4,"turns":4},{"damage":39,"enemies":"3 Sentries","floor":7,"turns":8},{"damage":4,"enemies":"2 Fungi Beasts","floor":11,"turns":4},{"damage":31,"enemies":"Lagavulin","floor":12,"turns":6},{"damage":25,"enemies":"Lagavulin Event","floor":13,"turns":5},{"damage":18,"enemies":"Blue Slaver","floor":14,"turns":5},{"damage":53,"enemies":"The Guardian","floor":16,"turns":6},{"damage":30,"enemies":"2 Thieves","floor":18,"turns":4},{"damage":14,"enemies":"Shell Parasite","floor":19,"turns":3},{"damage":20,"enemies":"Snake Plant","floor":25,"turns":4},{"damage":18,"enemies":"Centurion and Healer","floor":27,"turns":3},{"damage":19,"enemies":"Cultist and Chosen","floor":28,"turns":4},{"damage":7,"enemies":"Shelled Parasite and Fungi","floor":31,"turns":2},{"damage":60,"enemies":"Collector","floor":33,"turns":5},{"damage":15,"enemies":"3 Darklings","floor":35,"turns":3},{"damage":7,"enemies":"Orb Walker","floor":36,"turns":2},{"damage":8,"enemies":"Maw","floor":37,"turns":5},{"damage":25,"enemies":"Jaw Worm Horde","floor":38,"turns":3},{"damage":25,"enemies":"Sphere and 2 Shapes","floor":39,"turns":3},{"damage":11,"enemies":"Giant Head","floor":40,"turns":5},{"damage":34,"enemies":"3 Darklings","floor":42,"turns":5},{"damage":22,"enemies":"Maw","floor":47,"turns":5},{"damage":25,"enemies":"Writhing Mass","floor":48,"turns":3},{"damage":56,"enemies":"Time Eater","floor":50,"turns":8}],"seed_played":"-5122968810508914345","potions_obtained":[{"floor":3,"key":"Strength Potion"},{"floor":4,"key":"PowerPotion"},{"floor":7,"key":"GamblersBrew"},{"floor":13,"key":"Regen Potion"},{"floor":19,"key":"Dexterity Potion"},{"floor":25,"key":"Poison Potion"},{"floor":35,"key":"FairyPotion"},{"floor":40,"key":"Strength Potion"}],"is_trial":false,"path_per_floor":["?","M","?","M","?","?","?","?","T","?","M","M","M","?"],"character_chosen":"IRONCLAD","items_purchased":["Pantograph","Flex+1","The Bomb+1","Rupture+1","Dual Wield+1"],"campfire_rested":7,"item_purchase_floors":[24,24,46,46,46],"current_hp_per_floor":[80,80,71,62,62,80,47,71,71,71,73,55,46,34,63,31,97,73,65,65,65,65,94,94,80,80,68,55,55,55,54,54,25,97,88,87,85,66,47,42,71,55,55,84,74,74,64,57,86,65],"gold":45,"neow_bonus":"ONE_RARE_RELIC","is_prod":false,"is_daily":false,"chose_seed":false,"campfire_upgraded":2,"win_rate":0,"timestamp":1548855001,"path_taken":["M","?","?","M","?","R","E","R","T","R","?","E","?","M","R","BOSS","M","M","?","?","?","R","$","M","T","M","M","?","?","M","R","BOSS","M","M","?","?","?","E","R","M","T","R","?","$","M","M","R","BOSS"],"build_version":"2019-01-23","purchased_purges":0,"victory":true,"max_hp_per_floor":[80,80,80,80,80,80,80,80,80,80,80,87,97,97,97,97,97,97,97,97,97,97,97,97,97,97,97,97,97,97,97,97,97,97,97,97,97,97,97,97,97,97,97,97,97,97,97,97,97,97],"card_choices":[{"not_picked":["Pommel Strike","True Grit"],"picked":"Headbutt","floor":1},{"not_picked":["Wild Strike","Twin Strike"],"picked":"Rupture+1","floor":3},{"not_picked":["Metallicize+1","Cleave"],"picked":"Clash","floor":4},{"not_picked":["Pummel","Whirlwind"],"picked":"Metallicize+1","floor":7},{"not_picked":["Clothesline","Cleave"],"picked":"Thunderclap","floor":11},{"not_picked":["Carnage","Headbutt"],"picked":"Demon Form+1","floor":12},{"not_picked":["Perfected Strike","Twin Strike"],"picked":"Cleave","floor":13},{"not_picked":["Shrug It Off+1","Anger"],"picked":"Infernal Blade+1","floor":14},{"not_picked":["Offering+1","Juggernaut+1"],"picked":"Limit Break+1","floor":16},{"not_picked":["Blood for Blood","Perfected Strike"],"picked":"Clothesline+1","floor":18},{"not_picked":["Ghostly Armor+1","Corruption+1"],"picked":"Searing Blow","floor":19},{"not_picked":["Pummel","Battle Trance+1"],"picked":"Armaments+1","floor":25},{"not_picked":["Rage+1","Dropkick+1"],"picked":"Double Tap+1","floor":27},{"not_picked":["Thunderclap","Battle Trance+1"],"picked":"Inflame+1","floor":28},{"not_picked":["Shockwave+1","Second Wind+1"],"picked":"Flex+1","floor":31},{"not_picked":["Juggernaut+1","Immolate"],"picked":"Double Tap+1","floor":33},{"not_picked":["Twin Strike+1","Anger"],"picked":"Cleave+1","floor":35},{"not_picked":["Flame Barrier+1","Pommel Strike+1"],"picked":"Dual Wield+1","floor":36},{"not_picked":["Twin Strike","Disarm+1"],"picked":"Clothesline+1","floor":37},{"not_picked":["Cleave+1","Anger"],"picked":"Flex+1","floor":38},{"not_picked":["Whirlwind","Warcry+1"],"picked":"Flex+1","floor":39},{"not_picked":["Entrench+1","Havoc+1"],"picked":"Ghostly Armor+1","floor":40},{"not_picked":["Iron Wave+1","Barricade+1"],"picked":"Sever Soul+1","floor":42},{"not_picked":["Flash of Steel","Dramatic Entrance"],"picked":"Bandage Up+1","floor":45},{"not_picked":["Transmutation+1","Metamorphosis+1"],"picked":"Good Instincts+1","floor":45},{"not_picked":["Impatience+1","Purity+1"],"picked":"Swift Strike","floor":45},{"not_picked":["Armaments+1","Thunderclap"],"picked":"Twin Strike+1","floor":47},{"not_picked":["Power Through+1","Warcry+1"],"picked":"Clothesline","floor":48}],"player_experience":40626,"relics_obtained":[{"floor":7,"key":"Toxic Egg 2"},{"floor":9,"key":"Lantern"},{"floor":12,"key":"Strawberry"},{"floor":13,"key":"Pear"},{"floor":26,"key":"Oddly Smooth Stone"},{"floor":29,"key":"Bottled Flame"},{"floor":40,"key":"Meat on the Bone"},{"floor":43,"key":"Sundial"}],"event_choices":[{"cards_removed":["Headbutt"],"damage_healed":0,"gold_gain":0,"player_choice":"Gave Card","damage_taken":0,"relics_obtained":["Frozen Egg 2"],"max_hp_gain":0,"max_hp_loss":0,"event_name":"WeMeetAgain","floor":2,"gold_loss":0},{"damage_healed":0,"gold_gain":0,"player_choice":"Rummage","damage_taken":0,"relics_obtained":["WarpedTongs"],"max_hp_gain":0,"max_hp_loss":0,"event_name":"Accursed Blacksmith","floor":5,"gold_loss":0,"cards_obtained":["Pain"]},{"damage_healed":0,"gold_gain":0,"player_choice":"Searched \u00271\u0027 times","damage_taken":0,"max_hp_gain":0,"max_hp_loss":0,"event_name":"Dead Adventurer","floor":13,"gold_loss":0},{"cards_removed":["Normality"],"damage_healed":0,"gold_gain":0,"player_choice":"Elegance","damage_taken":0,"max_hp_gain":0,"max_hp_loss":0,"event_name":"Back to Basics","floor":20,"gold_loss":0},{"cards_removed":["Pain"],"damage_healed":0,"gold_gain":0,"player_choice":"Gave Gold","damage_taken":0,"max_hp_gain":0,"max_hp_loss":0,"event_name":"Beggar","floor":21,"gold_loss":75},{"damage_healed":0,"gold_gain":0,"player_choice":"Inject Mutagens","damage_taken":0,"relics_obtained":["MutagenicStrength"],"max_hp_gain":0,"max_hp_loss":0,"event_name":"Drug Dealer","floor":22,"gold_loss":0},{"damage_healed":0,"gold_gain":0,"player_choice":"Upgrade","damage_taken":0,"max_hp_gain":0,"max_hp_loss":0,"event_name":"Designer","floor":30,"gold_loss":40,"cards_upgraded":["Searing Blow"]},{"damage_healed":0,"gold_gain":0,"player_choice":"Memory 3","damage_taken":10,"max_hp_gain":0,"max_hp_loss":0,"event_name":"SensoryStone","floor":45,"gold_loss":0}],"is_beta":false,"boss_relics":[{"not_picked":["Mark of Pain","Eternal Feather"],"picked":"Philosopher\u0027s Stone"},{"not_picked":["Coffee Dripper","Calling Bell"],"picked":"Fusion Hammer"}],"items_purged_floors":[],"is_endless":false,"potions_floor_spawned":[3,4,7,13,14,19,25,27,28,35,37,40,47],"ascension_level":1}