{"gold_per_floor":[109,34,50,15,115,115,128,139,139,70,85,105,105,462,462,567,567,583,583,583],"floor_reached":20,"playtime":1007,"items_purged":["Strike_R"],"score":180,"play_id":"0cee61bd-e627-4ec9-aeb2-520ad5150a46","local_time":"20190204131920","is_ascension_mode":true,"campfire_choices":[{"data":"Cleave","floor":6,"key":"SMITH"},{"floor":15,"key":"REST"}],"neow_cost":"NONE","seed_source_timestamp":10747516774451,"circlet_count":0,"master_deck":["Strike_R","Strike_R","Strike_R","Strike_R","Defend_R","Defend_R","Defend_R","Defend_R","Bash","Cleave+1","Demon Form","Inflame","Whirlwind","Spot Weakness","Double Tap","Rampage"],"relics":["Runic Pyramid","Old Coin","Black Star","Nloth\u0027s Gift"],"potions_floor_usage":[16],"damage_taken":[{"damage":10,"enemies":"2 Louse","floor":1,"turns":3},{"damage":0,"enemies":"Small Slimes","floor":3,"turns":3},{"damage":0,"enemies":"Cultist","floor":7,"turns":3},{"damage":6,"enemies":"Blue Slaver","floor":8,"turns":7},{"damage":1,"enemies":"2 Fungi Beasts","floor":11,"turns":3},{"damage":2,"enemies":"Looter","floor":12,"turns":4},{"damage":49,"enemies":"Lagavulin Event","floor":14,"turns":7},{"damage":25,"enemies":"Slime Boss","floor":16,"turns":6},{"damage":30,"enemies":"Spheric Guardian","floor":18,"turns":5},{"damage":51,"enemies":"Shell Parasite","floor":20,"turns":4}],"seed_played":"8929974477770103179","potions_obtained":[{"floor":1,"key":"GamblersBrew"},{"floor":3,"key":"Ancient Potion"},{"floor":11,"key":"AttackPotion"},{"floor":16,"key":"AttackPotion"}],"is_trial":false,"path_per_floor":["?","?","M","?","?","?"],"character_chosen":"IRONCLAD","items_purchased":["Inflame"],"campfire_rested":1,"item_purchase_floors":[10],"current_hp_per_floor":[70,70,70,80,80,80,80,74,74,74,73,71,71,22,46,21,80,50,50,0],"gold":583,"neow_bonus":"BOSS_RELIC","is_prod":false,"is_daily":false,"chose_seed":false,"campfire_upgraded":1,"win_rate":0,"timestamp":1549282760,"path_taken":["M","$","M","?","?","R","M","M","T","$","?","M","?","?","R","BOSS","M","?","M"],"build_version":"2019-01-23","purchased_purges":1,"victory":false,"max_hp_per_floor":[80,80,80,80,80,80,80,80,80,80,80,80,80,80,80,80,80,80,80,80],"card_choices":[{"not_picked":["Reckless Charge","Sword Boomerang"],"picked":"Cleave","floor":1},{"not_picked":["Evolve","Havoc","Blood for Blood"],"picked":"SKIP","floor":3},{"not_picked":["Pommel Strike","Shrug It Off"],"picked":"Demon Form","floor":7},{"not_picked":["Body Slam","Feel No Pain","Perfected Strike"],"picked":"SKIP","floor":8},{"not_picked":["Intimidate","Combust","Bloodletting"],"picked":"SKIP","floor":11},{"not_picked":["Pommel Strike","Perfected Strike"],"picked":"Whirlwind","floor":12},{"not_picked":["Warcry","Armaments"],"picked":"Spot Weakness","floor":14},{"not_picked":["Dark Embrace","Feed"],"picked":"Double Tap","floor":16},{"not_picked":["Sever Soul","Clash"],"picked":"Rampage","floor":18}],"player_experience":85730,"relics_obtained":[{"floor":9,"key":"Charon\u0027s Ashes"},{"floor":14,"key":"Old Coin"}],"event_choices":[{"damage_healed":20,"gold_gain":0,"player_choice":"Healed","damage_taken":0,"max_hp_gain":0,"max_hp_loss":0,"event_name":"The Cleric","floor":4,"gold_loss":35},{"damage_healed":0,"gold_gain":100,"player_choice":"Pray","damage_taken":0,"max_hp_gain":0,"max_hp_loss":0,"event_name":"Golden Shrine","floor":5,"gold_loss":0},{"damage_healed":0,"gold_gain":0,"player_choice":"Ignored","damage_taken":0,"max_hp_gain":0,"max_hp_loss":0,"event_name":"Shining Light","floor":13,"gold_loss":0},{"damage_healed":0,"gold_gain":0,"player_choice":"Searched \u00271\u0027 times","damage_taken":0,"max_hp_gain":0,"max_hp_loss":0,"event_name":"Dead Adventurer","floor":14,"gold_loss":0},{"damage_healed":0,"gold_gain":0,"player_choice":"Traded Relic","damage_taken":0,"relics_obtained":["Nloth\u0027s Gift"],"max_hp_gain":0,"max_hp_loss":0,"event_name":"N\u0027loth","floor":19,"relics_lost":["Charon\u0027s Ashes"],"gold_loss":0}],"is_beta":false,"boss_relics":[{"not_picked":["Cursed Key","Coffee Dripper"],"picked":"Black Star"}],"items_purged_floors":[2],"is_endless":false,"potions_floor_spawned":[1,3,11,16,18],"killed_by":"Shell Parasite","ascension_level":2}