{"gold_per_floor":[117,127,147,247,197,197,197,211,211,211,18,18,18,30,30,132,132,143,158,169,23,33,33,33,8,8,28,28,46,46,46,46,151,151,163,163,80,100,116,116,128,145,168,168,186,186,186,8,8,8],"floor_reached":50,"playtime":1719,"items_purged":["Strike_B","Defend_B"],"score":434,"play_id":"78208e62-7e2e-4426-982d-4f17bdee6d11","local_time":"20180807174635","is_ascension_mode":false,"campfire_choices":[{"data":"Beam Cell","floor":6,"key":"SMITH"},{"data":"Zap","floor":10,"key":"SMITH"},{"data":"Panache","floor":13,"key":"SMITH"},{"data":"Dualcast","floor":15,"key":"SMITH"},{"data":"White Noise","floor":23,"key":"SMITH"},{"data":"Conserve Battery","floor":28,"key":"SMITH"},{"data":"Go for the Eyes","floor":30,"key":"SMITH"},{"data":"Coolheaded","floor":32,"key":"SMITH"},{"data":"Defragment","floor":40,"key":"SMITH"},{"data":"Creative AI","floor":44,"key":"SMITH"},{"data":"Conserve Battery","floor":47,"key":"SMITH"},{"data":"Conserve Battery","floor":49,"key":"SMITH"}],"neow_cost":"NONE","seed_source_timestamp":2048329699408776,"circlet_count":0,"master_deck":["Defend_B","Defend_B","Defend_B","Zap+1","Dualcast+1","Beam Cell+1","Go for the Eyes+1","White Noise+1","Coolheaded+1","Panache+1","Ball Lightning","All For One","Rebound","Conserve Battery+1","Sunder+1","Rip and Tear","Sunder+1","Ball Lightning","Ball Lightning+1","Creative AI+1","Streamline+1","Defragment+1","Conserve Battery+1","Conserve Battery+1","Cold Snap","Capacitor"],"relics":["Eternal Feather"],"potions_floor_usage":[20,20,27,33,38,41,42,50,50],"damage_taken":[{"damage":1,"enemies":"2 Louse","floor":1,"turns":3},{"damage":0,"enemies":"Cultist","floor":2,"turns":4},{"damage":7,"enemies":"Small Slimes","floor":3,"turns":2},{"damage":8,"enemies":"2 Fungi Beasts","floor":8,"turns":3},{"damage":9,"enemies":"Exordium Wildlife","floor":14,"turns":6},{"damage":5,"enemies":"Slime Boss","floor":16,"turns":7},{"damage":6,"enemies":"Shell Parasite","floor":18,"turns":4},{"damage":10,"enemies":"Spheric Guardian","floor":19,"turns":4},{"damage":12,"enemies":"Slaver and Parasite","floor":20,"turns":6},{"damage":3,"enemies":"Snecko","floor":22,"turns":3},{"damage":0,"enemies":"Sentry and Sphere","floor":27,"turns":3},{"damage":10,"enemies":"Chosen and Byrds","floor":29,"turns":4},{"damage":77,"enemies":"Automaton","floor":33,"turns":9},{"damage":16,"enemies":"3 Shapes","floor":35,"turns":7},{"damage":12,"enemies":"Flame Bruiser 1 Orb","floor":38,"turns":4},{"damage":19,"enemies":"Maw","floor":39,"turns":7},{"damage":3,"enemies":"Transient","floor":41,"turns":5},{"damage":35,"enemies":"Spire Growth","floor":42,"turns":6},{"damage":16,"enemies":"Flame Bruiser 2 Orb","floor":45,"turns":6},{"damage":81,"enemies":"Awakened One","floor":50,"turns":7}],"seed_played":"-9121620080363616291","potions_obtained":[{"floor":2,"key":"FocusPotion"},{"floor":3,"key":"Block Potion"},{"floor":14,"key":"Fire Potion"},{"floor":20,"key":"AttackPotion"},{"floor":29,"key":"AttackPotion"},{"floor":33,"key":"Block Potion"},{"floor":35,"key":"EssenceOfSteel"},{"floor":38,"key":"Dexterity Potion"},{"floor":45,"key":"Ancient Potion"}],"is_trial":false,"path_per_floor":["M","M","M","?","?","R","?","M","T","R","$","?","R","M","R","B",null,"M","M","M","$","M","R","?","$","T","M","R","M","R","?","R","B",null,"M","?","$","M","M","R","M","M","T","R","M","?","R","$","R"],"character_chosen":"DEFECT","items_purchased":["Panache","Rip and Tear","Ball Lightning","Defragment","Conserve Battery","Capacitor"],"campfire_rested":0,"item_purchase_floors":[11,21,25,37,37,48],"current_hp_per_floor":[74,74,67,67,67,73,78,70,70,76,76,69,75,66,72,67,80,74,64,52,52,49,58,58,58,58,58,70,60,72,72,80,3,80,64,64,64,52,33,48,52,17,17,32,16,70,70,70,70,0],"gold":8,"neow_bonus":"BOSS_RELIC","is_prod":false,"is_daily":false,"chose_seed":false,"campfire_upgraded":12,"win_rate":0,"timestamp":1533685595,"path_taken":["M","M","M","?","?","R","?","M","T","R","$","?","R","?","R","BOSS","M","M","M","$","M","R","?","?","T","M","R","M","R","?","R","BOSS","M","?","$","M","M","R","M","M","T","R","M","?","R","$","R","BOSS"],"build_version":"2018-08-02","purchased_purges":2,"victory":false,"max_hp_per_floor":[75,75,75,75,75,75,80,80,80,80,80,80,80,80,80,80,80,80,80,80,80,80,80,80,80,80,80,80,80,80,80,80,80,80,80,80,80,80,80,80,80,80,80,80,80,70,70,70,70,70],"card_choices":[{"not_picked":["Compile Driver","Ball Lightning"],"picked":"Beam Cell","floor":1},{"not_picked":["Cold Snap","Steam"],"picked":"Go for the Eyes","floor":2},{"not_picked":["Sweeping Beam","Redo"],"picked":"White Noise","floor":3},{"not_picked":["Tempest","Darkness"],"picked":"Coolheaded","floor":8},{"not_picked":["Sweeping Beam","Coolheaded"],"picked":"Ball Lightning","floor":14},{"not_picked":["Fission","Amplify"],"picked":"All For One","floor":16},{"not_picked":["Turbo","Leap"],"picked":"Rebound","floor":18},{"not_picked":["Auto Shields","Redo"],"picked":"Conserve Battery","floor":19},{"not_picked":["Auto Shields","Undo"],"picked":"Sunder+1","floor":20},{"not_picked":["Stack","Lockon"],"picked":"Sunder+1","floor":22},{"not_picked":["Amplify","Rebound+1"],"picked":"Ball Lightning+1","floor":27},{"not_picked":["Compile Driver","Undo","White Noise"],"picked":"SKIP","floor":29},{"not_picked":["Rainbow","Biased Cognition"],"picked":"Creative AI","floor":33},{"not_picked":["Sweeping Beam+1","Hello World+1"],"picked":"Streamline+1","floor":35},{"not_picked":["BootSequence+1","Reprogram+1","Undo"],"picked":"SKIP","floor":38},{"not_picked":["Beam Cell+1","Barrage"],"picked":"Conserve Battery","floor":39},{"not_picked":["Stack","Reprogram","Beam Cell"],"picked":"SKIP","floor":41},{"not_picked":["Leap","Consume+1","Blizzard+1"],"picked":"SKIP","floor":42},{"not_picked":["Sweeping Beam+1","Beam Cell+1"],"picked":"Cold Snap","floor":45}],"player_experience":360275,"relics_obtained":[],"event_choices":[{"event_name":"Golden Shrine","player_choice":"Pray","floor":4,"damage_taken":0},{"event_name":"The Cleric","player_choice":"Card Removal","floor":5,"damage_taken":0},{"event_name":"Big Fish","player_choice":"Donut","floor":7,"damage_taken":0},{"event_name":"Golden Wing","player_choice":"Card Removal","floor":12,"damage_taken":0},{"event_name":"Addict","player_choice":"Ignored","floor":24,"damage_taken":0},{"event_name":"Back to Basics","player_choice":"Elegance","floor":31,"damage_taken":0},{"event_name":"The Woman in Blue","player_choice":"Bought 0 Potions","floor":36,"damage_taken":0},{"event_name":"The Moai Head","player_choice":"Heal","floor":46,"damage_taken":0}],"is_beta":false,"boss_relics":[{"not_picked":["Velvet Choker","Busted Crown","Coffee Dripper"]},{"not_picked":["Snecko Eye","Runic Dome","Runic Pyramid"]}],"items_purged_floors":[21,48],"is_endless":false,"potions_floor_spawned":[2,3,14,16,20,29,33,35,38,39,45],"killed_by":"Awakened One","ascension_level":0}