{"gold_per_floor":[114,130,130,142,160,185,185,196,196,196,196,196,212,224,224,322,322,333,352,371,371,118,118,136,164,210,222,222,222,222,232,232,334,334,345,359,359,25,44,44,44,44,119,137,153,153,53,63,63,63],"floor_reached":51,"playtime":2454,"items_purged":["Strike_B+1","Strike_B+1"],"score":673,"play_id":"40c64c0f-2139-4d5b-b11c-24e0f796d052","local_time":"20180703122657","is_ascension_mode":false,"campfire_choices":[{"data":"Dualcast","floor":7,"key":"SMITH"},{"data":"All For One","floor":10,"key":"SMITH"},{"data":"Zap","floor":12,"key":"SMITH"},{"data":"Loop","floor":15,"key":"SMITH"},{"data":"Panache","floor":23,"key":"SMITH"},{"data":"Reprogram","floor":28,"key":"SMITH"},{"data":"Electrodynamics","floor":32,"key":"SMITH"},{"data":"Buffer","floor":40,"key":"SMITH"},{"data":"Double Energy","floor":42,"key":"SMITH"},{"floor":49,"key":"REST"}],"neow_cost":"TEN_PERCENT_HP_LOSS","seed_source_timestamp":149709794588698,"circlet_count":0,"master_deck":["Strike_B+1","Strike_B+1","Defend_B+1","Defend_B+1","Defend_B+1","Defend_B+1","Zap+1","Dualcast+1","White Noise","Chill","Sweeping Beam","Reprogram+1","Storm","All For One+1","Loop+1","Static Discharge","Electrodynamics+1","Defragment+1","Gash+1","Gash","Panache+1","Beam Cell+1","Gash+1","Go for the Eyes+1","Capacitor+1","Buffer+1","Turbo+1","Double Energy+1","Double Energy+1","Beam Cell","Defragment+1","Finesse","Rainbow"],"relics":["Cracked Core","Gambling Chip","Mango","Centennial Puzzle","Lizard Tail","Darkstone Periapt","Omamori","Ornamental Fan","Inserter","Letter Opener","Gremlin Horn","Pantograph"],"potions_floor_usage":[25,50,50,50],"damage_taken":[{"damage":0,"enemies":"Small Slimes","floor":1,"turns":2},{"damage":1,"enemies":"Jaw Worm","floor":2,"turns":5},{"damage":0,"enemies":"2 Louse","floor":4,"turns":2},{"damage":2,"enemies":"Red Slaver","floor":5,"turns":4},{"damage":50,"enemies":"Lagavulin","floor":6,"turns":7},{"damage":0,"enemies":"3 Louse","floor":8,"turns":5},{"damage":0,"enemies":"Lots of Slimes","floor":13,"turns":2},{"damage":0,"enemies":"2 Fungi Beasts","floor":14,"turns":3},{"damage":11,"enemies":"Slime Boss","floor":16,"turns":7},{"damage":7,"enemies":"Spheric Guardian","floor":18,"turns":4},{"damage":25,"enemies":"2 Thieves","floor":19,"turns":3},{"damage":26,"enemies":"Slaver and Parasite","floor":20,"turns":5},{"damage":16,"enemies":"Snake Plant","floor":24,"turns":3},{"damage":6,"enemies":"Gremlin Leader","floor":25,"turns":5},{"damage":14,"enemies":"Snecko","floor":27,"turns":4},{"damage":14,"enemies":"3 Cultists","floor":31,"turns":4},{"damage":8,"enemies":"Champ","floor":33,"turns":6},{"damage":14,"enemies":"3 Shapes","floor":35,"turns":4},{"damage":17,"enemies":"Orb Walker","floor":36,"turns":4},{"damage":6,"enemies":"Sphere and 2 Shapes","floor":39,"turns":3},{"damage":11,"enemies":"Maw","floor":44,"turns":7},{"damage":10,"enemies":"4 Shapes","floor":45,"turns":2},{"damage":10,"enemies":"Sphere and 2 Shapes","floor":48,"turns":3},{"damage":60,"enemies":"Donu and Deca","floor":50,"turns":6}],"seed_played":"-4694256767538873448","potions_obtained":[{"floor":4,"key":"AttackPotion"},{"floor":6,"key":"FocusPotion"},{"floor":11,"key":"FocusPotion"},{"floor":11,"key":"Ancient Potion"},{"floor":25,"key":"PowerPotion"}],"is_trial":false,"path_per_floor":["M","M","?","M","M","E","R","M","T","R","?","R","M","M","R","B",null,"M","M","M","?","$","R","M","E","T","M","R","?","?","M","R","B",null,"M","M","?","$","M","R","?","R","T","M","M","?","$","M","R","B"],"character_chosen":"DEFECT","items_purchased":["Panache","Letter Opener","Double Energy"],"campfire_rested":1,"item_purchase_floors":[22,38,38],"current_hp_per_floor":[68,67,72,72,70,34,34,34,34,34,34,34,34,34,34,23,87,80,55,36,36,36,36,20,14,14,43,43,43,72,58,58,50,87,73,56,56,56,50,50,50,50,50,39,29,29,29,19,45,17],"gold":63,"neow_bonus":"ONE_RARE_RELIC","is_prod":false,"is_daily":false,"chose_seed":false,"campfire_upgraded":9,"win_rate":0,"timestamp":1530642417,"path_taken":["M","M","?","M","M","E","R","M","T","R","?","R","?","M","R","BOSS","M","M","M","?","$","R","M","E","T","M","R","?","?","?","R","BOSS","M","M","?","$","M","R","?","R","T","M","?","?","$","M","R","BOSS"],"build_version":"2018-06-28","purchased_purges":2,"victory":true,"max_hp_per_floor":[68,68,73,73,73,87,87,87,87,87,87,87,87,87,87,87,87,87,87,87,87,87,87,87,87,87,87,87,87,87,87,87,87,87,87,87,87,87,87,87,87,87,87,87,87,87,87,87,87,87],"card_choices":[{"not_picked":["Streamline","Hologram"],"picked":"White Noise","floor":1},{"not_picked":["Rebound","Compile Driver"],"picked":"Chill","floor":2},{"not_picked":["Undo","Steam"],"picked":"Sweeping Beam","floor":4},{"not_picked":["Tempest","Stack"],"picked":"Reprogram","floor":5},{"not_picked":["Capacitor","Gash"],"picked":"Storm","floor":6},{"not_picked":["BootSequence","Conserve Battery"],"picked":"All For One","floor":8},{"not_picked":["Undo","Force Field"],"picked":"Loop","floor":13},{"not_picked":["Leap","Steam"],"picked":"Static Discharge","floor":14},{"not_picked":["Meteor Strike","Hyperbeam"],"picked":"Electrodynamics","floor":16},{"not_picked":["Storm+1","Undo+1"],"picked":"Defragment+1","floor":18},{"not_picked":["Coolheaded+1","Lockon"],"picked":"Gash+1","floor":19},{"not_picked":["Barrage+1","Leap+1"],"picked":"Gash","floor":20},{"not_picked":["Turbo","Conserve Battery"],"picked":"Beam Cell+1","floor":24},{"not_picked":["Darkness","Hyperbeam"],"picked":"Gash+1","floor":25},{"not_picked":["Beam Cell+1","Cold Snap"],"picked":"Go for the Eyes+1","floor":27},{"not_picked":["Lockon+1","Barrage"],"picked":"Capacitor+1","floor":31},{"not_picked":["Echo Form","Fission"],"picked":"Buffer","floor":33},{"not_picked":["Stack","Darkness+1"],"picked":"Turbo+1","floor":35},{"not_picked":["Auto Shields+1","Sweeping Beam","Chill"],"picked":"SKIP","floor":36},{"not_picked":["Go for the Eyes","Tempest+1"],"picked":"Double Energy+1","floor":39},{"not_picked":["Stack","Hologram"],"picked":"Beam Cell","floor":44},{"not_picked":["Go for the Eyes+1","Sweeping Beam+1"],"picked":"Defragment+1","floor":45},{"not_picked":["Panacea","Swift Strike"],"picked":"Finesse","floor":46},{"not_picked":["Redo","Sweeping Beam"],"picked":"Rainbow","floor":48}],"player_experience":131008,"relics_obtained":[{"floor":6,"key":"Mango"},{"floor":9,"key":"Centennial Puzzle"},{"floor":25,"key":"Darkstone Periapt"},{"floor":26,"key":"Omamori"},{"floor":43,"key":"Pantograph"}],"event_choices":[{"event_name":"Big Fish","player_choice":"Donut","floor":3,"damage_taken":0},{"event_name":"The Lab","player_choice":"Got Potions","floor":11,"damage_taken":0},{"event_name":"Back to Basics","player_choice":"Simplicity","floor":21,"damage_taken":0},{"event_name":"The Mausoleum","player_choice":"Yes","floor":29,"damage_taken":0},{"event_name":"The Library","player_choice":"Heal","floor":30,"damage_taken":0},{"event_name":"Tomb of Lord Red Mask","player_choice":"Ignored","floor":37,"damage_taken":0},{"event_name":"Wheel of Change","player_choice":"Relic","floor":41,"damage_taken":0},{"event_name":"SensoryStone","player_choice":"Memory 1","floor":46,"damage_taken":0}],"boss_relics":[{"not_picked":["Cursed Key","Tiny House"],"picked":"Lizard Tail"},{"not_picked":["Philosopher\u0027s Stone","Eternal Feather"],"picked":"Inserter"}],"items_purged_floors":[22,47],"is_endless":false,"potions_floor_spawned":[4,6,13,19,20,25,31,39,44],"ascension_level":0}