{"path_per_floor":["M","?","M","M","M","R","?","?","T","M","R","$","E","M","R","B",null,"M","?","$","?","?","E","R","M","T","M","R","M","?","M","R"],"character_chosen":"DEFECT","items_purchased":["Gash"],"gold_per_floor":[109,109,125,135,147,147,147,147,147,165,165,18,52,67,67,172,172,187,187,87,87,87,120,120,130,153,172,172,191,191,202,202,202],"floor_reached":33,"campfire_rested":3,"playtime":1491,"current_hp_per_floor":[74,67,65,62,58,58,58,58,58,53,53,53,43,43,43,35,75,49,49,49,49,49,26,48,48,48,36,58,40,40,36,58,0],"items_purged":["Strike_B","Strike_B"],"gold":202,"score":307,"play_id":"7bd46cc8-1879-4c3b-8cde-ebd207d669b3","local_time":"20180511190424","is_prod":false,"is_daily":false,"chose_seed":false,"is_ascension_mode":true,"campfire_upgraded":3,"timestamp":1526083464,"path_taken":["M","?","M","?","?","R","?","?","T","M","R","$","E","M","R","BOSS","M","?","$","?","?","E","R","?","T","?","R","M","?","M","R","BOSS"],"build_version":"2018-05-10","seed_source_timestamp":242983488284293,"purchased_purges":3,"victory":false,"master_deck":["Defend_B","Defend_B","Defend_B","Defend_B","Zap","Dualcast","Fusion+1","Ball Lightning","Rip and Tear+1","FTL","Doom and Gloom","Rainbow+1","Ball Lightning","Gash+1","Gash","Echo Form","Beam Cell+1","Glacier","Aggregate","Go for the Eyes+1","Double Energy+1","Defragment"],"max_hp_per_floor":[75,75,75,75,75,75,75,75,75,75,75,75,75,75,75,75,75,75,75,75,75,75,75,75,75,75,75,75,75,75,75,75,75],"relics":["Cracked Core","Meat on the Bone","Toolbox","Inserter","Dodecahedron","Vajra","Dream Catcher"],"card_choices":[{"not_picked":["Force Field","Stack"],"picked":"Ball Lightning","floor":1.0},{"not_picked":["Beam Cell","Reinforced Body"],"picked":"Rip and Tear","floor":3.0},{"not_picked":["Chaos","Coolheaded"],"picked":"FTL","floor":4.0},{"not_picked":["Capacitor","Axe Kick"],"picked":"Doom and Gloom","floor":5.0},{"not_picked":["Stack","Sweeping Beam"],"picked":"Ball Lightning","floor":10.0},{"not_picked":["Hologram","Steam"],"picked":"Gash","floor":13.0},{"not_picked":["Creative AI","Nova"],"picked":"Echo Form","floor":16.0},{"not_picked":["Hologram","Streamline"],"picked":"Beam Cell","floor":18.0},{"not_picked":["Recycle","Hologram"],"picked":"Aggregate","floor":23},{"not_picked":["Capacitor","Recycle"],"picked":"Go for the Eyes","floor":25},{"not_picked":["Auto Shields","Heatsinks"],"picked":"Double Energy","floor":28},{"not_picked":["Static Discharge","Barrage"],"picked":"Defragment","floor":31}],"player_experience":85953,"potions_floor_usage":[23,23,33],"damage_taken":[{"damage":1.0,"enemies":"Cultist","floor":1.0,"turns":3.0},{"damage":2.0,"enemies":"Jaw Worm","floor":3.0,"turns":3.0},{"damage":3.0,"enemies":"Small Slimes","floor":4.0,"turns":2.0},{"damage":4.0,"enemies":"Red Slaver","floor":5.0,"turns":2.0},{"damage":5.0,"enemies":"Large Slime","floor":10.0,"turns":3.0},{"damage":10.0,"enemies":"Gremlin Nob","floor":13.0,"turns":3.0},{"damage":0.0,"enemies":"3 Louse","floor":14.0,"turns":2.0},{"damage":20.0,"enemies":"The Guardian","floor":16.0,"turns":6.0},{"damage":38.0,"enemies":"Shell Parasite","floor":18.0,"turns":5.0},{"damage":50,"enemies":"Book of Stabbing","floor":23,"turns":6},{"damage":0,"enemies":"3 Byrds","floor":25,"turns":4},{"damage":24,"enemies":"Slaver and Parasite","floor":27,"turns":4},{"damage":18,"enemies":"Snecko","floor":29,"turns":4},{"damage":16,"enemies":"3 Cultists","floor":31,"turns":5},{"damage":79,"enemies":"Champ","floor":33,"turns":8}],"event_choices":[{"event_name":"Golden Wing","player_choice":"Card Removal","floor":2.0,"damage_taken":0.0},{"event_name":"Upgrade Shrine","player_choice":"Upgraded","floor":7.0,"damage_taken":0.0},{"event_name":"Transmorgrifier","player_choice":"Transform","floor":8.0,"damage_taken":0.0},{"event_name":"The Library","player_choice":"Read","floor":19.0,"damage_taken":0.0},{"event_name":"Cursed Tome","player_choice":"Ignored","floor":21,"damage_taken":0},{"event_name":"The Mausoleum","player_choice":"Yes","floor":22,"damage_taken":0},{"event_name":"Ghosts","player_choice":"Ignored","floor":30,"damage_taken":0}],"boss_relics":[],"potions_floor_spawned":[1,3,4,14,16,18,25,29,31],"seed_played":"-1704581327041164000","killed_by":"Champ","ascension_level":3,"is_trial":false}