{"gold_per_floor":[10,28,46,62,73,73,108,108,108,134,153,118,118,138,138,138],"floor_reached":16,"playtime":1804,"items_purged":[],"score":104,"play_id":"c284ce97-02e4-4488-9f87-6b647ee3d5c7","local_time":"20180629100935","is_ascension_mode":false,"campfire_choices":[{"data":"Heavy Blade","floor":6,"key":"SMITH"},{"data":"Rupture","floor":8,"key":"SMITH"},{"data":"Flex","floor":13,"key":"SMITH"},{"data":"Inflame","floor":15,"key":"SMITH"}],"neow_cost":"NO_GOLD","seed_source_timestamp":234909965208727,"circlet_count":0,"master_deck":["Strike_R","Strike_R","Strike_R","Strike_R","Strike_R","Defend_R","Defend_R","Defend_R","Defend_R","Bash","Fiend Fire","Heavy Blade+1","Armaments","Warcry","Flex+1","Battle Trance","Rupture+1","Offering","Cleave","Inflame+1"],"relics":["Burning Blood","Kunai","Ancient Tea Set","Odd Mushroom"],"potions_floor_usage":[16,16,16],"damage_taken":[{"damage":6,"enemies":"Jaw Worm","floor":1,"turns":3},{"damage":9,"enemies":"Small Slimes","floor":2,"turns":3},{"damage":1,"enemies":"2 Louse","floor":3,"turns":3},{"damage":5,"enemies":"2 Fungi Beasts","floor":4,"turns":5},{"damage":8,"enemies":"3 Louse","floor":5,"turns":4},{"damage":40,"enemies":"Lagavulin","floor":7,"turns":6},{"damage":20,"floor":10,"turns":6},{"damage":6,"enemies":"Blue Slaver","floor":11,"turns":3},{"damage":0,"enemies":"2 Fungi Beasts","floor":14,"turns":2},{"damage":70,"enemies":"The Guardian","floor":16,"turns":12}],"seed_played":"3254483637461887035","potions_obtained":[{"floor":1,"key":"BloodPotion"},{"floor":2,"key":"Explosive Potion"},{"floor":3,"key":"SkillPotion"},{"floor":10,"key":"GamblersBrew"}],"is_trial":false,"path_per_floor":["M","M","M","M","M","R","E","R","T","?","M","?","R","M","R"],"character_chosen":"IRONCLAD","items_purchased":[],"campfire_rested":0,"item_purchase_floors":[],"current_hp_per_floor":[80,77,80,80,78,78,44,44,44,30,30,50,50,56,56,0],"gold":138,"neow_bonus":"THREE_RARE_CARDS","is_prod":false,"is_daily":false,"chose_seed":false,"campfire_upgraded":4,"win_rate":0.0,"timestamp":1530288575,"path_taken":["M","M","M","M","M","R","E","R","T","?","M","?","R","M","R","BOSS"],"build_version":"2018-06-28","purchased_purges":0,"victory":false,"max_hp_per_floor":[80,80,80,80,80,80,80,80,80,80,80,80,80,80,80,80],"card_choices":[{"not_picked":["Bludgeon","Dark Embrace"],"picked":"Fiend Fire","floor":0},{"not_picked":["Armaments","Twin Strike"],"picked":"Heavy Blade","floor":1},{"not_picked":["Bloodletting","Clash"],"picked":"Armaments","floor":2},{"not_picked":["Shrug It Off","Sword Boomerang"],"picked":"Warcry","floor":3},{"not_picked":["Offering","Shrug It Off"],"picked":"Flex","floor":4},{"not_picked":["Clothesline","Perfected Strike"],"picked":"Battle Trance","floor":5},{"not_picked":["Body Slam","True Grit"],"picked":"Rupture","floor":7},{"not_picked":["Infernal Blade","Intimidate"],"picked":"Offering","floor":10},{"not_picked":["Pommel Strike","Clash"],"picked":"Cleave","floor":11},{"not_picked":["Anger","Dual Wield"],"picked":"Inflame","floor":14}],"player_experience":56982,"relics_obtained":[{"floor":7,"key":"Kunai"},{"floor":9,"key":"Ancient Tea Set"},{"floor":10,"key":"Odd Mushroom"}],"event_choices":[{"event_name":"Mushrooms","player_choice":"Fought Mushrooms","floor":10,"damage_taken":0},{"event_name":"The Cleric","player_choice":"Healed","floor":12,"damage_taken":0}],"boss_relics":[],"items_purged_floors":[],"is_endless":false,"potions_floor_spawned":[1,2,3,7,10,14],"killed_by":"The Guardian","ascension_level":0}