{"gold_per_floor":[115,190,205,224,234,244,244,261,261,273,291,291,291,309,309,404,404,423,439,457,457,457],"floor_reached":22,"playtime":918,"items_purged":[],"score":184,"play_id":"4895d19d-0165-4abb-93b5-71e0ffd19a39","local_time":"20180806005536","is_ascension_mode":false,"campfire_choices":[{"floor":7,"key":"REST"},{"data":"Zap","floor":13,"key":"SMITH"},{"floor":15,"key":"REST"}],"neow_cost":"NONE","seed_source_timestamp":0,"circlet_count":0,"master_deck":["Strike_B","Strike_B","Strike_B","Defend_B","Defend_B","Defend_B","Defend_B","Zap+1","Dualcast","Streamline","Ball Lightning","Conserve Battery","Coolheaded","Conserve Battery","Beam Cell","Sweeping Beam","Capacitor","FTL","Core Surge","Beam Cell+1","Hologram","Gash+1","Core Surge"],"special_seed":0,"relics":["Lizard Tail"],"potions_floor_usage":[6,8,11,22],"damage_taken":[{"damage":7.0,"enemies":"2 Louse","floor":1.0,"turns":2.0},{"damage":10,"enemies":"Jaw Worm","floor":3,"turns":4},{"damage":5,"enemies":"Small Slimes","floor":4,"turns":2},{"damage":2,"enemies":"Blue Slaver","floor":5,"turns":3},{"damage":18,"enemies":"Exordium Wildlife","floor":6,"turns":4},{"damage":28,"enemies":"Gremlin Gang","floor":8,"turns":5},{"damage":0,"enemies":"3 Louse","floor":10,"turns":3},{"damage":29,"enemies":"Exordium Thugs","floor":11,"turns":5},{"damage":6,"enemies":"Exordium Wildlife","floor":14,"turns":4},{"damage":38,"enemies":"Slime Boss","floor":16,"turns":10},{"damage":21,"enemies":"Shell Parasite","floor":18,"turns":8},{"damage":20,"enemies":"Spheric Guardian","floor":19,"turns":6},{"damage":6,"enemies":"Cultist and Chosen","floor":20,"turns":5},{"damage":37,"floor":22,"turns":3}],"seed_played":"-7092792466886001607","potions_obtained":[{"floor":3,"key":"Poison Potion"},{"floor":5,"key":"Strength Potion"},{"floor":6,"key":"PowerPotion"},{"floor":10,"key":"GamblersBrew"},{"floor":11,"key":"SmokeBomb"}],"is_trial":false,"path_per_floor":["M","?","M","M","M","M","R","M","T","M","M","?","R","M","R","B",null,"M","M","M","?"],"character_chosen":"DEFECT","items_purchased":[],"campfire_rested":2,"item_purchase_floors":[],"current_hp_per_floor":[68,57,47,42,40,22,44,16,16,16,24,24,24,18,40,2,75,54,34,28,28,0],"gold":457,"neow_bonus":"BOSS_RELIC","is_prod":false,"is_daily":false,"chose_seed":false,"campfire_upgraded":1,"win_rate":0,"timestamp":1533538536,"path_taken":["M","?","M","M","M","M","R","M","T","M","M","?","R","?","R","BOSS","M","?","M","?","?"],"build_version":"2018-08-02","purchased_purges":0,"victory":false,"max_hp_per_floor":[75,75,75,75,75,75,75,75,75,75,75,75,75,75,75,75,75,75,75,75,75,75],"card_choices":[{"not_picked":["Coolheaded","Chill"],"picked":"Streamline","floor":1},{"not_picked":["Gash","Steam Power"],"picked":"Ball Lightning","floor":3},{"not_picked":["Stack","Doom and Gloom"],"picked":"Conserve Battery","floor":4},{"not_picked":["Compile Driver","Steam"],"picked":"Coolheaded","floor":5},{"not_picked":["Ball Lightning","Meteor Strike"],"picked":"Conserve Battery","floor":6},{"not_picked":["Compile Driver","Stack"],"picked":"Beam Cell","floor":8},{"not_picked":["Turbo","Stack"],"picked":"Sweeping Beam","floor":10},{"not_picked":["Steam","BootSequence"],"picked":"Capacitor","floor":11},{"not_picked":["Storm","Gash"],"picked":"FTL","floor":14},{"not_picked":["Thunder Strike","Rainbow"],"picked":"Core Surge","floor":16},{"not_picked":["Redo","Aggregate"],"picked":"Beam Cell+1","floor":18},{"not_picked":["Turbo+1","Compile Driver"],"picked":"Hologram","floor":19},{"not_picked":["Beam Cell","Reinforced Body"],"picked":"Gash+1","floor":20}],"player_experience":340987,"relics_obtained":[],"event_choices":[{"event_name":"World of Goop","player_choice":"Gather Gold","floor":2,"damage_taken":0},{"event_name":"Living Wall","player_choice":"Forget","floor":12,"damage_taken":0},{"event_name":"Duplicator","player_choice":"One dupe","floor":21,"damage_taken":0},{"event_name":"Masked Bandits","player_choice":"Fought over 457 gold","floor":22,"damage_taken":0}],"is_beta":false,"boss_relics":[{"not_picked":["Black Star","White Beast Statue","Orrery"]}],"items_purged_floors":[],"is_endless":false,"potions_floor_spawned":[3,5,6,10,11],"ascension_level":0}