{"gold_per_floor":[110,122,122,146,166,166,182,182,233,268,355,388,400],"floor_reached":13,"playtime":455,"items_purged":[],"score":119,"play_id":"0e84309e-53d9-4b2e-9296-37ec4726d9cd","local_time":"20181009114015","is_ascension_mode":true,"campfire_choices":[{"data":"Zap","floor":6,"key":"SMITH"},{"floor":8,"key":"REST"}],"neow_cost":"","seed_source_timestamp":477470396864533,"circlet_count":0,"master_deck":["Strike_B","Strike_B","Strike_B","Strike_B","Defend_B","Defend_B","Defend_B","Defend_B","Zap+1","Dualcast","AscendersBane","Self Repair","Coolheaded","Beam Cell","Sweeping Beam","Core Surge","Hologram","Go for the Eyes"],"relics":["Cracked Core","Golden Idol","MawBank"],"potions_floor_usage":[12,12,13],"damage_taken":[{"damage":0,"enemies":"2 Louse","floor":1,"turns":3},{"damage":0,"enemies":"Small Slimes","floor":2,"turns":3},{"damage":3,"enemies":"Cultist","floor":4,"turns":4},{"damage":38,"enemies":"Lots of Slimes","floor":5,"turns":6},{"damage":11,"enemies":"Looter","floor":7,"turns":4},{"damage":12,"enemies":"2 Fungi Beasts","floor":10,"turns":2},{"damage":11,"enemies":"Large Slime","floor":12,"turns":5},{"damage":34,"enemies":"Lagavulin","floor":13,"turns":5}],"seed_played":"-3674731030322342489","potions_obtained":[{"floor":4,"key":"Regen Potion"},{"floor":5,"key":"Weak Potion"},{"floor":10,"key":"GamblersBrew"}],"is_trial":false,"path_per_floor":["M","M","?","M","M","R","M","R","T","M","?","M"],"character_chosen":"DEFECT","items_purchased":[],"campfire_rested":1,"item_purchase_floors":[],"current_hp_per_floor":[68,75,57,61,30,30,26,48,48,36,25,33,0],"gold":400,"neow_bonus":"","is_prod":false,"is_daily":false,"chose_seed":false,"campfire_upgraded":1,"win_rate":0,"timestamp":1539106815,"path_taken":["M","M","?","M","?","R","M","R","T","M","?","M","E"],"build_version":"2018-10-04v2","purchased_purges":0,"victory":false,"max_hp_per_floor":[75,75,75,75,75,75,75,75,75,75,75,75,75],"card_choices":[{"not_picked":["Cold Snap","Redo"],"picked":"Self Repair","floor":1},{"not_picked":["Rip and Tear","Genetic Algorithm"],"picked":"Coolheaded","floor":2},{"not_picked":["Double Energy","Undo"],"picked":"Beam Cell","floor":4},{"not_picked":["Blizzard","Reinforced Body"],"picked":"Sweeping Beam","floor":5},{"not_picked":["Ball Lightning","Coolheaded"],"picked":"Core Surge","floor":7},{"not_picked":["Rebound","Barrage"],"picked":"Hologram","floor":10},{"not_picked":["Gash","Beam Cell"],"picked":"Go for the Eyes","floor":12}],"player_experience":506670,"relics_obtained":[{"floor":9,"key":"MawBank"}],"event_choices":[{"event_name":"Golden Idol","player_choice":"Take Damage","floor":3,"damage_taken":0},{"event_name":"World of Goop","player_choice":"Gather Gold","floor":11,"damage_taken":0}],"is_beta":false,"boss_relics":[],"items_purged_floors":[],"is_endless":false,"potions_floor_spawned":[4,5,10],"killed_by":"Lagavulin","ascension_level":10}