{"gold_per_floor":[365,378,308,319,336,336,336,336,336,367,367,379,85,95,95,190,190,200,219,234,245,260,260,294,313,337,349,349,106,139,89,89,188,188,203,219,231,241,253,253,264,64,116,3,20,34,54,64,64,64],"floor_reached":51,"playtime":4320,"items_purged":["Strike_R","Pain","Parasite"],"score":676,"play_id":"a63f9ee1-0df8-4cbf-a030-729526e82dc1","local_time":"20190302023851","is_ascension_mode":false,"campfire_choices":[{"data":"Whirlwind","floor":6,"key":"SMITH"},{"data":"Inflame","floor":8,"key":"SMITH"},{"floor":11,"key":"REST"},{"data":"Apotheosis","floor":15,"key":"SMITH"},{"data":"Flame Barrier","floor":23,"key":"SMITH"},{"data":"Feed","floor":28,"key":"SMITH"},{"data":"Double Tap","floor":32,"key":"SMITH"},{"data":"Flame Barrier","floor":40,"key":"SMITH"},{"floor":49,"key":"REST"}],"neow_cost":"PERCENT_DAMAGE","seed_source_timestamp":624888971724368,"circlet_count":0,"master_deck":["Strike_R","Strike_R+1","Strike_R","Strike_R","Defend_R","Defend_R","Defend_R","Bash+1","Ghostly Armor","Inflame+1","Whirlwind+1","Flame Barrier+1","Ghostly Armor","Apotheosis+1","Shrug It Off","Double Tap+1","Shrug It Off","Disarm+1","Disarm","Battle Trance+1","Feed+1","Offering","Whirlwind+1","Limit Break","Demon Form","Flame Barrier+1","Headbutt+1","Metallicize+1"],"relics":["Burning Blood","Centennial Puzzle","Matryoshka","Cursed Key","Mercury Hourglass","Strawberry","Red Skull","Whetstone","Velvet Choker","Chemical X","Paper Frog","MawBank"],"potions_floor_usage":[16,24,27,33,39,41,50,50,50],"damage_taken":[{"damage":12,"enemies":"Cultist","floor":1,"turns":5},{"damage":8,"enemies":"2 Louse","floor":2,"turns":3},{"damage":4,"enemies":"Jaw Worm","floor":4,"turns":4},{"damage":14,"enemies":"Lots of Slimes","floor":5,"turns":8},{"damage":16,"enemies":"3 Sentries","floor":10,"turns":6},{"damage":0,"enemies":"Looter","floor":12,"turns":3},{"damage":0,"enemies":"Blue Slaver","floor":14,"turns":6},{"damage":12,"enemies":"The Guardian","floor":16,"turns":14},{"damage":7,"enemies":"3 Byrds","floor":18,"turns":3},{"damage":0,"enemies":"Chosen","floor":19,"turns":3},{"damage":2,"enemies":"3 Cultists","floor":20,"turns":5},{"damage":19,"enemies":"Shelled Parasite and Fungi","floor":21,"turns":8},{"damage":22,"enemies":"Cultist and Chosen","floor":22,"turns":6},{"damage":20,"enemies":"Book of Stabbing","floor":24,"turns":8},{"damage":0,"enemies":"Snake Plant","floor":25,"turns":4},{"damage":3,"enemies":"3 Cultists","floor":27,"turns":2},{"damage":8,"enemies":"Gremlin Leader","floor":30,"turns":5},{"damage":43,"enemies":"Champ","floor":33,"turns":11},{"damage":14,"enemies":"3 Darklings","floor":35,"turns":2},{"damage":8,"enemies":"3 Shapes","floor":36,"turns":2},{"damage":6,"enemies":"Jaw Worm Horde","floor":37,"turns":1},{"damage":11,"enemies":"Maw","floor":38,"turns":4},{"damage":40,"enemies":"Spire Growth","floor":39,"turns":6},{"damage":12,"enemies":"4 Shapes","floor":41,"turns":2},{"damage":6,"enemies":"Jaw Worm Horde","floor":45,"turns":1},{"damage":35,"enemies":"Spire Growth","floor":46,"turns":5},{"damage":8,"enemies":"Transient","floor":47,"turns":5},{"damage":4,"enemies":"3 Darklings","floor":48,"turns":5},{"damage":50,"enemies":"Donu and Deca","floor":50,"turns":7}],"seed_played":"8109519800287262223","potions_obtained":[{"floor":4,"key":"EssenceOfSteel"},{"floor":5,"key":"FearPotion"},{"floor":12,"key":"Explosive Potion"},{"floor":16,"key":"Weak Potion"},{"floor":24,"key":"Fruit Juice"},{"floor":25,"key":"Strength Potion"},{"floor":37,"key":"Fruit Juice"},{"floor":38,"key":"Energy Potion"},{"floor":41,"key":"Fruit Juice"},{"floor":45,"key":"Dexterity Potion"}],"is_trial":false,"path_per_floor":["M","M","$","M","M","R","?","R","T","E","R","M","$","M","R","B",null,"M","M","M","M","M","R","E","M","T","M","R","$","E","?","R","B",null,"M","M","M","M","M","R","M","$","T","$","M","M","M","M","R","B",null],"character_chosen":"IRONCLAD","items_purchased":["Inflame","Apotheosis","Shrug It Off","Offering","Chemical X"],"campfire_rested":2,"item_purchase_floors":[3,13,13,29,42],"current_hp_per_floor":[50,48,48,50,42,42,42,42,42,32,56,62,62,68,68,62,80,79,80,80,67,51,51,42,48,55,61,61,61,59,59,59,22,95,87,85,85,80,55,55,54,54,54,54,54,25,23,25,56,12],"gold":64,"neow_bonus":"TWO_FIFTY_GOLD","is_prod":false,"is_daily":false,"chose_seed":false,"campfire_upgraded":7,"win_rate":0.0,"timestamp":1551523131,"path_taken":["M","M","$","?","M","R","?","R","T","E","R","M","$","M","R","BOSS","M","M","M","M","?","R","E","M","T","M","R","$","E","?","R","BOSS","M","M","M","M","M","R","M","$","T","$","M","M","M","M","R","BOSS"],"build_version":"2019-01-23","purchased_purges":3,"victory":true,"max_hp_per_floor":[80,80,80,80,80,80,80,80,80,80,80,80,80,80,80,80,80,80,80,80,80,80,80,85,85,92,95,95,95,95,95,95,95,95,95,95,95,95,104,104,109,109,109,106,106,106,106,106,106,106],"card_choices":[{"not_picked":["Headbutt","Bloodletting"],"picked":"Ghostly Armor","floor":1},{"not_picked":["Thunderclap","Blood for Blood","Sentinel"],"picked":"SKIP","floor":2},{"not_picked":["Rage","Perfected Strike","Rampage"],"picked":"SKIP","floor":4},{"not_picked":["Dropkick","Anger"],"picked":"Whirlwind","floor":5},{"not_picked":["Perfected Strike","Sword Boomerang"],"picked":"Flame Barrier","floor":10},{"not_picked":["Clash","Thunderclap"],"picked":"Ghostly Armor","floor":12},{"not_picked":["Flex","Clash","Heavy Blade"],"picked":"SKIP","floor":14},{"not_picked":["Exhume","Bludgeon"],"picked":"Double Tap","floor":16},{"not_picked":["Warcry+1","Combust"],"picked":"Shrug It Off","floor":18},{"not_picked":["Sword Boomerang","Pommel Strike"],"picked":"Disarm+1","floor":19},{"not_picked":["True Grit","Clash"],"picked":"Disarm","floor":20},{"not_picked":["Anger","Sever Soul","Heavy Blade"],"picked":"SKIP","floor":21},{"not_picked":["Clash+1","Feel No Pain","Rupture"],"picked":"SKIP","floor":22},{"not_picked":["Fire Breathing","Hemokinesis"],"picked":"Battle Trance+1","floor":24},{"not_picked":["Wild Strike","Feel No Pain"],"picked":"Feed","floor":25},{"not_picked":["True Grit","Havoc","Cleave"],"picked":"SKIP","floor":27},{"not_picked":["Hemokinesis","Disarm"],"picked":"Whirlwind+1","floor":30},{"not_picked":["Feed","Brutality"],"picked":"Limit Break","floor":33},{"not_picked":["Clash+1","Perfected Strike+1","Body Slam+1"],"picked":"SKIP","floor":35},{"not_picked":["Body Slam","Perfected Strike","Twin Strike"],"picked":"SKIP","floor":36},{"not_picked":["Anger+1","Rage+1"],"picked":"Demon Form","floor":37},{"not_picked":["Blood for Blood","Searing Blow+1","Iron Wave"],"picked":"SKIP","floor":38},{"not_picked":["True Grit","Inflame"],"picked":"Flame Barrier","floor":39},{"not_picked":["Clash","Headbutt+1","Flex+1"],"picked":"SKIP","floor":41},{"not_picked":["Clash","Flex+1"],"picked":"Headbutt+1","floor":41},{"not_picked":["Dual Wield+1","Ghostly Armor+1","Fire Breathing+1"],"picked":"SKIP","floor":45},{"not_picked":["Armaments+1","Spot Weakness"],"picked":"Metallicize+1","floor":46},{"not_picked":["Clothesline+1","Shrug It Off","Combust+1"],"picked":"SKIP","floor":47},{"not_picked":["Wild Strike+1","Whirlwind+1","Entrench+1"],"picked":"SKIP","floor":48}],"player_experience":76443,"relics_obtained":[{"floor":9,"key":"Centennial Puzzle"},{"floor":10,"key":"Matryoshka"},{"floor":24,"key":"Mercury Hourglass"},{"floor":26,"key":"Strawberry"},{"floor":26,"key":"Red Skull"},{"floor":30,"key":"Whetstone"},{"floor":43,"key":"Paper Frog"},{"floor":43,"key":"MawBank"}],"event_choices":[{"cards_removed":["Defend_R"],"damage_healed":0,"gold_gain":0,"player_choice":"Purged","damage_taken":0,"max_hp_gain":0,"max_hp_loss":0,"event_name":"Purifier","floor":7,"gold_loss":0},{"damage_healed":0,"gold_gain":0,"player_choice":"Bet on Owner","damage_taken":0,"max_hp_gain":0,"max_hp_loss":0,"event_name":"The Joust","floor":31,"gold_loss":50}],"is_beta":false,"boss_relics":[{"not_picked":["Astrolabe","Black Star"],"picked":"Cursed Key"},{"not_picked":["Runic Pyramid","Runic Dome"],"picked":"Velvet Choker"}],"items_purged_floors":[13,29,44],"is_endless":false,"potions_floor_spawned":[4,5,12,16,20,24,25,37,38,41,45,47,48],"ascension_level":0}