{"gold_per_floor":[110,126,126,140,150,150,163,163,190,206,206,206,206,19,19,114,114,133,143,143,154,164,164,176,194,245,245,170,170,184,200,200,300,300,315,188,208,208,226,226,226],"floor_reached":41,"playtime":1741,"items_purged":["Strike_B","Defend_B"],"score":389,"play_id":"8893068a-9cd7-4542-862a-4ca46b65cd2f","local_time":"20180803124759","is_ascension_mode":false,"campfire_choices":[{"data":"Zap","floor":6,"key":"SMITH"},{"data":"Dualcast","floor":8,"key":"SMITH"},{"data":"Loop","floor":11,"key":"SMITH"},{"data":"Conserve Battery","floor":15,"key":"SMITH"},{"data":"Defragment","floor":23,"key":"SMITH"},{"data":"Sunder","floor":27,"key":"SMITH"},{"data":"Go for the Eyes","floor":29,"key":"SMITH"},{"floor":32,"key":"REST"},{"data":"Fusion","floor":40,"key":"SMITH"}],"neow_cost":"NONE","seed_source_timestamp":1684870220458742,"circlet_count":0,"master_deck":["Defend_B","Defend_B","Defend_B","Zap+1","Dualcast+1","Skim","Conserve Battery+1","Ball Lightning","Loop+1","Leap","Coolheaded","Thunder Strike","Sunder+1","Hello World","Core Surge","Go for the Eyes+1","Defragment+1","Aggregate+1","Redo","White Noise+1","Tempest","Leap","Fusion+1","Biased Cognition","Steam+1","Cold Snap","Fusion+1","Enlightenment","Leap+1"],"relics":["Runic Dome"],"potions_floor_usage":[7,16,21,21,24,35,41],"damage_taken":[{"damage":2,"enemies":"Jaw Worm","floor":1,"turns":3},{"damage":2,"enemies":"2 Louse","floor":2,"turns":3},{"damage":0,"enemies":"Small Slimes","floor":4,"turns":3},{"damage":2,"enemies":"Blue Slaver","floor":5,"turns":4},{"damage":4,"enemies":"Gremlin Gang","floor":7,"turns":4},{"damage":0,"enemies":"2 Fungi Beasts","floor":10,"turns":3},{"damage":20,"enemies":"Hexaghost","floor":16,"turns":8},{"damage":0,"enemies":"Chosen","floor":18,"turns":5},{"damage":10,"enemies":"3 Byrds","floor":19,"turns":6},{"damage":1,"enemies":"Sentry and Sphere","floor":21,"turns":7},{"damage":7,"enemies":"Snecko","floor":22,"turns":5},{"damage":14,"enemies":"Cultist and Chosen","floor":24,"turns":7},{"damage":6,"enemies":"Snake Plant","floor":25,"turns":4},{"damage":16,"enemies":"Sentry and Sphere","floor":30,"turns":5},{"damage":18,"enemies":"Centurion and Healer","floor":31,"turns":6},{"damage":20,"enemies":"Champ","floor":33,"turns":11},{"damage":19,"enemies":"Orb Walker","floor":35,"turns":5},{"damage":11,"enemies":"Flame Bruiser 1 Orb","floor":37,"turns":4},{"damage":7,"enemies":"Sphere and 2 Shapes","floor":39,"turns":5},{"damage":50,"enemies":"2 Orb Walkers","floor":41,"turns":4}],"seed_played":"1626163228789943166","potions_obtained":[{"floor":1,"key":"Regen Potion"},{"floor":2,"key":"SteroidPotion"},{"floor":7,"key":"SkillPotion"},{"floor":19,"key":"EssenceOfSteel"},{"floor":21,"key":"SteroidPotion"},{"floor":22,"key":"Swift Potion"},{"floor":30,"key":"Swift Potion"},{"floor":33,"key":"Weak Potion"},{"floor":39,"key":"Strength Potion"}],"is_trial":false,"path_per_floor":["M","M","?","M","M","R","M","R","T","M","R","?","?","$","R","B",null,"M","M","?","M","M","R","M","M","T","R","?","R","M","M","R","B",null,"M","$","M","?","M","R"],"character_chosen":"DEFECT","items_purchased":["Sunder","Hello World","Cold Snap"],"campfire_rested":1,"item_purchase_floors":[14,14,36],"current_hp_per_floor":[73,71,71,71,69,69,65,65,65,65,65,58,58,58,58,38,75,75,65,51,65,58,58,44,38,38,38,38,38,22,4,28,8,80,68,68,57,57,50,50,0],"gold":226,"neow_bonus":"BOSS_RELIC","is_prod":false,"is_daily":false,"chose_seed":false,"campfire_upgraded":8,"win_rate":0,"timestamp":1533322079,"path_taken":["M","M","?","M","M","R","M","R","T","M","R","?","?","$","R","BOSS","M","M","?","?","M","R","?","M","T","R","?","R","M","M","R","BOSS","M","$","M","?","M","R","E"],"build_version":"2018-08-02","purchased_purges":2,"victory":false,"max_hp_per_floor":[75,75,75,75,75,75,75,75,75,75,75,75,75,75,75,75,75,75,75,80,80,80,80,80,80,80,80,80,80,80,80,80,80,80,80,80,80,80,80,80,80],"card_choices":[{"not_picked":["Doom and Gloom","Force Field"],"picked":"Skim","floor":1},{"not_picked":["Sweeping Beam","Hologram"],"picked":"Conserve Battery","floor":2},{"not_picked":["Go for the Eyes","Stack"],"picked":"Ball Lightning","floor":4},{"not_picked":["Biased Cognition","Hologram"],"picked":"Loop","floor":5},{"not_picked":["Undo","Skim"],"picked":"Leap","floor":7},{"not_picked":["Turbo","Barrage"],"picked":"Coolheaded","floor":10},{"not_picked":["Thunder Strike","Hyperbeam"],"picked":"Core Surge","floor":16},{"not_picked":["BootSequence+1","Undo+1"],"picked":"Go for the Eyes","floor":18},{"not_picked":["Hologram","Turbo"],"picked":"Defragment","floor":19},{"not_picked":["Stack","Sweeping Beam+1"],"picked":"Aggregate+1","floor":21},{"not_picked":["Steam","Gash+1"],"picked":"Redo","floor":22},{"not_picked":["Gash","Reprogram"],"picked":"White Noise+1","floor":24},{"not_picked":["Sweeping Beam","Barrage"],"picked":"Tempest","floor":25},{"not_picked":["Rebound","Sweeping Beam+1"],"picked":"Leap","floor":30},{"not_picked":["Turbo","Sweeping Beam"],"picked":"Fusion","floor":31},{"not_picked":["Amplify","Rainbow"],"picked":"Biased Cognition","floor":33},{"not_picked":["Doom and Gloom+1","Stack"],"picked":"Steam+1","floor":35},{"not_picked":["Cold Snap+1","Barrage+1"],"picked":"Fusion+1","floor":37},{"not_picked":["Dark Shackles","Swift Strike"],"picked":"Enlightenment","floor":38},{"not_picked":["Steam+1","Turbo+1"],"picked":"Leap+1","floor":39}],"player_experience":330332,"relics_obtained":[],"event_choices":[{"event_name":"Liars Game","player_choice":"disagreed","floor":3,"damage_taken":0},{"event_name":"Golden Wing","player_choice":"Card Removal","floor":12,"damage_taken":0},{"event_name":"Living Wall","player_choice":"Change","floor":13,"damage_taken":0},{"event_name":"Forgotten Altar","player_choice":"Shed Blood","floor":20,"damage_taken":0},{"event_name":"Beggar","player_choice":"Gave Gold","floor":28,"damage_taken":0},{"event_name":"SensoryStone","player_choice":"Memory 1","floor":38,"damage_taken":0}],"is_beta":false,"boss_relics":[{"not_picked":["Fusion Hammer","Orrery","Runic Pyramid"]},{"not_picked":["Calling Bell","Eternal Feather","Cursed Key"]}],"items_purged_floors":[14,36],"is_endless":false,"potions_floor_spawned":[1,2,7,19,21,22,30,33,39],"killed_by":"2 Orb Walkers","ascension_level":0}