{"gold_per_floor":[113,113,113,213,223,250,250,278,304,337,355,355,368,388,388,462,462,480,480],"floor_reached":19,"playtime":913,"items_purged":[],"score":309,"play_id":"a01559c0-f136-4c54-91a8-8b8abf3a54e2","local_time":"20181216223434","is_ascension_mode":true,"campfire_choices":[{"data":"Survivor","floor":7.0,"key":"SMITH"},{"floor":12.0,"key":"REST"},{"data":"Slice","floor":15.0,"key":"SMITH"}],"neow_cost":"NONE","seed_source_timestamp":0,"circlet_count":0,"master_deck":["AscendersBane","Defend_G","Defend_G","Defend_G","Defend_G","Defend_G","Strike_G","Strike_G","Strike_G+1","Strike_G","Survivor+1","Neutralize+1","Quick Slash+1","Sucker Punch+1","Flying Knee","Glass Knife","Well Laid Plans","Slice+1","Poisoned Stab","Deadly Poison","After Image","Backstab"],"special_seed":0,"relics":["Ring of the Serpent","Strawberry","Whetstone","Dream Catcher","Centennial Puzzle"],"potions_floor_usage":[],"damage_taken":[{"damage":0.0,"enemies":"2 Louse","floor":1.0,"turns":4.0},{"damage":0.0,"enemies":"Small Slimes","floor":5.0,"turns":4.0},{"damage":24.0,"enemies":"Gremlin Nob","floor":6.0,"turns":5.0},{"damage":19.0,"enemies":"Lagavulin","floor":8.0,"turns":9.0},{"damage":13.0,"enemies":"3 Sentries","floor":10.0,"turns":9.0},{"damage":0.0,"enemies":"Cultist","floor":11.0,"turns":3.0},{"damage":2.0,"enemies":"Large Slime","floor":13.0,"turns":6.0},{"damage":4.0,"enemies":"Red Slaver","floor":14.0,"turns":3.0},{"damage":10.0,"enemies":"Hexaghost","floor":16.0,"turns":11.0},{"damage":2.0,"enemies":"Shell Parasite","floor":18.0,"turns":6.0}],"seed_played":"-1253068472502355344","potions_obtained":[{"floor":6.0,"key":"GamblersBrew"},{"floor":8.0,"key":"Dexterity Potion"},{"floor":10.0,"key":"Energy Potion"},{"floor":11.0,"key":"Explosive Potion"}],"is_trial":false,"path_per_floor":["M","?","?","?","M","E","R","E","T","E","M","R","M","M","R","B",null,"M","$"],"character_chosen":"THE_SILENT","items_purchased":[],"campfire_rested":1,"item_purchase_floors":[],"current_hp_per_floor":[63,63,56,56,56,39,39,20,20,7,7,30,28,24,24,14,61,59,59],"gold":480,"neow_bonus":"UPGRADE_CARD","is_prod":false,"is_daily":false,"chose_seed":false,"campfire_upgraded":2,"win_rate":0,"timestamp":1545028474,"path_taken":["M","?","?","?","M","E","R","E","T","E","M","R","M","?","R","BOSS","M","$"],"build_version":"2018-12-13","purchased_purges":0,"victory":false,"max_hp_per_floor":[70,70,70,70,70,77,77,77,77,77,77,77,77,77,77,77,77,77,77],"card_choices":[{"not_picked":["Dodge and Roll","Poisoned Stab"],"picked":"Quick Slash","floor":1.0},{"not_picked":["Quick Slash","Reflex"],"picked":"Sucker Punch","floor":5.0},{"not_picked":["Prepared","Catalyst"],"picked":"Flying Knee","floor":6.0},{"not_picked":["Accuracy","Poisoned Stab"],"picked":"Glass Knife","floor":8.0},{"not_picked":["Slice","Deadly Poison"],"picked":"Well Laid Plans","floor":10.0},{"not_picked":["Backflip","Deadly Poison"],"picked":"Slice","floor":11.0},{"not_picked":["Masterful Stab","Blade Dance"],"picked":"Poisoned Stab","floor":12.0},{"not_picked":["Underhanded Strike","Acrobatics"],"picked":"Deadly Poison","floor":13.0},{"not_picked":["Dagger Spray","Underhanded Strike","PiercingWail"],"picked":"SKIP","floor":14.0},{"not_picked":["Night Terror","Venomology"],"picked":"After Image","floor":16.0},{"not_picked":["Accuracy","Deadly Poison"],"picked":"Backstab","floor":18.0}],"player_experience":643883,"relics_obtained":[{"floor":6.0,"key":"Strawberry"},{"floor":8.0,"key":"Whetstone"},{"floor":9.0,"key":"Dream Catcher"},{"floor":10.0,"key":"Centennial Puzzle"}],"event_choices":[{"damage_healed":0.0,"max_hp_gain":0.0,"max_hp_loss":0.0,"gold_gain":0.0,"event_name":"Living Wall","player_choice":"Grow","floor":2.0,"gold_loss":0.0,"damage_taken":0.0,"cards_upgraded":["Quick Slash"]},{"cards_removed":["Strike_G"],"damage_healed":0.0,"max_hp_gain":0.0,"max_hp_loss":0.0,"gold_gain":0.0,"event_name":"Golden Wing","player_choice":"Card Removal","floor":3.0,"gold_loss":0.0,"damage_taken":7.0},{"damage_healed":0.0,"max_hp_gain":0.0,"max_hp_loss":0.0,"gold_gain":100.0,"event_name":"Golden Shrine","player_choice":"Pray","floor":4.0,"gold_loss":0.0,"damage_taken":0.0}],"is_beta":false,"boss_relics":[{"not_picked":["Busted Crown","Ectoplasm"],"picked":"Ring of the Serpent"}],"items_purged_floors":[],"is_endless":false,"potions_floor_spawned":[6,8,10,11,18],"ascension_level":13}