{"gold_per_floor":[212,387,399,163,163,163,196,51,351,426,426,426,238,262,262,386,386,405,97,22,22,22,22,22,22,22,22,43,66,86,107,107,107],"floor_reached":33,"playtime":1570,"items_purged":["Doubt","Injury"],"score":241,"play_id":"04f720a3-fa04-4244-b51f-1f1979fecb14","local_time":"20190307225108","is_ascension_mode":false,"campfire_choices":[{"floor":6,"key":"REST"},{"floor":12,"key":"REST"},{"floor":15,"key":"REST"},{"floor":23,"key":"REST"},{"floor":32,"key":"REST"}],"neow_cost":"NONE","seed_source_timestamp":938035568038126,"circlet_count":0,"master_deck":["Strike_B","Strike_B","Strike_B","Strike_B","Defend_B","Defend_B","Defend_B","Defend_B","Zap","Dualcast","Leap","Ball Lightning","Redo","Cold Snap","Thunder Strike","Tempest","Loop","Undo","Echo Form","Barrage","Conserve Battery","Self Repair","Chill","Lockon","Force Field","Melter"],"relics":["Cracked Core","Bronze Scales","Golden Idol","Letter Opener","Old Coin","Dodecahedron","Nuclear Battery","Orichalcum","Enchiridion","MutagenicStrength","Kunai"],"potions_floor_usage":[16,30,31,31,33],"damage_taken":[{"damage":5,"enemies":"Small Slimes","floor":1,"turns":4},{"damage":6,"enemies":"2 Louse","floor":3,"turns":3},{"damage":44,"enemies":"Lagavulin","floor":7,"turns":6},{"damage":8,"enemies":"Jaw Worm","floor":14,"turns":3},{"damage":18,"enemies":"Slime Boss","floor":16,"turns":8},{"damage":10,"enemies":"Shell Parasite","floor":18,"turns":6},{"damage":0,"enemies":"3 Byrds","floor":28,"turns":2},{"damage":6,"enemies":"Cultist and Chosen","floor":29,"turns":5},{"damage":28,"enemies":"Sentry and Sphere","floor":30,"turns":6},{"damage":15,"enemies":"Shelled Parasite and Fungi","floor":31,"turns":9},{"damage":78,"enemies":"Automaton","floor":33,"turns":10}],"seed_played":"5781553004161524987","potions_obtained":[{"floor":3,"key":"SpeedPotion"},{"floor":7,"key":"Fire Potion"},{"floor":18,"key":"SpeedPotion"},{"floor":29,"key":"SpeedPotion"},{"floor":31,"key":"SkillPotion"}],"is_trial":false,"path_per_floor":["M","?","M","$","?","R","E","$","T","?","T","R","$","M","R","B",null,"M","$","?","?","$","R","?","?","T","?","M","M","M","M","R","B"],"character_chosen":"DEFECT","items_purchased":["Bronze Scales","Redo","Hello World","Thunder Strike","Tempest","Loop","Conserve Battery","Orichalcum"],"campfire_rested":5,"item_purchase_floors":[4,4,4,8,13,13,19,19],"current_hp_per_floor":[70,70,64,64,64,75,31,31,31,20,20,42,42,34,56,38,75,65,65,65,49,49,71,71,71,71,71,71,72,51,43,65,0],"gold":107,"neow_bonus":"HUNDRED_GOLD","is_prod":false,"is_daily":false,"chose_seed":false,"campfire_upgraded":0,"win_rate":0,"timestamp":1552009868,"path_taken":["M","?","M","$","?","R","E","?","T","?","?","R","$","M","R","BOSS","M","$","?","?","$","R","?","?","T","?","M","M","M","M","R","BOSS"],"build_version":"2019-01-23","purchased_purges":2,"victory":false,"max_hp_per_floor":[75,75,75,75,75,75,75,75,75,75,75,75,75,75,75,75,75,75,75,75,75,75,75,75,75,75,75,75,75,75,75,75,75],"card_choices":[{"not_picked":["Rip and Tear","Compile Driver"],"picked":"Leap","floor":1},{"not_picked":["Sweeping Beam","Force Field"],"picked":"Ball Lightning","floor":3},{"not_picked":["Stack","Lockon"],"picked":"Cold Snap","floor":7},{"not_picked":["Go for the Eyes","Redo"],"picked":"Undo","floor":14},{"not_picked":["Machine Learning","Seek"],"picked":"Echo Form","floor":16},{"not_picked":["Hello World","Beam Cell"],"picked":"Barrage","floor":18},{"not_picked":["Hello World","Streamline"],"picked":"Chill","floor":28},{"not_picked":["Loop","Hologram"],"picked":"Lockon","floor":29},{"not_picked":["Beam Cell","Rebound"],"picked":"Force Field","floor":30},{"not_picked":["Compile Driver","Sweeping Beam"],"picked":"Melter","floor":31}],"player_experience":33049,"relics_obtained":[{"floor":7,"key":"Letter Opener"},{"floor":9,"key":"Old Coin"},{"floor":11,"key":"Dodecahedron"},{"floor":21,"key":"Enchiridion"},{"floor":26,"key":"Kunai"}],"event_choices":[{"damage_healed":0,"gold_gain":175,"player_choice":"AGREE","damage_taken":0,"max_hp_gain":0,"max_hp_loss":0,"event_name":"Liars Game","floor":2,"gold_loss":0,"cards_obtained":["Doubt"]},{"damage_healed":0,"gold_gain":0,"player_choice":"Take Wound","damage_taken":0,"relics_obtained":["Golden Idol"],"max_hp_gain":0,"max_hp_loss":0,"event_name":"Golden Idol","floor":5,"gold_loss":0,"cards_obtained":["Injury"]},{"damage_healed":0,"gold_gain":75,"player_choice":"Gather Gold","damage_taken":11,"max_hp_gain":0,"max_hp_loss":0,"event_name":"World of Goop","floor":10,"gold_loss":0},{"cards_removed":["Hello World"],"damage_healed":0,"gold_gain":0,"player_choice":"Gave Gold","damage_taken":0,"max_hp_gain":0,"max_hp_loss":0,"event_name":"Beggar","floor":20,"gold_loss":75},{"damage_healed":0,"gold_gain":0,"player_choice":"Obtained Book","damage_taken":16,"max_hp_gain":0,"max_hp_loss":0,"event_name":"Cursed Tome","floor":21,"gold_loss":0},{"damage_healed":0,"gold_gain":0,"player_choice":"Inject Mutagens","damage_taken":0,"relics_obtained":["MutagenicStrength"],"max_hp_gain":0,"max_hp_loss":0,"event_name":"Drug Dealer","floor":24,"gold_loss":0},{"damage_healed":0,"gold_gain":0,"player_choice":"Read","damage_taken":0,"max_hp_gain":0,"max_hp_loss":0,"event_name":"The Library","floor":25,"gold_loss":0,"cards_obtained":["Self Repair"]},{"cards_removed":["Strike_B"],"damage_healed":0,"gold_gain":0,"player_choice":"Took Card","damage_taken":0,"max_hp_gain":0,"max_hp_loss":0,"event_name":"NoteForYourself","floor":27,"gold_loss":0,"cards_obtained":["Strike_B"]}],"is_beta":false,"boss_relics":[{"not_picked":["Busted Crown","Runic Pyramid"],"picked":"Nuclear Battery"}],"items_purged_floors":[13,19],"is_endless":false,"potions_floor_spawned":[3,7,18,29,31],"killed_by":"Automaton","ascension_level":0}