{"gold_per_floor":[114,114,131,131,146,146,174,174,198,198,215,235,262,27,27,129,129,145,145,163,181,80,109,109,109,109,109,109,143,161,176,176,271,271,283,303,321,333,5,25,72,72,72,403,419,419,419,433,433,433],"floor_reached":51,"playtime":2504,"items_purged":["Strike_R","Bash"],"score":804,"play_id":"001ff114-c082-42e2-99b2-cb949a868c4a","local_time":"20180701141758","is_ascension_mode":false,"campfire_choices":[{"data":"Whirlwind","floor":6,"key":"SMITH"},{"data":"Limit Break","floor":8,"key":"SMITH"},{"data":"Heavy Blade","floor":10,"key":"SMITH"},{"data":"Rupture","floor":15,"key":"SMITH"},{"data":"Spot Weakness","floor":24,"key":"SMITH"},{"data":"Flex","floor":27,"key":"SMITH"},{"data":"Double Tap","floor":32,"key":"SMITH"},{"data":"Brutality","floor":46,"key":"SMITH"},{"floor":49,"key":"REST"}],"neow_cost":"FIFTY_PERCENT_DAMAGE","seed_source_timestamp":421872963737008,"circlet_count":0,"master_deck":["Defend_R","Defend_R","Defend_R","Defend_R","Whirlwind+1","Iron Wave","Heavy Blade+1","Limit Break+1","Blood for Blood+1","Rupture+1","Infernal Blade","Combust","Berserk","Armaments+1","Whirlwind+1","Shockwave+1","Flex+1","Spot Weakness+1","Writhe","Bite","Bite","Bite","Bite","Bite","Flex","Double Tap+1","Brutality+1","Uppercut+1","Inflame+1","Intimidate"],"relics":["Burning Blood","Thread and Needle","Strawberry","The Courier","Ancient Tea Set","Dodecahedron","Sozu","Bag of Preparation","Orichalcum","Whetstone","Pen Nib","Black Star","Unceasing Top","Mango","Dream Catcher","Old Coin","Magic Flower"],"potions_floor_usage":[50,50,50],"damage_taken":[{"damage":0,"enemies":"Small Slimes","floor":1,"turns":4},{"damage":0,"enemies":"Cultist","floor":3,"turns":3},{"damage":0,"enemies":"2 Louse","floor":5,"turns":1},{"damage":12,"enemies":"Gremlin Nob","floor":7,"turns":5},{"damage":0,"enemies":"Exordium Wildlife","floor":11,"turns":2},{"damage":0,"enemies":"Lots of Slimes","floor":12,"turns":1},{"damage":10,"enemies":"3 Sentries","floor":13,"turns":4},{"damage":8,"enemies":"Slime Boss","floor":16,"turns":6},{"damage":0,"enemies":"3 Byrds","floor":18,"turns":3},{"damage":1,"enemies":"Spheric Guardian","floor":20,"turns":4},{"damage":11,"enemies":"Centurion and Healer","floor":21,"turns":4},{"damage":37,"enemies":"Slavers","floor":23,"turns":4},{"damage":17,"enemies":"Gremlin Leader","floor":29,"turns":3},{"damage":0,"enemies":"Snecko","floor":30,"turns":3},{"damage":12,"enemies":"Snake Plant","floor":31,"turns":5},{"damage":59,"enemies":"Automaton","floor":33,"turns":7},{"damage":11,"enemies":"Orb Walker","floor":35,"turns":3},{"damage":27,"enemies":"3 Shapes","floor":36,"turns":6},{"damage":7,"enemies":"Maw","floor":37,"turns":4},{"damage":13,"enemies":"3 Darklings","floor":38,"turns":4},{"damage":9,"enemies":"Sphere and 2 Shapes","floor":40,"turns":1},{"damage":24,"floor":41,"turns":6},{"damage":34,"enemies":"Nemesis","floor":44,"turns":5},{"damage":2,"enemies":"4 Shapes","floor":45,"turns":4},{"damage":26,"enemies":"Maw","floor":48,"turns":6},{"damage":101,"enemies":"Time Eater","floor":50,"turns":9}],"seed_played":"5223745167245769287","potions_obtained":[{"floor":1,"key":"Swift Potion"},{"floor":5,"key":"PowerPotion"},{"floor":7,"key":"LiquidBronze"}],"is_trial":false,"path_per_floor":["M","?","M","?","M","R","E","R","T","R","M","M","E","$","R","B",null,"M","?","M","M","$","E","R","?","T","R","?","E","M","M","R","B",null,"M","M","M","M","$","M","?","$","T","E","M","R","?","M","R","B"],"character_chosen":"IRONCLAD","items_purchased":["Combust","Dodecahedron","Flex","Unceasing Top"],"campfire_rested":1,"item_purchase_floors":[14,14,22,39],"current_hp_per_floor":[46,46,52,59,65,65,59,59,59,59,67,75,73,73,73,73,87,87,87,87,82,82,53,53,53,53,53,53,52,62,69,69,33,87,82,70,76,73,73,70,76,76,76,55,68,68,58,56,86,18],"gold":433,"neow_bonus":"ONE_RARE_RELIC","is_prod":false,"is_daily":false,"chose_seed":false,"campfire_upgraded":8,"win_rate":0.0,"timestamp":1530476278,"path_taken":["M","?","M","?","M","R","E","R","T","R","M","M","E","$","R","BOSS","M","?","M","M","$","E","R","?","T","R","?","E","M","M","R","BOSS","M","M","M","M","$","M","?","?","T","E","M","R","?","M","R","BOSS"],"build_version":"2018-06-28","purchased_purges":2,"victory":true,"max_hp_per_floor":[80,80,80,87,87,87,87,87,87,87,87,87,87,87,87,87,87,87,87,87,87,87,87,87,87,87,87,87,87,87,87,87,87,87,87,87,87,87,87,87,101,101,101,101,101,101,101,101,101,101],"card_choices":[{"not_picked":["Body Slam","Burning Pact"],"picked":"Whirlwind","floor":1},{"not_picked":["Corruption","Headbutt"],"picked":"Iron Wave","floor":3},{"not_picked":["Headbutt","Reckless Charge"],"picked":"Heavy Blade","floor":5},{"not_picked":["Disarm","Flex"],"picked":"Limit Break","floor":7},{"not_picked":["Sever Soul","Reckless Charge"],"picked":"Blood for Blood","floor":11},{"not_picked":["Power Through","Wild Strike"],"picked":"Rupture","floor":12},{"not_picked":["Clothesline","Anger"],"picked":"Infernal Blade","floor":13},{"not_picked":["Fiend Fire","Juggernaut"],"picked":"Berserk","floor":16},{"not_picked":["Body Slam+1","Infernal Blade"],"picked":"Armaments+1","floor":18},{"not_picked":["Clothesline","Wild Strike"],"picked":"Shockwave+1","floor":20},{"not_picked":["Iron Wave+1","Clash","Heavy Blade"],"picked":"SKIP","floor":21},{"not_picked":["Perfected Strike+1","Clash"],"picked":"Spot Weakness","floor":23},{"not_picked":["Warcry","Pommel Strike"],"picked":"Flex","floor":29},{"not_picked":["Clash","Flex","Dual Wield"],"picked":"SKIP","floor":30},{"not_picked":["Clothesline","Warcry"],"picked":"Double Tap","floor":31},{"not_picked":["Limit Break","Dark Embrace"],"picked":"Brutality","floor":33},{"not_picked":["Wild Strike","Warcry","Entrench+1"],"picked":"SKIP","floor":35},{"not_picked":["Sword Boomerang","Warcry+1"],"picked":"Uppercut+1","floor":36},{"not_picked":["Perfected Strike","Combust","Warcry+1"],"picked":"SKIP","floor":37},{"not_picked":["Twin Strike+1","Body Slam+1","Whirlwind"],"picked":"SKIP","floor":38},{"not_picked":["Shrug It Off+1","Heavy Blade","Dropkick+1"],"picked":"SKIP","floor":40},{"not_picked":["Corruption","Clash","Warcry"],"picked":"SKIP","floor":44},{"not_picked":["Clash","Flex+1","True Grit+1"],"picked":"SKIP","floor":45},{"not_picked":["Sword Boomerang+1","Warcry"],"picked":"Inflame+1","floor":48},{"not_picked":["Evolve+1","Combust"],"picked":"Intimidate","floor":49}],"player_experience":85472,"relics_obtained":[{"floor":7,"key":"The Courier"},{"floor":9,"key":"Blood Vial"},{"floor":13,"key":"Ancient Tea Set"},{"floor":23,"key":"Bag of Preparation"},{"floor":26,"key":"Whetstone"},{"floor":29,"key":"Pen Nib"},{"floor":41,"key":"Mango"},{"floor":43,"key":"Dream Catcher"},{"floor":44,"key":"Old Coin"},{"floor":44,"key":"Magic Flower"}],"event_choices":[{"event_name":"Purifier","player_choice":"One Purge","floor":2,"damage_taken":0},{"event_name":"Wheel of Change","player_choice":"Relic","floor":4,"damage_taken":0},{"event_name":"Duplicator","player_choice":"One dupe","floor":19,"damage_taken":0},{"event_name":"The Mausoleum","player_choice":"Yes","floor":25,"damage_taken":0},{"event_name":"Vampires","player_choice":"Became a vampire (Vial)","floor":28,"damage_taken":0},{"event_name":"Mysterious Sphere","player_choice":"Fight","floor":41,"damage_taken":0},{"event_name":"Wheel of Change","player_choice":"Damage","floor":47,"damage_taken":0}],"boss_relics":[{"not_picked":["Pandora\u0027s Box","Snecko Eye"],"picked":"Sozu"},{"not_picked":["Calling Bell","Black Blood"],"picked":"Black Star"}],"items_purged_floors":[22,39],"is_endless":false,"potions_floor_spawned":[1,5,7,13,18,21,31,33,35,38,40],"ascension_level":0}