{"gold_per_floor":[113,113,133,152,165,165,209,230,257,282,305,263,4,27,27,27],"floor_reached":16,"playtime":630,"items_purged":[],"score":148,"play_id":"418c7dfa-1ee9-4a15-8f9c-ed96ec2d1f8b","local_time":"20181106015305","is_ascension_mode":true,"campfire_choices":[{"data":"Sword Boomerang","floor":6.0,"key":"SMITH"},{"data":"Wild Strike","floor":15.0,"key":"SMITH"}],"neow_cost":"NONE","seed_source_timestamp":2864511711606252,"circlet_count":0,"master_deck":["Strike_R+1","Strike_R","Strike_R","Strike_R","Strike_R","Defend_R","Defend_R","Defend_R","Defend_R","Bash","Blind","Havoc","Clothesline+1","Sword Boomerang+1","Wild Strike+1","Offering","Pommel Strike"],"special_seed":0,"relics":["Burning Blood","Golden Idol","Peace Pipe","Whetstone","Paper Frog"],"potions_floor_usage":[],"damage_taken":[{"damage":0.0,"enemies":"2 Louse","floor":1.0,"turns":4.0},{"damage":2.0,"enemies":"Small Slimes","floor":3.0,"turns":4.0},{"damage":7.0,"enemies":"Jaw Worm","floor":4.0,"turns":5.0},{"damage":6.0,"enemies":"Looter","floor":5.0,"turns":4.0},{"damage":44.0,"enemies":"3 Sentries","floor":7.0,"turns":9.0},{"damage":2.0,"enemies":"2 Fungi Beasts","floor":8.0,"turns":4.0},{"damage":1.0,"enemies":"Exordium Thugs","floor":10.0,"turns":3.0},{"damage":8.0,"enemies":"3 Louse","floor":11.0,"turns":3.0},{"damage":0.0,"enemies":"Large Slime","floor":14.0,"turns":4.0},{"damage":36,"enemies":"Slime Boss","floor":16,"turns":9}],"seed_played":"-6329877415003223243","potions_obtained":[{"floor":4.0,"key":"Explosive Potion"},{"floor":7.0,"key":"SkillPotion"},{"floor":8.0,"key":"SteroidPotion"},{"floor":14.0,"key":"Dexterity Potion"}],"is_trial":false,"path_per_floor":["M","?","M","M","M","R","E","M","T","M","M","?","$","M","R","B"],"character_chosen":"IRONCLAD","items_purchased":["Paper Frog"],"campfire_rested":0,"item_purchase_floors":[13],"current_hp_per_floor":[78,58,62,61,61,61,23,27,27,32,30,30,30,36,36,0],"gold":27,"neow_bonus":"RANDOM_COLORLESS","is_prod":false,"is_daily":false,"chose_seed":false,"campfire_upgraded":2,"win_rate":0,"timestamp":1541494385,"path_taken":["M","?","M","M","M","R","E","M","T","M","M","?","$","M","R","BOSS"],"build_version":"2018-11-01","purchased_purges":0,"victory":false,"max_hp_per_floor":[80,80,80,80,80,80,80,80,80,80,80,80,80,80,80,80],"card_choices":[{"not_picked":["Seeing Red","Iron Wave"],"picked":"Havoc","floor":1.0},{"not_picked":["Bloodletting","Feel No Pain"],"picked":"Clothesline","floor":3.0},{"not_picked":["Body Slam","Bloodletting"],"picked":"Sword Boomerang","floor":4.0},{"not_picked":["Second Wind","Anger","Wild Strike"],"picked":"SKIP","floor":5.0},{"not_picked":["Body Slam","Cleave"],"picked":"Wild Strike","floor":7.0},{"not_picked":["Havoc","Sentinel"],"picked":"Offering","floor":8.0},{"not_picked":["Heavy Blade","Perfected Strike"],"picked":"Pommel Strike","floor":10.0},{"not_picked":["Iron Wave","Sword Boomerang","Clothesline"],"picked":"SKIP","floor":11.0},{"not_picked":["Clothesline","Perfected Strike","Brutality"],"picked":"SKIP","floor":14.0}],"player_experience":544390,"relics_obtained":[{"floor":7.0,"key":"Peace Pipe"},{"floor":9.0,"key":"Whetstone"}],"event_choices":[{"damage_healed":0.0,"max_hp_gain":0.0,"max_hp_loss":0.0,"gold_gain":0.0,"event_name":"Golden Idol","player_choice":"Take Damage","floor":2.0,"gold_loss":0.0,"damage_taken":20.0,"relics_obtained":["Golden Idol"]},{"damage_healed":0.0,"max_hp_gain":0.0,"max_hp_loss":0.0,"gold_gain":0.0,"event_name":"World of Goop","player_choice":"Left Gold","floor":12.0,"gold_loss":42.0,"damage_taken":0.0}],"is_beta":false,"boss_relics":[],"items_purged_floors":[],"is_endless":false,"potions_floor_spawned":[4,7,8,14],"killed_by":"Slime Boss","ascension_level":8}