{"gold_per_floor":[118,77,88,20,20,20,20,20,20,20,52,75,75,106,106,210,210,229,240,240],"floor_reached":20,"playtime":598,"items_purged":[],"score":264,"play_id":"8aa95d08-ac49-490f-bf76-f21049a1e812","local_time":"20181107130055","is_ascension_mode":true,"campfire_choices":[{"data":"Bouncing Flask","floor":6.0,"key":"SMITH"},{"data":"Dagger Spray","floor":8.0,"key":"SMITH"},{"data":"Envenom","floor":13.0,"key":"SMITH"},{"floor":15.0,"key":"REST"}],"neow_cost":"NONE","seed_source_timestamp":2991010667185153,"circlet_count":0,"master_deck":["Defend_G","Defend_G","Defend_G","Defend_G","Defend_G","Strike_G","Strike_G","Strike_G","Strike_G","Strike_G","Survivor","Neutralize","Bouncing Flask+1","Infinite Blades+1","Dagger Spray+1","Well Laid Plans","Envenom+1","Blade Dance","Bane","Accuracy+1","Envenom+1","Noxious Fumes+1","Blade Dance"],"special_seed":0,"relics":["Ring of the Snake","NeowsBlessing","Dream Catcher","Regal Pillow","Odd Mushroom","Frozen Egg 2","WristBlade"],"potions_floor_usage":[19],"damage_taken":[{"damage":0.0,"enemies":"Cultist","floor":1.0,"turns":1.0},{"damage":0.0,"enemies":"Jaw Worm","floor":3.0,"turns":1.0},{"damage":0.0,"enemies":"3 Sentries","floor":11.0,"turns":1.0},{"damage":21.0,"enemies":"The Mushroom Lair","floor":12.0,"turns":4.0},{"damage":37.0,"enemies":"Gremlin Nob","floor":14.0,"turns":5.0},{"damage":29.0,"enemies":"Hexaghost","floor":16.0,"turns":6.0},{"damage":39.0,"enemies":"2 Thieves","floor":18.0,"turns":3.0},{"damage":7,"enemies":"3 Byrds","floor":19,"turns":4},{"damage":16,"enemies":"Sentry and Sphere","floor":20,"turns":2}],"seed_played":"-697127850992585598","potions_obtained":[{"floor":3.0,"key":"Strength Potion"},{"floor":14.0,"key":"Ancient Potion"},{"floor":18.0,"key":"Swift Potion"}],"is_trial":false,"path_per_floor":["M","$","M","$","?","R","?","R","T","$","E","?","R","E","R","B",null,"M","M","M"],"character_chosen":"THE_SILENT","items_purchased":["Infinite Blades","Well Laid Plans"],"campfire_rested":1,"item_purchase_floors":[2,4],"current_hp_per_floor":[63,63,63,63,63,63,68,68,68,68,68,47,47,10,47,18,61,22,15,0],"gold":240,"neow_bonus":"THREE_ENEMY_KILL","is_prod":false,"is_daily":false,"chose_seed":false,"campfire_upgraded":3,"win_rate":0,"timestamp":1541620855,"path_taken":["M","$","?","$","?","R","?","R","T","?","E","?","R","E","R","BOSS","M","M","M"],"build_version":"2018-11-01","purchased_purges":0,"victory":false,"max_hp_per_floor":[70,70,70,70,70,70,75,75,75,75,75,75,75,75,75,75,75,75,75,75],"card_choices":[{"not_picked":["Dagger Throw","Quick Slash"],"picked":"Bouncing Flask","floor":1.0},{"not_picked":["Cloak And Dagger","Underhanded Strike"],"picked":"Dagger Spray","floor":3.0},{"not_picked":["PiercingWail","Cloak And Dagger"],"picked":"Envenom","floor":11.0},{"not_picked":["Slice","Setup"],"picked":"Blade Dance","floor":12.0},{"not_picked":["Choke","Prepared"],"picked":"Bane","floor":14.0},{"not_picked":["Caltrops+1","Phantasmal Killer"],"picked":"Accuracy+1","floor":15.0},{"not_picked":["Tools of the Trade+1","Storm of Steel"],"picked":"Envenom+1","floor":16.0},{"not_picked":["Acrobatics","Outmaneuver"],"picked":"Noxious Fumes+1","floor":18.0},{"not_picked":["Setup","Endless Agony"],"picked":"Blade Dance","floor":19}],"player_experience":557189,"relics_obtained":[{"floor":9.0,"key":"Dream Catcher"},{"floor":11.0,"key":"Regal Pillow"},{"floor":12.0,"key":"Odd Mushroom"},{"floor":14.0,"key":"Frozen Egg 2"}],"event_choices":[{"damage_healed":0.0,"max_hp_gain":0.0,"max_hp_loss":0.0,"gold_gain":0.0,"event_name":"Living Wall","player_choice":"Grow","floor":5.0,"gold_loss":0.0,"damage_taken":0.0,"cards_upgraded":["Infinite Blades"]},{"damage_healed":0.0,"max_hp_gain":5.0,"max_hp_loss":0.0,"gold_gain":0.0,"event_name":"Big Fish","player_choice":"Donut","floor":7.0,"gold_loss":0.0,"damage_taken":0.0},{"damage_healed":0.0,"max_hp_gain":0.0,"max_hp_loss":0.0,"gold_gain":0.0,"event_name":"Mushrooms","player_choice":"Fought Mushrooms","floor":12.0,"gold_loss":0.0,"damage_taken":0.0}],"is_beta":false,"boss_relics":[{"not_picked":["Coffee Dripper","Tiny House"],"picked":"WristBlade"}],"items_purged_floors":[],"is_endless":false,"potions_floor_spawned":[3,14,18],"killed_by":"Sentry and Sphere","ascension_level":6}