{"path_per_floor":["M","?","M","M","M","R","$","M","T","$","M","M","R","T","R","B",null,"M","?","M","$","M","R","?","R","T","R","M","M","T","?","R","B",null,"M","$","?","$","M","R"],"character_chosen":"DEFECT","items_purchased":["Regen Potion","Strawberry","Capacitor","Self Repair","DataDisk"],"gold_per_floor":[111,111,121,134,149,149,74,90,116,116,135,151,151,224,224,321,321,310,310,324,43,61,61,61,61,61,61,77,92,168,168,168,272,272,289,253,253,0,18,18,18],"floor_reached":41,"campfire_rested":2,"playtime":1689,"current_hp_per_floor":[68,68,67,67,46,46,46,43,43,43,41,38,38,38,38,29,64,52,42,26,33,39,39,39,65,65,65,48,48,58,64,95,12,81,67,67,99,99,94,94,0],"items_purged":["Strike_B","Decay"],"gold":18,"score":548,"play_id":"770e674c-afd7-4cf1-98a9-2f4bf8139b55","local_time":"20180512174951","is_prod":false,"is_daily":false,"chose_seed":false,"is_ascension_mode":true,"campfire_upgraded":6,"timestamp":1526165391,"path_taken":["M","?","M","M","M","R","$","M","T","?","M","M","R","?","R","BOSS","M","?","?","$","M","R","?","R","T","R","M","M","?","?","R","BOSS","M","$","?","?","M","R","E"],"build_version":"2018-05-12","seed_source_timestamp":324725478338827,"purchased_purges":2,"victory":false,"master_deck":["Strike_B","Strike_B","Strike_B","Defend_B","Defend_B","Defend_B","Defend_B","Zap","Dualcast","Genetic Algorithm+1","Loop+1","Capacitor+1","Ball Lightning","Reboot","Barrage+1","Chill","Multi-Cast","Necronomicurse","FTL","Capacitor+1","Consume+1","Capacitor+1","Nova","Doom and Gloom+1","Self Repair","Writhe"],"max_hp_per_floor":[75,75,75,75,75,75,75,75,75,75,75,75,75,75,75,75,75,75,81,81,88,88,88,88,88,88,88,88,88,98,104,104,104,104,104,104,110,110,110,110,110],"relics":["Cracked Core","Anchor","Oddly Smooth Stone","Darkstone Periapt","White Beast Statue","Necronomicon","Strawberry","Lantern","Pear","Cursed Key","DataDisk"],"card_choices":[{"not_picked":["FTL","Reprogram"],"picked":"Genetic Algorithm","floor":1.0},{"not_picked":["Beam Cell","Go for the Eyes"],"picked":"Loop","floor":3.0},{"not_picked":["Steam","Beam Cell"],"picked":"Capacitor","floor":4.0},{"not_picked":["Steam Power","Streamline"],"picked":"Ball Lightning","floor":5.0},{"not_picked":["Rebound","Force Field"],"picked":"Reboot","floor":8.0},{"not_picked":["Steam","Streamline"],"picked":"Barrage","floor":11.0},{"not_picked":["Barrage","Skim"],"picked":"Chill","floor":12.0},{"not_picked":["Fusion","Fission"],"picked":"Multi-Cast","floor":16.0},{"not_picked":["Axe Kick","Force Field+1","Hologram"],"picked":"SKIP","floor":18.0},{"not_picked":["Ball Lightning","Chill"],"picked":"FTL","floor":20},{"not_picked":["Barrage","Cold Snap"],"picked":"Consume","floor":22},{"not_picked":["Beam Cell","Coolheaded"],"picked":"Capacitor","floor":28},{"not_picked":["Rebound","Stack+1","Sweeping Beam"],"picked":"SKIP","floor":29},{"not_picked":["Hyperbeam","Amplify"],"picked":"Nova","floor":33},{"not_picked":["Go for the Eyes","Force Field+1"],"picked":"Doom and Gloom+1","floor":35},{"not_picked":["Beam Cell","Axe Kick","Sunder"],"picked":"SKIP","floor":39}],"player_experience":110291,"potions_floor_usage":[20,22,22,29,33,33,35,35],"damage_taken":[{"damage":0.0,"enemies":"2 Louse","floor":1.0,"turns":2.0},{"damage":1.0,"enemies":"Cultist","floor":3.0,"turns":3.0},{"damage":0.0,"enemies":"Jaw Worm","floor":4.0,"turns":3.0},{"damage":21.0,"enemies":"Exordium Thugs","floor":5.0,"turns":5.0},{"damage":3.0,"enemies":"Blue Slaver","floor":8.0,"turns":3.0},{"damage":2.0,"enemies":"Large Slime","floor":11.0,"turns":5.0},{"damage":3.0,"enemies":"Red Slaver","floor":12.0,"turns":3.0},{"damage":9.0,"enemies":"The Guardian","floor":16.0,"turns":10.0},{"damage":12.0,"enemies":"2 Thieves","floor":18.0,"turns":4.0},{"damage":16,"enemies":"Chosen","floor":20,"turns":5},{"damage":9,"enemies":"Centurion and Healer","floor":22,"turns":6},{"damage":17,"enemies":"3 Cultists","floor":28,"turns":6},{"damage":0,"enemies":"Chosen and Byrds","floor":29,"turns":7},{"damage":83,"enemies":"Automaton","floor":33,"turns":9},{"damage":14,"enemies":"3 Darklings","floor":35,"turns":6},{"damage":12,"enemies":"3 Shapes","floor":39,"turns":5},{"damage":119,"enemies":"Giant Head","floor":41,"turns":8}],"event_choices":[{"event_name":"Upgrade Shrine","player_choice":"Upgraded","floor":2.0,"damage_taken":0.0},{"event_name":"Cursed Tome","player_choice":"Obtained Book","floor":19,"damage_taken":0},{"event_name":"Drug Dealer","player_choice":"Ignored","floor":24,"damage_taken":0},{"event_name":"Forgotten Altar","player_choice":"Smashed Altar","floor":31,"damage_taken":0},{"event_name":"Winding Halls","player_choice":"Writhe","floor":37,"damage_taken":0}],"boss_relics":[{"not_picked":["Runic Dome","Black Star"],"picked":"Cursed Key"}],"potions_floor_spawned":[1,4,5,12,18,20,22,28,29,33,35,39],"seed_played":"-6343784438420172707","killed_by":"Giant Head","ascension_level":6,"is_trial":false}