{"gold_per_floor":[119,133,133,14,33,65,76,76,76,92,103,32,32,32,44,155,167,194,3,13,32,32,60,60,78,78,78,89,102,120,120,120,220,220,240,286,286,298,298],"floor_reached":39,"playtime":2174,"items_purged":[],"score":571,"play_id":"cfc79213-ba1b-42d0-893b-158a245b91d3","local_time":"20180830020321","is_ascension_mode":true,"campfire_choices":[{"data":"Bouncing Flask","floor":8.0,"key":"SMITH"},{"data":"Catalyst","floor":13.0,"key":"SMITH"},{"data":"Dash","floor":15.0,"key":"SMITH"},{"data":"Noxious Fumes","floor":24,"key":"SMITH"},{"floor":27,"key":"REST"},{"floor":32,"key":"REST"}],"neow_cost":"","seed_source_timestamp":916844319777316,"circlet_count":0,"master_deck":["Defend_G+1","Defend_G+1","Defend_G+1","Defend_G+1","Defend_G+1","Strike_G+1","Strike_G+1","Strike_G+1","Strike_G+1","Survivor","Neutralize","Flying Knee","Dash+1","Well Laid Plans","Cloak And Dagger","Dagger Spray","Bouncing Flask+1","Dagger Throw","Catalyst+1","Calculated Gamble","Footwork","Adrenaline","Poisoned Stab","Setup","Sucker Punch","Noxious Fumes+1","Noxious Fumes","Acrobatics","Adrenaline","Sucker Punch","After Image","Tactician+1","Leg Sweep+1","Distraction","Underhanded Strike+1"],"special_seed":0,"relics":["Ring of the Snake","Regal Pillow","Ice Cream","Ornamental Fan","MawBank","Velvet Choker","TheAbacus","Potion Belt","Dead Branch","White Beast Statue","Tingsha"],"potions_floor_usage":[23,23,23,36,36,36,39,39],"damage_taken":[{"damage":6.0,"enemies":"2 Louse","floor":1.0,"turns":4.0},{"damage":3.0,"enemies":"Small Slimes","floor":2.0,"turns":4.0},{"damage":0.0,"enemies":"Jaw Worm","floor":5.0,"turns":6.0},{"damage":0.0,"enemies":"3 Sentries","floor":6.0,"turns":6.0},{"damage":1.0,"enemies":"Gremlin Gang","floor":7.0,"turns":5.0},{"damage":3.0,"enemies":"3 Louse","floor":10.0,"turns":4.0},{"damage":0.0,"enemies":"2 Fungi Beasts","floor":11.0,"turns":2.0},{"damage":10,"enemies":"Hexaghost","floor":16,"turns":7},{"damage":0,"enemies":"3 Byrds","floor":18,"turns":5},{"damage":4,"enemies":"Spheric Guardian","floor":20,"turns":3},{"damage":19,"enemies":"Snecko","floor":21,"turns":6},{"damage":33,"enemies":"Gremlin Leader","floor":23,"turns":7},{"damage":20,"enemies":"Sentry and Sphere","floor":25,"turns":6},{"damage":12,"enemies":"Snake Plant","floor":28,"turns":4},{"damage":13,"enemies":"Centurion and Healer","floor":29,"turns":7},{"damage":11,"enemies":"Chosen and Byrds","floor":30,"turns":5},{"damage":1,"enemies":"Champ","floor":33,"turns":7},{"damage":35,"enemies":"3 Darklings","floor":35,"turns":8},{"damage":22,"enemies":"Mysterious Sphere","floor":36,"turns":5},{"damage":0,"enemies":"Flame Bruiser 1 Orb","floor":38,"turns":5},{"damage":40,"enemies":"Transient","floor":39,"turns":5}],"seed_played":"-8004573793910735245","potions_obtained":[{"floor":5.0,"key":"SkillPotion"},{"floor":10.0,"key":"Block Potion"},{"floor":11.0,"key":"Explosive Potion"},{"floor":16,"key":"Block Potion"},{"floor":20,"key":"LiquidBronze"},{"floor":21,"key":"PowerPotion"},{"floor":28,"key":"FearPotion"},{"floor":30,"key":"Regen Potion"},{"floor":35,"key":"GamblersBrew"},{"floor":36,"key":"Weak Potion"},{"floor":38,"key":"Dexterity Potion"}],"is_trial":false,"path_per_floor":["M","M","?","$","M","E","M","R","T","M","M","$","R","?","R","B",null,"M","$","M","M","?","E","R","M","T","R","M","M","M","?","R","B",null,"M","?","?","M"],"character_chosen":"THE_SILENT","items_purchased":["Well Laid Plans","Cloak And Dagger","Footwork","TheAbacus"],"campfire_rested":2,"item_purchase_floors":[4,4,12,19],"current_hp_per_floor":[64,61,58,58,58,58,57,57,57,54,54,54,54,54,54,44,70,70,70,66,47,70,37,37,17,17,53,41,28,17,17,53,52,70,35,28,28,28,0],"gold":298,"neow_bonus":"","is_prod":false,"is_daily":false,"chose_seed":false,"campfire_upgraded":4,"win_rate":0,"timestamp":1535616201,"path_taken":["M","M","?","$","M","E","M","R","T","M","M","$","R","?","R","BOSS","M","$","M","M","?","E","R","M","T","R","M","?","M","?","R","BOSS","M","?","?","?","?"],"build_version":"2018-08-23v2","purchased_purges":0,"victory":false,"max_hp_per_floor":[70,70,70,70,70,70,70,70,70,70,70,70,70,70,70,70,70,70,70,70,70,70,70,70,70,70,70,70,70,70,70,70,70,70,70,70,70,70,70],"card_choices":[{"not_picked":["PiercingWail","Eviscerate"],"picked":"Flying Knee","floor":1.0},{"not_picked":["Concentrate","PiercingWail"],"picked":"Dash","floor":2.0},{"not_picked":["Dodge and Roll","Distraction"],"picked":"Dagger Spray","floor":5.0},{"not_picked":["Expertise","Tactician"],"picked":"Bouncing Flask","floor":6.0},{"not_picked":["Deadly Poison","Concentrate"],"picked":"Dagger Throw","floor":7.0},{"not_picked":["Caltrops","Quick Slash"],"picked":"Catalyst","floor":10.0},{"not_picked":["Poisoned Stab","PiercingWail"],"picked":"Calculated Gamble","floor":11.0},{"not_picked":["Phantasmal Killer","Die Die Die"],"picked":"Adrenaline","floor":16},{"not_picked":["Setup","Choke+1"],"picked":"Poisoned Stab","floor":18},{"not_picked":["Cloak And Dagger","Dodge and Roll"],"picked":"Setup","floor":20},{"not_picked":["Calculated Gamble","Acrobatics"],"picked":"Sucker Punch","floor":21},{"not_picked":["Predator","Flying Knee"],"picked":"Noxious Fumes","floor":23},{"not_picked":["Poisoned Stab","Underhanded Strike"],"picked":"Noxious Fumes","floor":25},{"not_picked":["Underhanded Strike","Deadly Poison"],"picked":"Acrobatics","floor":28},{"not_picked":["Dodge and Roll","Prepared"],"picked":"Adrenaline","floor":29},{"not_picked":["Quick Slash","Skewer"],"picked":"Sucker Punch","floor":30},{"not_picked":["Phantasmal Killer","Tools of the Trade"],"picked":"After Image","floor":33},{"not_picked":["Dagger Throw+1","PiercingWail"],"picked":"Tactician+1","floor":35},{"not_picked":["Bane","Expertise"],"picked":"Leg Sweep+1","floor":36},{"not_picked":["Dodge and Roll+1","Noxious Fumes+1"],"picked":"Underhanded Strike+1","floor":38}],"player_experience":438564,"relics_obtained":[{"floor":6.0,"key":"Ice Cream"},{"floor":9.0,"key":"Ornamental Fan"},{"floor":23,"key":"Potion Belt"},{"floor":26,"key":"Dead Branch"},{"floor":36,"key":"Tingsha"}],"event_choices":[{"event_name":"Scrap Ooze","player_choice":"success","floor":3.0,"damage_taken":3.0},{"event_name":"WeMeetAgain","player_choice":"Potion","floor":14.0,"damage_taken":0.0},{"event_name":"The Library","player_choice":"Heal","floor":22,"damage_taken":0},{"event_name":"Back to Basics","player_choice":"Simplicity","floor":31,"damage_taken":0},{"event_name":"Mysterious Sphere","player_choice":"Fight","floor":36,"damage_taken":0},{"event_name":"Transmorgrifier","player_choice":"Transform","floor":37,"damage_taken":0}],"is_beta":false,"boss_relics":[{"not_picked":["Snecko Eye","Astrolabe"],"picked":"Velvet Choker"},{"not_picked":["Sozu","Eternal Feather"],"picked":"White Beast Statue"}],"items_purged_floors":[],"is_endless":false,"potions_floor_spawned":[5,10,11,16,20,21,28,30,35,36,38],"killed_by":"Transient","ascension_level":4}