{"gold_per_floor":[99,64,40,40,40,40,40,40,40,40,40,40,40,40,40,40,40,40,0,0,0,0,0,0,0,0,0,0,0,0,0,0,0,0,0,0,0,0,0],"floor_reached":39,"playtime":1466,"items_purged":[],"score":472,"play_id":"2ea1d1b2-b874-4e4e-bbc6-2fda8e445c90","local_time":"20190313180804","is_ascension_mode":true,"campfire_choices":[{"data":"Neutralize","floor":6,"key":"SMITH"},{"floor":13,"key":"REST"},{"floor":15,"key":"REST"},{"floor":23,"key":"REST"},{"floor":32,"key":"REST"}],"neow_cost":"NONE","seed_source_timestamp":120771504975779,"circlet_count":0,"master_deck":["Defend_G+1","Defend_G+1","Defend_G+1","Defend_G+1","Defend_G+1","Strike_G+1","Strike_G+1","Strike_G+1","Strike_G+1","Strike_G+1","Survivor","Neutralize+1","Terror","Quick Slash+1","Slice","Slice","Quick Slash","Bouncing Flask","Prepared","Masterful Stab","After Image","Dagger Throw+1","Bane","Noxious Fumes+1","Writhe","Footwork","Shame","Dash","Bane+1","Die Die Die","Bane","Parasite"],"relics":["Ectoplasm","Snake Skull","Whetstone","Potion Belt","Mercury Hourglass","Eternal Feather","Happy Flower","Bag of Preparation","Anchor","Juzu Bracelet","Lizard Tail"],"potions_floor_usage":[7,11,29],"damage_taken":[{"damage":1,"enemies":"Jaw Worm","floor":1,"turns":6},{"damage":0,"enemies":"2 Louse","floor":4,"turns":2},{"damage":1,"enemies":"Cultist","floor":5,"turns":3},{"damage":22,"enemies":"3 Sentries","floor":7,"turns":12},{"damage":0,"enemies":"Exordium Wildlife","floor":11,"turns":3},{"damage":13,"enemies":"Lagavulin","floor":14,"turns":4},{"damage":16,"enemies":"Hexaghost","floor":16,"turns":8},{"damage":15,"enemies":"3 Byrds","floor":18,"turns":4},{"damage":23,"enemies":"2 Thieves","floor":19,"turns":3},{"damage":12,"enemies":"Centurion and Healer","floor":20,"turns":7},{"damage":14,"enemies":"Book of Stabbing","floor":24,"turns":5},{"damage":12,"enemies":"3 Cultists","floor":28,"turns":4},{"damage":0,"enemies":"Slavers","floor":29,"turns":1},{"damage":0,"enemies":"Snake Plant","floor":31,"turns":2},{"damage":58,"enemies":"Collector","floor":33,"turns":10},{"damage":14,"enemies":"3 Shapes","floor":35,"turns":4},{"damage":0,"enemies":"Orb Walker","floor":37,"turns":3},{"damage":24,"enemies":"Transient","floor":38,"turns":5},{"damage":79,"enemies":"Writhing Mass","floor":39,"turns":6}],"seed_played":"-7381345554171216109","potions_obtained":[{"floor":1,"key":"Explosive Potion"},{"floor":4,"key":"GhostInAJar"},{"floor":5,"key":"Strength Potion"},{"floor":18,"key":"SmokeBomb"},{"floor":33,"key":"Dexterity Potion"},{"floor":37,"key":"Energy Potion"}],"is_trial":false,"path_per_floor":["?","?","?","M","T","?","?","$","?","?","?"],"character_chosen":"THE_SILENT","items_purchased":["Quick Slash"],"campfire_rested":4,"item_purchase_floors":[3],"current_hp_per_floor":[69,69,69,69,68,68,46,46,46,46,46,46,67,54,70,54,70,55,32,20,20,20,56,42,42,42,42,30,30,30,30,66,8,70,56,56,56,32,0],"gold":0,"neow_bonus":"BOSS_RELIC","is_prod":false,"is_daily":false,"chose_seed":false,"campfire_upgraded":1,"win_rate":0,"timestamp":1552496884,"path_taken":["M","?","$","M","M","R","E","?","T","?","?","?","R","E","R","BOSS","M","M","M","?","?","R","E","?","T","?","M","E","?","M","R","BOSS","M","?","M","M","M"],"build_version":"2019-01-23","purchased_purges":0,"victory":false,"max_hp_per_floor":[70,70,70,70,70,70,70,70,70,70,70,70,70,70,70,70,70,70,70,70,70,70,70,70,70,70,70,70,70,70,70,70,70,70,70,70,70,70,70],"card_choices":[{"not_picked":["Expertise","Dagger Spray"],"picked":"Terror","floor":1},{"not_picked":["Dodge and Roll","Calculated Gamble"],"picked":"Slice","floor":4},{"not_picked":["Dodge and Roll","Acrobatics"],"picked":"Slice","floor":5},{"not_picked":["Blur","Choke"],"picked":"Quick Slash","floor":7},{"not_picked":["Acrobatics","Bane"],"picked":"Prepared","floor":11},{"not_picked":["Quick Slash","Expertise"],"picked":"Masterful Stab","floor":14},{"not_picked":["Wraith Form v2","Malaise"],"picked":"After Image","floor":16},{"not_picked":["Caltrops","PiercingWail+1"],"picked":"Dagger Throw+1","floor":18},{"not_picked":["Slice","Finisher"],"picked":"Bane","floor":19},{"not_picked":["Bane","Concentrate"],"picked":"Noxious Fumes+1","floor":20},{"not_picked":["Deflect","Infinite Blades+1"],"picked":"Footwork","floor":24},{"not_picked":["Acrobatics","Dagger Throw"],"picked":"Dash","floor":28},{"not_picked":["Dagger Throw","Flying Knee"],"picked":"Bane+1","floor":31},{"not_picked":["Tools of the Trade","Grand Finale"],"picked":"Die Die Die","floor":33},{"not_picked":["All Out Attack+1","Dodge and Roll","Outmaneuver"],"picked":"SKIP","floor":35},{"not_picked":["Underhanded Strike","Slice","Prepared+1"],"picked":"SKIP","floor":37},{"not_picked":["Blade Dance","Tactician"],"picked":"Bane","floor":38}],"player_experience":261659,"relics_obtained":[{"floor":7,"key":"Snake Skull"},{"floor":9,"key":"Whetstone"},{"floor":12,"key":"Potion Belt"},{"floor":14,"key":"Mercury Hourglass"},{"floor":24,"key":"Bag of Preparation"},{"floor":26,"key":"Anchor"}],"event_choices":[{"damage_healed":0,"gold_gain":0,"player_choice":"Left Gold","damage_taken":0,"max_hp_gain":0,"max_hp_loss":0,"event_name":"World of Goop","floor":2,"gold_loss":35},{"damage_healed":0,"gold_gain":0,"player_choice":"Searched \u00271\u0027 times","damage_taken":0,"max_hp_gain":0,"max_hp_loss":0,"event_name":"Dead Adventurer","floor":8,"gold_loss":0},{"damage_healed":0,"gold_gain":0,"player_choice":"1 cards matched","damage_taken":0,"max_hp_gain":0,"max_hp_loss":0,"event_name":"Match and Keep!","floor":10,"gold_loss":0,"cards_obtained":["Bouncing Flask"]},{"damage_healed":0,"gold_gain":0,"player_choice":"Simplicity","damage_taken":0,"max_hp_gain":0,"max_hp_loss":0,"event_name":"Back to Basics","floor":21,"gold_loss":0,"cards_upgraded":["Defend_G","Defend_G","Defend_G","Defend_G","Defend_G","Strike_G","Strike_G","Strike_G","Strike_G"]},{"damage_healed":0,"gold_gain":0,"player_choice":"Opened","damage_taken":0,"relics_obtained":["Happy Flower"],"max_hp_gain":0,"max_hp_loss":0,"event_name":"The Mausoleum","floor":22,"gold_loss":0,"cards_obtained":["Writhe"]},{"damage_healed":0,"gold_gain":0,"player_choice":"Stole Relic","damage_taken":0,"relics_obtained":["Juzu Bracelet"],"max_hp_gain":0,"max_hp_loss":0,"event_name":"Addict","floor":27,"gold_loss":0,"cards_obtained":["Shame"]},{"damage_healed":0,"gold_gain":0,"player_choice":"Ignored","damage_taken":0,"max_hp_gain":0,"max_hp_loss":0,"event_name":"Beggar","floor":30,"gold_loss":0},{"damage_healed":0,"gold_gain":0,"player_choice":"Ignored","damage_taken":0,"max_hp_gain":0,"max_hp_loss":0,"event_name":"Mysterious Sphere","floor":36,"gold_loss":0}],"is_beta":false,"boss_relics":[{"not_picked":["Black Star","Fusion Hammer"],"picked":"Eternal Feather"},{"not_picked":["Runic Dome","Busted Crown"],"picked":"Lizard Tail"}],"items_purged_floors":[],"is_endless":false,"potions_floor_spawned":[1,4,5,18,29,33,37],"killed_by":"Writhing Mass","ascension_level":2}