{"gold_per_floor":[109,34,46,46,46,71,86,97,97,97,111,111,111,127,127,229,229,246,25,25,38,38,38,53,53,53,53,67,67,118,149,149,248,248,265,41,53,0,20,46,46,58,81,109,121,133,36,36,36,36],"floor_reached":50,"playtime":2022,"items_purged":[],"score":662,"play_id":"dad6984f-4fa7-497b-8768-ed626361952d","local_time":"20181031001358","is_ascension_mode":true,"campfire_choices":[{"data":"Footwork","floor":10.0,"key":"SMITH"},{"floor":12.0,"key":"REST"},{"data":"Terror","floor":15.0,"key":"SMITH"},{"data":"Wraith Form v2","floor":23,"key":"SMITH"},{"data":"Accuracy","floor":25,"key":"SMITH"},{"data":"Cloak And Dagger","floor":29,"key":"SMITH"},{"floor":32,"key":"REST"},{"floor":41,"key":"REST"},{"data":"Cloak And Dagger","floor":45,"key":"SMITH"},{"data":"Infinite Blades","floor":49,"key":"SMITH"}],"neow_cost":"NONE","seed_source_timestamp":2335243626640180,"circlet_count":0,"master_deck":["Defend_G","Defend_G","Defend_G","Defend_G","Survivor","Neutralize","Choke","Infinite Blades","Slice","Dagger Throw","Footwork+1","Accuracy+1","Terror+1","Wraith Form v2+1","Escape Plan","Leg Sweep","All Out Attack","Acrobatics","Bite","Bite","Bite","Bite","Bite","Cloak And Dagger+1","Die Die Die","Well Laid Plans+1","Blur","Cloak And Dagger+1","Predator","Cloak And Dagger+1","Infinite Blades+1","Escape Plan"],"special_seed":0,"relics":["Runic Dome","Pantograph","Bottled Tornado","Pocketwatch","Busted Crown","Lantern","Blue Candle","Orichalcum","Strawberry","WristBlade","Oddly Smooth Stone","Red Mask","Gambling Chip","MawBank","Mummified Hand"],"potions_floor_usage":[33,42,50,50],"damage_taken":[{"damage":0.0,"enemies":"Cultist","floor":1.0,"turns":5.0},{"damage":0.0,"enemies":"2 Louse","floor":3.0,"turns":4.0},{"damage":23.0,"enemies":"Gremlin Nob","floor":6.0,"turns":4.0},{"damage":7.0,"enemies":"Jaw Worm","floor":7.0,"turns":2.0},{"damage":7.0,"enemies":"Lots of Slimes","floor":8.0,"turns":4.0},{"damage":3.0,"enemies":"Looter","floor":11.0,"turns":3.0},{"damage":7.0,"enemies":"Blue Slaver","floor":14.0,"turns":3.0},{"damage":5.0,"enemies":"The Guardian","floor":16.0,"turns":11.0},{"damage":8.0,"enemies":"3 Byrds","floor":18.0,"turns":5.0},{"damage":21,"enemies":"Spheric Guardian","floor":21,"turns":5},{"damage":20,"enemies":"Shelled Parasite and Fungi","floor":24,"turns":5},{"damage":1,"enemies":"Centurion and Healer","floor":28,"turns":5},{"damage":25,"enemies":"Book of Stabbing","floor":31,"turns":5},{"damage":44,"enemies":"Champ","floor":33,"turns":10},{"damage":16,"enemies":"3 Shapes","floor":35,"turns":4},{"damage":0,"enemies":"Orb Walker","floor":37,"turns":3},{"damage":17,"enemies":"Writhing Mass","floor":39,"turns":5},{"damage":32,"enemies":"Nemesis","floor":40,"turns":6},{"damage":0,"enemies":"Spire Growth","floor":42,"turns":5},{"damage":6,"enemies":"Jaw Worm Horde","floor":44,"turns":5},{"damage":85,"enemies":"Awakened One","floor":50,"turns":11}],"seed_played":"932294783604487902","potions_obtained":[{"floor":6.0,"key":"GamblersBrew"},{"floor":7.0,"key":"Poison Potion"},{"floor":8.0,"key":"Ancient Potion"},{"floor":18.0,"key":"GamblersBrew"},{"floor":31,"key":"Strength Potion"},{"floor":33,"key":"Block Potion"},{"floor":42,"key":"GamblersBrew"}],"is_trial":false,"path_per_floor":["M","$","M","T","?","E","M","M","T","R","M","R","?","M","R","B",null,"M","$","?","M","?","R","M","R","T","?","M","R","T","E","R","B",null,"M","$","M","?","M","E","R","M","T","M","R","?","$","T","R"],"character_chosen":"THE_SILENT","items_purchased":["Infinite Blades","Leg Sweep","Lantern","Blur","Oddly Smooth Stone","Infinite Blades","Escape Plan"],"campfire_rested":3,"item_purchase_floors":[2,19,19,36,36,47,47],"current_hp_per_floor":[63,63,63,63,63,40,33,26,26,26,23,44,49,42,42,62,72,64,64,64,43,43,43,23,23,23,23,36,36,36,28,45,33,53,41,41,47,47,38,16,33,41,41,45,45,45,45,45,45,0],"gold":36,"neow_bonus":"BOSS_RELIC","is_prod":false,"is_daily":false,"chose_seed":false,"campfire_upgraded":7,"win_rate":0,"timestamp":1540966438,"path_taken":["M","$","M","?","?","E","M","M","T","R","M","R","?","M","R","BOSS","M","$","?","M","?","R","M","R","T","?","M","R","?","E","R","BOSS","M","$","M","?","M","E","R","M","T","M","R","?","$","?","R","BOSS"],"build_version":"2018-10-25v2","purchased_purges":0,"victory":false,"max_hp_per_floor":[70,70,70,70,70,70,70,70,70,70,70,70,75,75,75,75,75,75,75,75,75,75,75,75,75,75,52,52,52,52,59,59,59,59,59,59,59,59,59,59,59,59,59,59,59,59,59,59,59,59],"card_choices":[{"not_picked":["Deadly Poison","Dagger Throw"],"picked":"Choke","floor":1.0},{"not_picked":["Escape Plan","Crippling Poison"],"picked":"Slice","floor":3.0},{"not_picked":["Tools of the Trade","Bane"],"picked":"Dagger Throw","floor":6.0},{"not_picked":["Blade Dance","Cloak And Dagger"],"picked":"Footwork","floor":7.0},{"not_picked":["Poisoned Stab","Underhanded Strike","Heel Hook"],"picked":"SKIP","floor":8.0},{"not_picked":["Underhanded Strike","Blade Dance"],"picked":"Accuracy","floor":11.0},{"not_picked":["Bane","Slice"],"picked":"Terror","floor":14.0},{"not_picked":["Night Terror","Venomology"],"picked":"Wraith Form v2","floor":16.0},{"not_picked":[],"picked":"Escape Plan","floor":18.0},{"not_picked":[],"picked":"All Out Attack","floor":21},{"not_picked":["PiercingWail"],"picked":"SKIP","floor":24},{"not_picked":[],"picked":"Cloak And Dagger","floor":28},{"not_picked":["Dagger Throw"],"picked":"SKIP","floor":31},{"not_picked":[],"picked":"Die Die Die","floor":33},{"not_picked":[],"picked":"Well Laid Plans+1","floor":35},{"not_picked":[],"picked":"Cloak And Dagger+1","floor":37},{"not_picked":["Blade Dance"],"picked":"SKIP","floor":39},{"not_picked":[],"picked":"Predator","floor":40},{"not_picked":[],"picked":"Cloak And Dagger","floor":42},{"not_picked":["Underhanded Strike"],"picked":"SKIP","floor":44}],"player_experience":531276,"relics_obtained":[{"floor":4.0,"key":"Pantograph"},{"floor":6.0,"key":"Bottled Tornado"},{"floor":9.0,"key":"Pocketwatch"},{"floor":26,"key":"Blue Candle"},{"floor":30,"key":"Orichalcum"},{"floor":31,"key":"Strawberry"},{"floor":40,"key":"Gambling Chip"},{"floor":43,"key":"MawBank"},{"floor":48,"key":"Mummified Hand"}],"event_choices":[{"damage_healed":0.0,"max_hp_gain":0.0,"max_hp_loss":0.0,"gold_gain":0.0,"event_name":"Liars Game","player_choice":"Ignored","floor":5.0,"gold_loss":0.0,"damage_taken":0.0},{"damage_healed":0.0,"max_hp_gain":5.0,"max_hp_loss":0.0,"gold_gain":0.0,"event_name":"Big Fish","player_choice":"Donut","floor":13.0,"gold_loss":0.0,"damage_taken":0.0},{"damage_healed":0,"gold_gain":0,"player_choice":"Read","damage_taken":0,"max_hp_gain":0,"max_hp_loss":0,"event_name":"The Library","floor":22,"gold_loss":0,"cards_obtained":["Acrobatics"]},{"damage_healed":0,"gold_gain":0,"player_choice":"Became a vampire","damage_taken":0,"max_hp_gain":0,"max_hp_loss":23,"event_name":"Vampires","floor":27,"gold_loss":0,"cards_obtained":["Bite","Bite","Bite","Bite","Bite"]},{"damage_healed":0,"gold_gain":0,"player_choice":"Paid","damage_taken":0,"relics_obtained":["Red Mask"],"max_hp_gain":0,"max_hp_loss":0,"event_name":"Tomb of Lord Red Mask","floor":38,"gold_loss":53},{"cards_removed":["Defend_G"],"damage_healed":0,"gold_gain":0,"player_choice":"Offered Basic","damage_taken":0,"max_hp_gain":0,"max_hp_loss":0,"event_name":"Bonfire Elementals","floor":46,"gold_loss":0}],"is_beta":false,"boss_relics":[{"not_picked":["Orrery","Eternal Feather"],"picked":"Busted Crown"},{"not_picked":["White Beast Statue","Black Star"],"picked":"WristBlade"}],"items_purged_floors":[],"is_endless":false,"potions_floor_spawned":[6,7,8,18,24,31,33,37,42,44],"killed_by":"Awakened One","ascension_level":6}