{"path_per_floor":["M","M","$","?","M","E","?","R","T","M","R","?","R","?","R","B",null,"M","$","?","M","M","R","M","R","T","?"],"character_chosen":"DEFECT","items_purchased":["Defragment","Regen Potion","Calipers"],"gold_per_floor":[116,128,4,4,23,55,55,55,81,98,98,98,98,273,273,393,393,406,40,40,60,84,84,105,105,105,105,105],"floor_reached":28,"campfire_rested":3,"playtime":1482,"current_hp_per_floor":[70,62,62,62,55,32,32,32,32,24,46,46,46,46,68,4,75,58,58,58,53,28,50,39,39,39,39,0],"items_purged":["Regret"],"gold":105,"score":215,"play_id":"0b99723c-374a-4b25-84ab-172e0dc0c341","local_time":"20180502235007","is_prod":false,"is_daily":false,"chose_seed":false,"is_ascension_mode":false,"campfire_upgraded":3,"timestamp":1525323007,"path_taken":["M","M","$","?","M","E","?","R","T","M","R","?","R","?","R","BOSS","M","$","?","M","M","R","M","R","T","?","E"],"build_version":"2018-05-01v2","seed_source_timestamp":1457599331156845,"purchased_purges":1,"victory":false,"master_deck":["Strike_B","Strike_B","Strike_B","Strike_B","Defend_B","Defend_B","Defend_B","Defend_B","Zap","Dualcast","Creative AI","Darkness","Defragment+1","Glacier+1","Beam Cell","Conserve Battery","Capacitor+1","Injury","Reboot","Coolheaded+1","Auto Shields+1","Barrage+1","Writhe"],"max_hp_per_floor":[75,75,75,75,75,75,75,75,75,75,75,75,75,75,75,75,75,75,75,75,75,75,75,75,75,75,75,75],"relics":["Cracked Core","Dream Catcher","Juzu Bracelet","Ancient Tea Set","Golden Idol","Cursed Key","Calipers","Blood Vial","Spirit Poop"],"card_choices":[{"not_picked":["Loop","Rebound"],"picked":"Darkness","floor":2.0},{"not_picked":["Ball Lightning","Barrage"],"picked":"Glacier","floor":5.0},{"not_picked":["Glacier","Melter"],"picked":"Beam Cell","floor":6.0},{"not_picked":["Streamline","Turbo"],"picked":"Conserve Battery","floor":10},{"not_picked":["Coolheaded","Rebound"],"picked":"Capacitor","floor":11},{"not_picked":["All For One","Prime"],"picked":"Reboot","floor":16},{"not_picked":["Axe Kick","Cold Snap"],"picked":"Coolheaded","floor":18},{"not_picked":["Coolheaded","Beam Cell"],"picked":"Auto Shields","floor":23},{"not_picked":["Streamline","Glacier"],"picked":"Barrage","floor":24}],"player_experience":31195,"potions_floor_usage":[16,18,21],"damage_taken":[{"damage":5.0,"enemies":"2 Louse","floor":1.0,"turns":3.0},{"damage":8.0,"enemies":"Jaw Worm","floor":2.0,"turns":3.0},{"damage":19.0,"enemies":"Cultist","floor":5.0,"turns":5.0},{"damage":23.0,"enemies":"Gremlin Nob","floor":6.0,"turns":5.0},{"damage":8,"enemies":"3 Louse","floor":10,"turns":5},{"damage":64,"enemies":"Slime Boss","floor":16,"turns":18},{"damage":17,"enemies":"3 Byrds","floor":18,"turns":6},{"damage":5,"enemies":"Spheric Guardian","floor":21,"turns":5},{"damage":25,"enemies":"Slaver and Parasite","floor":22,"turns":10},{"damage":11,"enemies":"Sentry and Sphere","floor":24,"turns":6},{"damage":48,"enemies":"Gremlin Leader","floor":28,"turns":9}],"event_choices":[{"event_name":"Big Fish","player_choice":"Box","floor":4.0,"damage_taken":0.0},{"event_name":"Dead Adventurer","player_choice":"Searched \u00270\u0027 times","floor":7,"damage_taken":0},{"event_name":"Golden Idol","player_choice":"Take Wound","floor":12,"damage_taken":0},{"event_name":"Liars Game","player_choice":"agreed","floor":14,"damage_taken":0},{"event_name":"Cursed Tome","player_choice":"Ignored","floor":20,"damage_taken":0},{"event_name":"Bonfire Elementals","player_choice":"CURSE","floor":27,"damage_taken":0}],"boss_relics":[{"not_picked":["Black Star","Runic Pyramid"],"picked":"Cursed Key"}],"potions_floor_spawned":[2,6,16,18],"seed_played":"1664494820689844926","killed_by":"Gremlin Leader","ascension_level":0,"is_trial":false}