{"gold_per_floor":[109,126,11,26,43,43,58,69,69,69,80,80,100,114,114,212,212,232,307,307,307,186,186,204,218,218,237,247,260,260,274,274,274],"floor_reached":33,"playtime":1480,"items_purged":[],"score":272,"play_id":"c1e218f3-5e29-46e1-a3b0-1e384a7dae27","local_time":"20180807154946","is_ascension_mode":false,"campfire_choices":[{"data":"Seeing Red","floor":6,"key":"SMITH"},{"data":"Armaments","floor":10,"key":"SMITH"},{"data":"Offering","floor":12,"key":"SMITH"},{"data":"Armaments","floor":15,"key":"SMITH"},{"data":"Barricade","floor":23,"key":"SMITH"},{"floor":30,"key":"REST"},{"floor":32,"key":"REST"}],"neow_cost":"","seed_source_timestamp":2041591078659965,"circlet_count":0,"master_deck":["Defend_R","Defend_R","Defend_R","Defend_R","Bash","Seeing Red+1","Shockwave","Offering+1","Headbutt","Searing Blow","Pommel Strike","Armaments+1","Thunderclap","Spot Weakness","Armaments+1","Barricade+1","Anger","Bite","Bite","Bite","Bite","Bite","Flex","Dropkick","Battle Trance+1","Metallicize"],"relics":["Burning Blood"],"potions_floor_usage":[7,24,27,27,29,29],"damage_taken":[{"damage":0,"enemies":"Cultist","floor":1,"turns":4},{"damage":1,"enemies":"Jaw Worm","floor":2,"turns":3},{"damage":6,"enemies":"2 Louse","floor":4,"turns":2},{"damage":15,"enemies":"Looter","floor":5,"turns":2},{"damage":5,"enemies":"3 Louse","floor":7,"turns":2},{"damage":4,"enemies":"Red Slaver","floor":8,"turns":4},{"damage":1,"enemies":"Exordium Wildlife","floor":11,"turns":3},{"damage":2,"enemies":"Blue Slaver","floor":13,"turns":3},{"damage":5,"enemies":"Exordium Thugs","floor":14,"turns":4},{"damage":47,"enemies":"Hexaghost","floor":16,"turns":9},{"damage":19,"enemies":"Shell Parasite","floor":18,"turns":4},{"damage":19,"enemies":"3 Byrds","floor":24,"turns":7},{"damage":8,"enemies":"Centurion and Healer","floor":25,"turns":6},{"damage":14,"enemies":"Snake Plant","floor":27,"turns":4},{"damage":49,"enemies":"Sentry and Sphere","floor":28,"turns":8},{"damage":22,"enemies":"Slaver and Parasite","floor":29,"turns":7},{"damage":28,"enemies":"Centurion and Healer","floor":31,"turns":6},{"damage":81,"enemies":"Automaton","floor":33,"turns":8}],"seed_played":"-1901722078083836314","potions_obtained":[{"floor":1,"key":"Explosive Potion"},{"floor":5,"key":"PowerPotion"},{"floor":11,"key":"Block Potion"},{"floor":13,"key":"Strength Potion"},{"floor":25,"key":"Strength Potion"},{"floor":28,"key":"FearPotion"}],"is_trial":false,"path_per_floor":["M","M","$","M","M","R","M","M","T","R","M","R","M","M","R","B",null,"M","?","?","?","$","R","M","M","T","M","M","M","R","M","R"],"character_chosen":"IRONCLAD","items_purchased":["Offering","Headbutt","Flex","Dropkick"],"campfire_rested":2,"item_purchase_floors":[3,3,22,22],"current_hp_per_floor":[80,80,80,80,71,71,72,74,74,74,79,79,80,80,80,39,80,67,59,56,56,56,56,54,56,56,54,27,19,35,33,49,0],"gold":274,"neow_bonus":"","is_prod":false,"is_daily":false,"chose_seed":false,"campfire_upgraded":5,"win_rate":0,"timestamp":1533678586,"path_taken":["M","M","$","M","?","R","M","M","T","R","M","R","M","M","R","BOSS","M","?","?","?","?","R","M","M","T","M","M","?","R","M","R","BOSS"],"build_version":"2018-08-02","purchased_purges":0,"victory":false,"max_hp_per_floor":[80,80,80,80,80,80,80,80,80,80,80,80,80,80,80,80,80,80,80,56,56,56,56,56,56,56,56,56,56,56,56,56,56],"card_choices":[{"not_picked":["Dual Wield","Clash"],"picked":"Seeing Red","floor":1},{"not_picked":["True Grit","Anger"],"picked":"Shockwave","floor":2},{"not_picked":["Perfected Strike","Metallicize"],"picked":"Searing Blow","floor":4},{"not_picked":["Headbutt","Uppercut"],"picked":"Pommel Strike","floor":5},{"not_picked":["Feel No Pain","Twin Strike","Clothesline"],"picked":"SKIP","floor":7},{"not_picked":["Burning Pact","Battle Trance"],"picked":"Armaments","floor":8},{"not_picked":["Hemokinesis","Armaments"],"picked":"Thunderclap","floor":11},{"not_picked":["Iron Wave","Havoc"],"picked":"Spot Weakness","floor":13},{"not_picked":["Intimidate","Twin Strike"],"picked":"Armaments","floor":14},{"not_picked":["Bludgeon","Fiend Fire"],"picked":"Barricade","floor":16},{"not_picked":["Battle Trance","Headbutt"],"picked":"Anger","floor":18},{"not_picked":["Havoc","Wild Strike"],"picked":"Battle Trance+1","floor":24},{"not_picked":["Thunderclap+1","Heavy Blade"],"picked":"Metallicize","floor":25},{"not_picked":["Sentinel","Battle Trance","Evolve+1"],"picked":"SKIP","floor":27},{"not_picked":["Armaments+1","Warcry","Uppercut+1"],"picked":"SKIP","floor":28},{"not_picked":["Heavy Blade+1","Perfected Strike","Havoc+1"],"picked":"SKIP","floor":29},{"not_picked":["Iron Wave+1","Seeing Red","Dropkick+1"],"picked":"SKIP","floor":31}],"player_experience":355364,"relics_obtained":[],"event_choices":[{"event_name":"FaceTrader","player_choice":"Touch","floor":19,"damage_taken":0},{"event_name":"Vampires","player_choice":"Became a vampire","floor":20,"damage_taken":0},{"event_name":"The Lab","player_choice":"Got Potions","floor":21,"damage_taken":0}],"is_beta":false,"boss_relics":[{"not_picked":["Busted Crown","Calling Bell","Coffee Dripper"]}],"items_purged_floors":[],"is_endless":false,"potions_floor_spawned":[1,5,11,13,14,25,28],"killed_by":"Automaton","ascension_level":0}