{"gold_per_floor":[114,128,147,147,322,322,339,356,356,356,321,341,352,366,366,366],"floor_reached":16,"playtime":301,"items_purged":[],"score":96,"play_id":"abc915d4-ab64-489b-95c3-5c0d5c96c497","local_time":"20180916014159","is_ascension_mode":false,"campfire_choices":[{"data":"Infernal Blade","floor":6,"key":"SMITH"},{"data":"Flex","floor":15,"key":"SMITH"}],"neow_cost":"","seed_source_timestamp":0,"circlet_count":0,"master_deck":["Strike_R","Strike_R","Strike_R","Strike_R","Strike_R","Defend_R","Defend_R","Defend_R","Defend_R","Bash","Pommel Strike","Thunderclap","Infernal Blade+1","Doubt","Infernal Blade","Dropkick+1","Flex+1","Clash","Shrug It Off"],"relics":["Burning Blood","Champion Belt","Letter Opener"],"potions_floor_usage":[],"damage_taken":[{"damage":0,"enemies":"Small Slimes","floor":1,"turns":3},{"damage":18,"enemies":"Jaw Worm","floor":2,"turns":3},{"damage":13,"enemies":"2 Louse","floor":3,"turns":2},{"damage":9,"enemies":"Red Slaver","floor":7,"turns":2},{"damage":16,"enemies":"Lots of Slimes","floor":8,"turns":4},{"damage":0,"enemies":"2 Fungi Beasts","floor":12,"turns":2},{"damage":7,"enemies":"3 Louse","floor":13,"turns":3},{"damage":17,"enemies":"Exordium Thugs","floor":14,"turns":4},{"damage":13,"enemies":"Hexaghost","floor":16,"turns":3}],"seed_played":"819117293452274042","potions_obtained":[{"floor":2,"key":"SteroidPotion"},{"floor":14,"key":"SkillPotion"}],"is_trial":false,"path_per_floor":["M","M","M","?","?","R","M","M","T","?","?","M","M","M","R"],"character_chosen":"IRONCLAD","items_purchased":[],"campfire_rested":0,"item_purchase_floors":[],"current_hp_per_floor":[80,68,61,43,43,43,40,30,30,30,50,59,58,47,47,34],"gold":366,"neow_bonus":"","is_prod":false,"is_daily":false,"chose_seed":true,"campfire_upgraded":2,"win_rate":0,"timestamp":1537083719,"path_taken":["M","M","M","?","?","R","M","?","T","?","?","M","M","M","R","BOSS"],"build_version":"2018-09-06","purchased_purges":0,"victory":false,"max_hp_per_floor":[80,80,80,80,80,80,80,80,80,80,80,83,83,83,83,83],"card_choices":[{"not_picked":["Warcry","Body Slam"],"picked":"Pommel Strike","floor":1},{"not_picked":["Armaments","Fire Breathing"],"picked":"Thunderclap","floor":2},{"not_picked":["Dual Wield","Sword Boomerang"],"picked":"Infernal Blade","floor":3},{"not_picked":["Fire Breathing","Iron Wave"],"picked":"Infernal Blade","floor":7},{"not_picked":["Warcry","Wild Strike"],"picked":"Dropkick","floor":8},{"not_picked":["Iron Wave","Cleave"],"picked":"Flex","floor":12},{"not_picked":["True Grit","Battle Trance"],"picked":"Clash","floor":13},{"not_picked":["Combust","Corruption"],"picked":"Shrug It Off","floor":14}],"player_experience":484508,"relics_obtained":[{"floor":9,"key":"Letter Opener"}],"event_choices":[{"event_name":"Scrap Ooze","player_choice":"success","floor":4,"damage_taken":18},{"event_name":"Liars Game","player_choice":"agreed","floor":5,"damage_taken":0},{"event_name":"Living Wall","player_choice":"Grow","floor":10,"damage_taken":0},{"event_name":"The Cleric","player_choice":"Healed","floor":11,"damage_taken":0}],"is_beta":false,"boss_relics":[],"items_purged_floors":[],"is_endless":false,"potions_floor_spawned":[2,14],"killed_by":"Hexaghost","ascension_level":0}