{"gold_per_floor":[117,117,136,86,86,118,136,136,160,160,170,170,14,14,14,116,166,177,177,177,357,9,36,54,64,64,92,0,68,68,88,88,189,189,202,202,202,216,47,81,93,93,93,113,0,11,11],"floor_reached":47,"playtime":3216,"items_purged":[],"score":850,"play_id":"b9a23ac9-01f5-4f4d-b844-bf9aab4ef5c1","local_time":"20190316180047","is_ascension_mode":true,"campfire_choices":[{"data":"Bash","floor":8.0,"key":"SMITH"},{"data":"Battle Trance","floor":10.0,"key":"SMITH"},{"data":"Shrug It Off","floor":12.0,"key":"SMITH"},{"data":"Spot Weakness","floor":15.0,"key":"SMITH"},{"data":"Perfected Strike","floor":30.0,"key":"SMITH"},{"floor":32.0,"key":"REST"},{"floor":42,"key":"REST"}],"neow_cost":"NONE","seed_source_timestamp":23603760530540,"circlet_count":0,"master_deck":["AscendersBane","Strike_R","Strike_R","Strike_R","Strike_R","Strike_R","Defend_R","Defend_R+1","Bash+1","Battle Trance+1","Twin Strike+1","Spot Weakness+1","Shrug It Off+1","Fiend Fire","Perfected Strike+1","Pommel Strike","Perfected Strike","Ghostly","Ghostly+1","Ghostly","Ghostly","Ghostly","Wild Strike","Pommel Strike","Perfected Strike","Feel No Pain","Disarm","Battle Trance","Feed","Parasite","Master of Strategy","Chrysalis","Shrug It Off","Warcry+1","Wild Strike+1"],"special_seed":0,"relics":["Burning Blood","NeowsBlessing","Bag of Marbles","FaceOfCleric","Blue Candle","Smiling Mask","Juzu Bracelet","Tiny House","Vajra","Happy Flower","Letter Opener","Mummified Hand","Omamori","Bottled Lightning","Calling Bell","Regal Pillow","Mercury Hourglass","Champion Belt","Dodecahedron","War Paint","Red Mask"],"potions_floor_usage":[33,33,46],"damage_taken":[{"damage":0.0,"enemies":"2 Louse","floor":1.0,"turns":1.0},{"damage":0.0,"enemies":"Cultist","floor":3.0,"turns":1.0},{"damage":0.0,"enemies":"3 Sentries","floor":6.0,"turns":2.0},{"damage":7.0,"enemies":"Jaw Worm","floor":7.0,"turns":3.0},{"damage":24.0,"enemies":"Lots of Slimes","floor":11.0,"turns":3.0},{"damage":36.0,"enemies":"Hexaghost","floor":16.0,"turns":9.0},{"damage":1.0,"enemies":"Chosen","floor":18.0,"turns":4.0},{"damage":7.0,"enemies":"Book of Stabbing","floor":23.0,"turns":5.0},{"damage":1.0,"enemies":"Spheric Guardian","floor":24.0,"turns":3.0},{"damage":3.0,"enemies":"Snake Plant","floor":25.0,"turns":3.0},{"damage":12.0,"enemies":"Gremlin Leader","floor":27.0,"turns":4.0},{"damage":31.0,"enemies":"Sentry and Sphere","floor":31.0,"turns":8.0},{"damage":28,"enemies":"Collector","floor":33,"turns":8},{"damage":18,"enemies":"3 Darklings","floor":35,"turns":8},{"damage":1,"enemies":"Orb Walker","floor":38,"turns":4},{"damage":29,"enemies":"Nemesis","floor":40,"turns":11},{"damage":14,"enemies":"Spire Growth","floor":41,"turns":5},{"damage":12,"enemies":"Transient","floor":44,"turns":5},{"damage":8,"enemies":"4 Shapes","floor":46,"turns":3},{"damage":84,"enemies":"Giant Head","floor":47,"turns":7}],"seed_played":"3376107490267130697","potions_obtained":[{"floor":1.0,"key":"SteroidPotion"},{"floor":6.0,"key":"BloodPotion"},{"floor":11.0,"key":"LiquidBronze"},{"floor":17.0,"key":"Regen Potion"},{"floor":25.0,"key":"EssenceOfSteel"},{"floor":27.0,"key":"SkillPotion"},{"floor":40,"key":"Explosive Potion"}],"is_trial":false,"path_per_floor":["M","?","M","?","?","E","M","R","T","R","M","R","$","?","R","B",null,"M","?","?","?","$","E","M","M","T","E","?","T","R","M","R","B",null,"M","?","$","M","$","E","M","R","T","M","?","M","E"],"character_chosen":"IRONCLAD","items_purchased":["Juzu Bracelet","Vajra","Happy Flower","Wild Strike","Chrysalis"],"campfire_rested":2,"item_purchase_floors":[13,22,22,22,39],"current_hp_per_floor":[78,78,80,80,80,81,81,81,81,81,64,64,64,57,57,36,77,83,83,45,27,27,41,47,48,48,43,43,43,43,19,34,13,42,31,31,31,37,37,15,8,39,39,34,34,36,0],"gold":11,"neow_bonus":"THREE_ENEMY_KILL","is_prod":false,"is_daily":false,"chose_seed":false,"campfire_upgraded":5,"win_rate":0,"timestamp":1552726847,"path_taken":["M","?","?","?","?","E","M","R","T","R","?","R","?","?","R","BOSS","M","?","?","?","$","E","M","M","T","E","?","?","R","M","R","BOSS","M","?","$","M","$","E","M","R","T","M","?","M","E"],"build_version":"2019-01-23","purchased_purges":0,"victory":false,"max_hp_per_floor":[80,80,80,80,80,81,82,82,82,82,83,83,83,83,83,84,89,90,90,45,45,45,46,47,48,48,49,49,49,49,50,50,51,51,52,52,52,53,53,54,55,55,55,56,56,60,60],"card_choices":[{"not_picked":["Rupture","Iron Wave"],"picked":"Battle Trance","floor":1.0},{"not_picked":["Cleave","Heavy Blade"],"picked":"Twin Strike","floor":3.0},{"not_picked":["Berserk","Havoc","Anger"],"picked":"SKIP","floor":6.0},{"not_picked":["Heavy Blade","Body Slam"],"picked":"Spot Weakness","floor":7.0},{"not_picked":["Twin Strike","Clash"],"picked":"Shrug It Off","floor":11.0},{"not_picked":["Juggernaut","Bludgeon"],"picked":"Fiend Fire","floor":16.0},{"not_picked":["Clothesline","Rampage"],"picked":"Perfected Strike","floor":17.0},{"not_picked":["Corruption","Spot Weakness"],"picked":"Pommel Strike","floor":18.0},{"not_picked":["Warcry+1","Feed"],"picked":"Pommel Strike","floor":23.0},{"not_picked":["Armaments+1","Clash+1"],"picked":"Perfected Strike","floor":24.0},{"not_picked":["Rupture","Hemokinesis+1"],"picked":"Feel No Pain","floor":25.0},{"not_picked":["Hemokinesis","Rupture+1"],"picked":"Disarm","floor":27.0},{"not_picked":["Bloodletting","Hemokinesis+1"],"picked":"Battle Trance","floor":31.0},{"not_picked":["Berserk","Juggernaut"],"picked":"Feed","floor":33},{"not_picked":["Flex","Dropkick+1","Reckless Charge+1"],"picked":"SKIP","floor":35},{"not_picked":["Dark Shackles","PanicButton"],"picked":"Master of Strategy","floor":36},{"not_picked":["Sword Boomerang+1","Havoc+1","Clash"],"picked":"SKIP","floor":38},{"not_picked":["Brutality","Havoc"],"picked":"Shrug It Off","floor":40},{"not_picked":["Cleave","Battle Trance"],"picked":"Warcry+1","floor":41},{"not_picked":["Heavy Blade","Bloodletting","True Grit+1"],"picked":"SKIP","floor":44},{"not_picked":["Second Wind+1","Warcry"],"picked":"Wild Strike+1","floor":46}],"player_experience":397223,"relics_obtained":[{"floor":6.0,"key":"Blue Candle"},{"floor":9.0,"key":"Smiling Mask"},{"floor":23.0,"key":"Letter Opener"},{"floor":26.0,"key":"Mummified Hand"},{"floor":27.0,"key":"Omamori"},{"floor":29.0,"key":"Bottled Lightning"},{"floor":34,"key":"Regal Pillow"},{"floor":34,"key":"Mercury Hourglass"},{"floor":34,"key":"Champion Belt"},{"floor":40,"key":"Dodecahedron"},{"floor":43,"key":"War Paint"}],"event_choices":[{"damage_healed":0.0,"max_hp_gain":0.0,"max_hp_loss":0.0,"gold_gain":0.0,"event_name":"WeMeetAgain","player_choice":"Gave Potion","floor":2.0,"gold_loss":0.0,"damage_taken":0.0,"relics_obtained":["Bag of Marbles"]},{"cards_removed":["Defend_R"],"damage_healed":0.0,"max_hp_gain":0.0,"max_hp_loss":0.0,"gold_gain":0.0,"event_name":"The Cleric","player_choice":"Card Removal","floor":4.0,"gold_loss":50.0,"damage_taken":0.0},{"damage_healed":0.0,"max_hp_gain":0.0,"max_hp_loss":0.0,"gold_gain":0.0,"event_name":"FaceTrader","player_choice":"Trade","floor":5.0,"gold_loss":0.0,"damage_taken":0.0,"relics_obtained":["FaceOfCleric"]},{"cards_removed":["Defend_R"],"damage_healed":0.0,"max_hp_gain":0.0,"max_hp_loss":0.0,"gold_gain":0.0,"event_name":"Golden Wing","player_choice":"Card Removal","floor":14.0,"gold_loss":0.0,"damage_taken":7.0},{"damage_healed":0.0,"max_hp_gain":0.0,"max_hp_loss":0.0,"gold_gain":0.0,"event_name":"The Library","player_choice":"Read","floor":19.0,"gold_loss":0.0,"damage_taken":0.0,"cards_obtained":["Perfected Strike"]},{"damage_healed":0.0,"max_hp_gain":0.0,"max_hp_loss":45.0,"gold_gain":0.0,"event_name":"Ghosts","player_choice":"Became a Ghost","floor":20.0,"gold_loss":0.0,"damage_taken":0.0,"cards_obtained":["Ghostly","Ghostly","Ghostly","Ghostly","Ghostly"]},{"damage_healed":0.0,"max_hp_gain":0.0,"max_hp_loss":0.0,"gold_gain":180.0,"event_name":"Knowing Skull","player_choice":"GOLD GOLD ","floor":21.0,"potions_obtained":[],"gold_loss":0.0,"damage_taken":18.0,"cards_obtained":[]},{"damage_healed":0.0,"max_hp_gain":0.0,"max_hp_loss":0.0,"gold_gain":0.0,"event_name":"Masked Bandits","player_choice":"Paid Fearfully","floor":28.0,"gold_loss":92.0,"damage_taken":0.0},{"damage_healed":0,"gold_gain":0,"player_choice":"Memory 1","damage_taken":0,"max_hp_gain":0,"max_hp_loss":0,"event_name":"SensoryStone","floor":36,"gold_loss":0},{"damage_healed":0,"gold_gain":0,"player_choice":"Paid","damage_taken":0,"relics_obtained":["Red Mask"],"max_hp_gain":0,"max_hp_loss":0,"event_name":"Tomb of Lord Red Mask","floor":45,"gold_loss":113}],"is_beta":false,"boss_relics":[{"not_picked":["Coffee Dripper","White Beast Statue"],"picked":"Tiny House"},{"not_picked":["Eternal Feather","Sozu"],"picked":"Calling Bell"}],"items_purged_floors":[],"is_endless":false,"potions_floor_spawned":[1,6,11,25,27,40],"killed_by":"Giant Head","ascension_level":11}