{"gold_per_floor":[113,113,123,137,137,137,167,167,217,232,246,246,260,280,280,385,385,396,319,244,259,135,161,161,161,161,161,171,190,190,203,203,308,308,319,319,104,124,137,162,162,173,196,196,196,196],"floor_reached":46,"playtime":3422,"items_purged":[],"score":547,"play_id":"1deaa884-9e8a-4503-807e-b43a1a9e7e04","local_time":"20180628021127","is_ascension_mode":false,"campfire_choices":[{"data":"Die Die Die","floor":6,"key":"SMITH"},{"data":"Infinite Blades","floor":12,"key":"SMITH"},{"data":"Accuracy","floor":15,"key":"SMITH"},{"floor":27,"key":"REST"},{"floor":30,"key":"REST"},{"floor":32,"key":"REST"},{"floor":41,"key":"REST"},{"data":"Terror","floor":45,"key":"SMITH"}],"neow_cost":"NONE","seed_source_timestamp":118216450856285,"circlet_count":0,"master_deck":["Defend_G+1","Defend_G+1","Defend_G+1","Defend_G+1","Strike_G+1","Survivor","Neutralize","Flying Knee+1","Finisher","Die Die Die+1","Backstab","Underhanded Strike","Infinite Blades+1","Poisoned Stab","Accuracy+1","Deflect","Die Die Die","Dash+1","Caltrops+1","Quick Slash+1","Flying Knee","J.A.X.","Accuracy","Footwork","Cloak And Dagger","Bouncing Flask+1","Quick Slash+1","Poisoned Stab+1","After Image","Night Terror","Sucker Punch","Cloak And Dagger","Bane","Terror+1","Dagger Throw+1","Dodge and Roll","Catalyst","Dagger Spray+1","Caltrops+1","Blade Dance","Dodge and Roll"],"relics":["Ring of the Snake","Orichalcum","Ancient Tea Set","Astrolabe","Snake Skull","Bag of Preparation","Letter Opener","Orrery","Vajra","Boot","Pen Nib"],"potions_floor_usage":[7,23,23,33,33,38,40,46],"damage_taken":[{"damage":2,"enemies":"Jaw Worm","floor":1,"turns":5},{"damage":0,"enemies":"Cultist","floor":3,"turns":3},{"damage":0,"enemies":"2 Louse","floor":4,"turns":1},{"damage":8,"enemies":"Lagavulin","floor":7,"turns":6},{"damage":2,"enemies":"Blue Slaver","floor":10,"turns":3},{"damage":0,"enemies":"Looter","floor":11,"turns":3},{"damage":0,"enemies":"Gremlin Gang","floor":13,"turns":3},{"damage":0,"enemies":"3 Louse","floor":14,"turns":3},{"damage":0,"enemies":"Slime Boss","floor":16,"turns":7},{"damage":0,"enemies":"Spheric Guardian","floor":18,"turns":3},{"damage":9,"enemies":"Shell Parasite","floor":21,"turns":4},{"damage":49,"enemies":"Slavers","floor":23,"turns":5},{"damage":7,"enemies":"Snecko","floor":28,"turns":3},{"damage":25,"enemies":"Slaver and Parasite","floor":29,"turns":6},{"damage":2,"enemies":"Centurion and Healer","floor":31,"turns":4},{"damage":29,"enemies":"Champ","floor":33,"turns":9},{"damage":3,"enemies":"Orb Walker","floor":35,"turns":4},{"damage":15,"enemies":"3 Shapes","floor":38,"turns":5},{"damage":13,"enemies":"3 Darklings","floor":39,"turns":4},{"damage":24,"enemies":"Nemesis","floor":40,"turns":7},{"damage":7,"enemies":"Sphere and 2 Shapes","floor":42,"turns":6},{"damage":32,"enemies":"Maw","floor":46,"turns":5}],"seed_played":"8652051208013635975","potions_obtained":[{"floor":2,"key":"FearPotion"},{"floor":2,"key":"Fire Potion"},{"floor":2,"key":"Weak Potion"},{"floor":10,"key":"PowerPotion"},{"floor":31,"key":"GamblersBrew"},{"floor":33,"key":"Swift Potion"},{"floor":39,"key":"SteroidPotion"},{"floor":40,"key":"SteroidPotion"}],"is_trial":false,"path_per_floor":["M","?","M","M","?","R","E","?","T","M","M","R","M","M","R","B",null,"M","?","?","M","$","E","?","T","T","R","M","M","R","M","R","B",null,"M","?","$","M","M","E","R","M","T","?","R"],"character_chosen":"THE_SILENT","items_purchased":["Footwork","Cloak And Dagger","Vajra","Catalyst"],"campfire_rested":4,"item_purchase_floors":[22,22,37,37],"current_hp_per_floor":[68,68,68,68,68,68,60,46,46,44,44,44,44,44,44,44,70,70,70,70,61,61,12,12,12,12,33,26,1,22,20,41,12,70,67,67,67,52,39,15,36,29,29,29,29,0],"gold":196,"neow_bonus":"THREE_CARDS","is_prod":false,"is_daily":false,"chose_seed":false,"campfire_upgraded":4,"win_rate":0.0,"timestamp":1530173487,"path_taken":["M","?","M","M","?","R","E","?","T","M","M","R","M","M","R","BOSS","M","?","?","M","$","E","?","?","T","R","M","M","R","M","R","BOSS","M","?","$","M","M","E","R","M","T","?","R","?"],"build_version":"2018-06-21v2","purchased_purges":0,"victory":false,"max_hp_per_floor":[70,70,70,70,70,70,70,70,70,70,70,70,70,70,70,70,70,70,70,70,70,70,70,70,70,70,70,70,70,70,70,70,70,70,70,70,70,70,70,70,70,70,70,70,70,70],"card_choices":[{"not_picked":["Choke","Dodge and Roll"],"picked":"Flying Knee","floor":0},{"not_picked":["Underhanded Strike","Slice"],"picked":"Finisher","floor":1},{"not_picked":["Dodge and Roll","Acrobatics"],"picked":"Die Die Die","floor":3},{"not_picked":["Acrobatics","Flying Knee"],"picked":"Backstab","floor":4},{"not_picked":["Masterful Stab","Expertise"],"picked":"Underhanded Strike","floor":7},{"not_picked":["PiercingWail","Deflect"],"picked":"Infinite Blades","floor":10},{"not_picked":["Underhanded Strike","Deflect"],"picked":"Poisoned Stab","floor":11},{"not_picked":["Catalyst","Dagger Throw"],"picked":"Accuracy","floor":13},{"not_picked":["Backflip","PiercingWail"],"picked":"Deflect","floor":14},{"not_picked":["Bullet Time","Night Terror"],"picked":"Die Die Die","floor":16},{"not_picked":["Acrobatics","Predator"],"picked":"Flying Knee","floor":18},{"not_picked":["Well Laid Plans","Underhanded Strike+1"],"picked":"Accuracy","floor":21},{"not_picked":["Bullet Time","Underhanded Strike+1"],"picked":"Bouncing Flask+1","floor":23},{"not_picked":["Deflect+1","Flying Knee"],"picked":"Quick Slash+1","floor":28},{"not_picked":["Backflip+1","PiercingWail"],"picked":"Poisoned Stab+1","floor":29},{"not_picked":["Bouncing Flask+1","Flying Knee+1"],"picked":"After Image","floor":31},{"not_picked":["Glass Knife","Corpse Explosion"],"picked":"Night Terror","floor":33},{"not_picked":["Malaise+1","Prepared+1"],"picked":"Sucker Punch","floor":34},{"not_picked":["Deflect+1","Poisoned Stab"],"picked":"Cloak And Dagger","floor":34},{"not_picked":["Eviscerate","Sucker Punch"],"picked":"Bane","floor":34},{"not_picked":["Dagger Spray+1","Deflect"],"picked":"Terror","floor":34},{"not_picked":["Doppelganger","Expertise"],"picked":"Dagger Throw+1","floor":34},{"not_picked":["Prepared+1","Backflip"],"picked":"Dodge and Roll","floor":35},{"not_picked":["Deadly Poison","Outmaneuver"],"picked":"Dagger Spray+1","floor":38},{"not_picked":["Predator+1","Slice"],"picked":"Caltrops+1","floor":39},{"not_picked":["Dagger Spray+1","Flying Knee"],"picked":"Blade Dance","floor":40},{"not_picked":["Masterful Stab+1","Deflect"],"picked":"Dodge and Roll","floor":42}],"player_experience":37192,"relics_obtained":[{"floor":7,"key":"Orichalcum"},{"floor":9,"key":"Ancient Tea Set"},{"floor":23,"key":"Snake Skull"},{"floor":25,"key":"Bag of Preparation"},{"floor":26,"key":"Letter Opener"},{"floor":40,"key":"Boot"},{"floor":43,"key":"Pen Nib"}],"event_choices":[{"event_name":"The Lab","player_choice":"Got Potions","floor":2,"damage_taken":0},{"event_name":"The Cleric","player_choice":"Leave","floor":5,"damage_taken":0},{"event_name":"Shining Light","player_choice":"Entered Light","floor":8,"damage_taken":0},{"event_name":"Drug Dealer","player_choice":"Got JAXXED","floor":19,"damage_taken":0},{"event_name":"Beggar","player_choice":"Gave Gold","floor":20,"damage_taken":0},{"event_name":"Back to Basics","player_choice":"Simplicity","floor":24,"damage_taken":0},{"event_name":"Falling","player_choice":"Removed Skill","floor":36,"damage_taken":0},{"event_name":"SecretPortal","player_choice":"Rejected Portal.","floor":44,"damage_taken":0}],"boss_relics":[{"not_picked":["Eternal Feather","Philosopher\u0027s Stone"],"picked":"Astrolabe"},{"not_picked":["Cursed Key","White Beast Statue"],"picked":"Orrery"}],"items_purged_floors":[],"is_endless":false,"potions_floor_spawned":[4,10,11,18,21,31,33,39,40],"killed_by":"Maw","ascension_level":0}