{"gold_per_floor":[164,180,180,27,27,27,38,38,63,80,80,96,96,114,114,209,209,226,226,241,257,274,274,274],"floor_reached":24,"playtime":873,"items_purged":["Strike_B"],"score":190,"play_id":"3bb6f713-3860-434d-8c86-998ad44d8768","local_time":"20180730173258","is_ascension_mode":false,"campfire_choices":[{"data":"White Noise","floor":6,"key":"SMITH"},{"data":"Defragment","floor":8,"key":"SMITH"},{"data":"Dualcast","floor":11,"key":"SMITH"},{"data":"Rebound","floor":15,"key":"SMITH"},{"floor":23,"key":"REST"}],"neow_cost":"NONE","seed_source_timestamp":1357285795021769,"circlet_count":0,"master_deck":["Strike_B","Strike_B","Strike_B","Defend_B","Defend_B","Defend_B+1","Defend_B","Zap+1","Dualcast+1","White Noise+1","Beam Cell","Chill","Capacitor","Defragment+1","Ball Lightning","Conserve Battery+1","Rebound+1","Electrodynamics","Recycle+1","Scrape+1","Ball Lightning"],"relics":["Tiny House"],"potions_floor_usage":[10,21,22,24],"damage_taken":[{"damage":0,"enemies":"Small Slimes","floor":1,"turns":4},{"damage":1,"enemies":"Cultist","floor":2,"turns":3},{"damage":0,"enemies":"2 Louse","floor":7,"turns":3},{"damage":0,"enemies":"2 Fungi Beasts","floor":10,"turns":3},{"damage":8,"enemies":"3 Louse","floor":12,"turns":4},{"damage":0,"enemies":"Blue Slaver","floor":14,"turns":3},{"damage":44,"enemies":"The Guardian","floor":16,"turns":10},{"damage":8,"enemies":"Spheric Guardian","floor":18,"turns":4},{"damage":14,"enemies":"Chosen","floor":20,"turns":5},{"damage":39,"enemies":"Slaver and Parasite","floor":21,"turns":4},{"damage":2,"enemies":"Centurion and Healer","floor":22,"turns":6},{"damage":45,"enemies":"Slavers","floor":24,"turns":4}],"seed_played":"-988213570316243438","potions_obtained":[{"floor":0,"key":"SneckoOil"},{"floor":1,"key":"Explosive Potion"},{"floor":2,"key":"Regen Potion"},{"floor":13,"key":"FocusPotion"},{"floor":13,"key":"Dexterity Potion"},{"floor":13,"key":"Strength Potion"},{"floor":21,"key":"PowerPotion"}],"is_trial":false,"path_per_floor":["M","M","?","$","?","R","M","R","T","M","R","M","?","M","R","B",null,"M","?","M","M","M","R"],"character_chosen":"DEFECT","items_purchased":["Capacitor"],"campfire_rested":1,"item_purchase_floors":[4],"current_hp_per_floor":[80,79,79,79,79,79,79,79,79,79,79,78,78,78,78,34,80,72,72,58,19,17,41,0],"gold":274,"neow_bonus":"BOSS_RELIC","is_prod":false,"is_daily":false,"chose_seed":false,"campfire_upgraded":4,"win_rate":0,"timestamp":1532993578,"path_taken":["M","M","?","$","?","R","M","R","T","M","R","M","?","M","R","BOSS","M","?","M","M","M","R","E"],"build_version":"2018-07-26","purchased_purges":1,"victory":false,"max_hp_per_floor":[80,80,80,80,80,80,80,80,80,80,80,80,80,80,80,80,80,80,80,80,80,80,80,80],"card_choices":[{"not_picked":["Go for the Eyes","Static Discharge"],"picked":"White Noise","floor":0},{"not_picked":["Barrage","Recycle"],"picked":"Beam Cell","floor":1},{"not_picked":["Auto Shields","Doom and Gloom"],"picked":"Chill","floor":2},{"not_picked":["Cold Snap","Reinforced Body"],"picked":"Defragment","floor":7},{"not_picked":["Steam Power","Hologram"],"picked":"Ball Lightning","floor":10},{"not_picked":["Tempest","Rebound"],"picked":"Conserve Battery","floor":12},{"not_picked":["Conserve Battery","Hologram"],"picked":"Rebound","floor":14},{"not_picked":["Machine Learning","All For One"],"picked":"Electrodynamics","floor":16},{"not_picked":["Barrage","Blizzard"],"picked":"Recycle+1","floor":18},{"not_picked":["White Noise","Coolheaded"],"picked":"Scrape+1","floor":20},{"not_picked":["Leap","White Noise","Static Discharge"],"picked":"SKIP","floor":21},{"not_picked":["Capacitor","Beam Cell+1"],"picked":"Ball Lightning","floor":22}],"player_experience":307014,"relics_obtained":[],"event_choices":[{"event_name":"Upgrade Shrine","player_choice":"Upgraded","floor":3,"damage_taken":0},{"event_name":"Scrap Ooze","player_choice":"unsuccessful","floor":5,"damage_taken":0},{"event_name":"The Lab","player_choice":"Got Potions","floor":13,"damage_taken":0},{"event_name":"Upgrade Shrine","player_choice":"Upgraded","floor":19,"damage_taken":0}],"is_beta":false,"boss_relics":[{"not_picked":["White Beast Statue","Calling Bell","Orrery"]}],"items_purged_floors":[4],"is_endless":false,"potions_floor_spawned":[1,2,16,18,21],"killed_by":"Slavers","ascension_level":0}