{"gold_per_floor":[114,133,143,71,26,54,54,74,74,90,90,124,2,17,17,122,122,138,151,151,251,266,266,282,282,282,282,282],"floor_reached":28,"playtime":1369,"items_purged":[],"score":345,"play_id":"d9263395-d3a6-4717-860c-7823e81be053","local_time":"20181117000320","is_ascension_mode":true,"campfire_choices":[{"data":"Dagger Spray","floor":7.0,"key":"SMITH"},{"data":"Quick Slash","floor":11.0,"key":"SMITH"},{"floor":15.0,"key":"REST"},{"data":"Footwork","floor":23,"key":"SMITH"},{"data":"Footwork","floor":25,"key":"SMITH"},{"data":"Dodge and Roll","floor":27,"key":"SMITH"}],"neow_cost":"NONE","seed_source_timestamp":0,"circlet_count":0,"master_deck":["AscendersBane","Defend_G+1","Defend_G+1","Defend_G+1","Defend_G+1","Defend_G+1","Strike_G+1","Strike_G+1","Strike_G+1","Strike_G+1","Strike_G+1","Survivor","Neutralize","Cloak And Dagger","Calculated Gamble","Dagger Spray+1","Footwork+1","Burst","Footwork+1","Quick Slash+1","Tools of the Trade","Dodge and Roll+1","Caltrops","Quick Slash","Escape Plan","Die Die Die","Quick Slash+1","Backstab","Backflip","Cloak And Dagger+1","Infinite Blades+1"],"special_seed":0,"relics":["Ring of the Snake","NeowsBlessing","Pear","Ninja Scroll","Bag of Preparation","Coffee Dripper","Dead Branch","Mercury Hourglass","Molten Egg 2"],"potions_floor_usage":[21,22,28],"damage_taken":[{"damage":0.0,"enemies":"Cultist","floor":1.0,"turns":1.0},{"damage":0.0,"enemies":"Small Slimes","floor":2.0,"turns":1.0},{"damage":0.0,"enemies":"Jaw Worm","floor":3.0,"turns":1.0},{"damage":4.0,"enemies":"Looter","floor":5.0,"turns":5.0},{"damage":24.0,"enemies":"Gremlin Nob","floor":6.0,"turns":5.0},{"damage":0.0,"enemies":"Exordium Wildlife","floor":8.0,"turns":4.0},{"damage":1.0,"enemies":"3 Louse","floor":10.0,"turns":3.0},{"damage":23.0,"enemies":"3 Sentries","floor":12.0,"turns":11.0},{"damage":0.0,"enemies":"Looter","floor":14.0,"turns":3.0},{"damage":11.0,"enemies":"Slime Boss","floor":16.0,"turns":16.0},{"damage":16.0,"enemies":"Shell Parasite","floor":18.0,"turns":6.0},{"damage":0.0,"enemies":"3 Byrds","floor":19.0,"turns":3.0},{"damage":12,"enemies":"Colosseum Slavers","floor":21,"turns":4},{"damage":23,"enemies":"Colosseum Nobs","floor":21,"turns":5},{"damage":8,"enemies":"Snecko","floor":22,"turns":5},{"damage":0,"enemies":"Centurion and Healer","floor":24,"turns":3},{"damage":10,"enemies":"Snake Plant","floor":28,"turns":1}],"seed_played":"-6004367641840724573","potions_obtained":[{"floor":2.0,"key":"FearPotion"},{"floor":6.0,"key":"LiquidBronze"},{"floor":8.0,"key":"Poison Potion"},{"floor":12.0,"key":"SkillPotion"},{"floor":16.0,"key":"FearPotion"},{"floor":19.0,"key":"GamblersBrew"},{"floor":22,"key":"FearPotion"}],"is_trial":false,"path_per_floor":["M","M","M","$","M","E","R","M","T","M","R","E","$","M","R","B",null,"M","M","?","?","M","R","M","R","T","R","M"],"character_chosen":"THE_SILENT","items_purchased":["Footwork","Caltrops","Quick Slash"],"campfire_rested":1,"item_purchase_floors":[4,13,13],"current_hp_per_floor":[63,63,63,63,59,45,45,45,45,44,44,21,21,21,45,34,69,53,53,53,18,10,10,10,10,10,10,0],"gold":282,"neow_bonus":"THREE_ENEMY_KILL","is_prod":false,"is_daily":false,"chose_seed":false,"campfire_upgraded":5,"win_rate":0,"timestamp":1542438200,"path_taken":["M","?","M","$","M","E","R","M","T","M","R","E","?","M","R","BOSS","M","M","?","?","M","R","M","R","T","R","M"],"build_version":"2018-11-15","purchased_purges":0,"victory":false,"max_hp_per_floor":[70,70,70,70,70,80,80,80,80,80,80,80,80,80,80,80,80,80,80,80,80,80,80,80,80,80,80,80],"card_choices":[{"not_picked":["Tactician","Prepared"],"picked":"Cloak And Dagger","floor":1.0},{"not_picked":["Acrobatics","Bane"],"picked":"Calculated Gamble","floor":2.0},{"not_picked":["PiercingWail","Blade Dance"],"picked":"Dagger Spray","floor":3.0},{"not_picked":["Outmaneuver","Slice"],"picked":"Burst","floor":5.0},{"not_picked":["Slice","Catalyst"],"picked":"Footwork","floor":6.0},{"not_picked":["Acrobatics","Expertise"],"picked":"Quick Slash","floor":8.0},{"not_picked":["Sucker Punch","Deadly Poison"],"picked":"Tools of the Trade","floor":10.0},{"not_picked":["Outmaneuver","Calculated Gamble"],"picked":"Dodge and Roll","floor":12.0},{"not_picked":["Reflex","Flying Knee"],"picked":"Escape Plan","floor":14.0},{"not_picked":["Storm of Steel","Venomology"],"picked":"Die Die Die","floor":16.0},{"not_picked":["Slice","Underhanded Strike"],"picked":"Quick Slash+1","floor":18.0},{"not_picked":["Poisoned Stab","PiercingWail"],"picked":"Backstab","floor":19.0},{"not_picked":["Acrobatics+1","Flying Knee"],"picked":"Backflip","floor":21},{"not_picked":["Terror","Bane"],"picked":"Cloak And Dagger+1","floor":22},{"not_picked":["Prepared","Backflip"],"picked":"Infinite Blades+1","floor":24}],"player_experience":611588,"relics_obtained":[{"floor":6.0,"key":"Pear"},{"floor":9.0,"key":"Ninja Scroll"},{"floor":12.0,"key":"Bag of Preparation"},{"floor":21,"key":"Dead Branch"},{"floor":21,"key":"Mercury Hourglass"},{"floor":26,"key":"Molten Egg 2"}],"event_choices":[{"damage_healed":0.0,"max_hp_gain":0.0,"max_hp_loss":0.0,"gold_gain":0.0,"event_name":"Back to Basics","player_choice":"Simplicity","floor":20.0,"gold_loss":0.0,"damage_taken":0.0,"cards_upgraded":["Defend_G","Defend_G","Defend_G","Defend_G","Defend_G","Strike_G","Strike_G","Strike_G","Strike_G","Strike_G"]},{"damage_healed":0,"gold_gain":0,"player_choice":"Fight","damage_taken":0,"max_hp_gain":0,"max_hp_loss":0,"event_name":"Colosseum","floor":21,"gold_loss":0},{"damage_healed":0,"gold_gain":0,"player_choice":"Fought Nobs","damage_taken":0,"max_hp_gain":0,"max_hp_loss":0,"event_name":"Colosseum","floor":21,"gold_loss":0}],"is_beta":false,"boss_relics":[{"not_picked":["Ring of the Serpent","Orrery"],"picked":"Coffee Dripper"}],"items_purged_floors":[],"is_endless":false,"potions_floor_spawned":[2,6,8,12,16,19,21,22],"killed_by":"Snake Plant","ascension_level":10}