{"gold_per_floor":[112,132,143,70,89,117,143,174,239,251,263,314,326,362,374,386],"floor_reached":16,"playtime":424,"items_purged":[],"score":148,"play_id":"4fc30a52-6b08-46fb-9267-4ac997d1980c","local_time":"20190317104420","is_ascension_mode":true,"campfire_choices":[{"floor":10,"key":"REST"},{"floor":13,"key":"REST"},{"floor":15,"key":"REST"}],"neow_cost":"NONE","seed_source_timestamp":210029576059487,"circlet_count":0,"master_deck":["Strike_R","Strike_R","Strike_R","Strike_R","Strike_R","Defend_R","Defend_R","Defend_R","Defend_R","Bash","Infernal Blade","Whirlwind","Havoc","Dark Embrace","Flex","Iron Wave","Cleave","Havoc"],"relics":["Burning Blood","NeowsBlessing","Red Skull","MawBank","Anchor","Golden Idol","Frozen Egg 2"],"potions_floor_usage":[7,14],"damage_taken":[{"damage":0,"enemies":"Small Slimes","floor":1,"turns":1},{"damage":0,"enemies":"Cultist","floor":2,"turns":1},{"damage":0,"enemies":"2 Louse","floor":3,"turns":1},{"damage":12,"enemies":"Looter","floor":5,"turns":3},{"damage":53,"enemies":"Gremlin Nob","floor":6,"turns":5},{"damage":14,"enemies":"Red Slaver","floor":7,"turns":2},{"damage":10,"enemies":"2 Fungi Beasts","floor":8,"turns":3},{"damage":15,"enemies":"3 Sentries","floor":12,"turns":4},{"damage":10,"enemies":"Gremlin Gang","floor":14,"turns":4},{"damage":71,"enemies":"Hexaghost","floor":16,"turns":9}],"seed_played":"3305969210087787626","potions_obtained":[{"floor":3,"key":"Strength Potion"},{"floor":5,"key":"Strength Potion"},{"floor":7,"key":"AttackPotion"},{"floor":12,"key":"Dexterity Potion"}],"is_trial":false,"path_per_floor":["?","M","?"],"character_chosen":"IRONCLAD","items_purchased":[],"campfire_rested":3,"item_purchase_floors":[],"current_hp_per_floor":[78,80,80,80,74,27,19,15,15,39,39,30,52,48,70,0],"gold":386,"neow_bonus":"THREE_ENEMY_KILL","is_prod":false,"is_daily":false,"chose_seed":false,"campfire_upgraded":0,"win_rate":0,"timestamp":1552815860,"path_taken":["M","M","M","?","?","E","M","M","T","R","?","E","R","M","R","BOSS"],"build_version":"2019-01-23","purchased_purges":0,"victory":false,"max_hp_per_floor":[80,80,80,80,80,80,80,80,80,80,74,74,74,74,74,74],"card_choices":[{"not_picked":["Anger","Warcry"],"picked":"Infernal Blade","floor":1},{"not_picked":["Flex","Heavy Blade"],"picked":"Whirlwind","floor":2},{"not_picked":["Body Slam","Anger","Searing Blow"],"picked":"SKIP","floor":3},{"not_picked":["Berserk","Carnage"],"picked":"Havoc","floor":5},{"not_picked":["Bludgeon","Cleave"],"picked":"Dark Embrace","floor":6},{"not_picked":["Sentinel","Cleave"],"picked":"Flex","floor":7},{"not_picked":["Blood for Blood","Combust"],"picked":"Iron Wave","floor":8},{"not_picked":["Anger","Perfected Strike"],"picked":"Cleave","floor":12},{"not_picked":["True Grit","Twin Strike"],"picked":"Havoc","floor":14}],"player_experience":356437,"relics_obtained":[{"floor":6,"key":"MawBank"},{"floor":9,"key":"Anchor"},{"floor":12,"key":"Frozen Egg 2"}],"event_choices":[{"damage_healed":0,"gold_gain":0,"player_choice":"Paid Gold","damage_taken":0,"relics_obtained":["Red Skull"],"max_hp_gain":0,"max_hp_loss":0,"event_name":"WeMeetAgain","floor":4,"gold_loss":73},{"damage_healed":0,"gold_gain":0,"player_choice":"Lose Max HP","damage_taken":0,"relics_obtained":["Golden Idol"],"max_hp_gain":0,"max_hp_loss":6,"event_name":"Golden Idol","floor":11,"gold_loss":0}],"is_beta":false,"boss_relics":[],"items_purged_floors":[],"is_endless":false,"potions_floor_spawned":[3,5,7,12],"killed_by":"Hexaghost","ascension_level":6}