{"path_per_floor":["M","M","?","?","$","R","M","R","T","R","E","?","M","$","R","B",null,"M","M","$","?","$","E","R","?","T","R","M","R","E","M","R","B",null,"M","?","?","M","?"],"character_chosen":"DEFECT","items_purchased":["Apotheosis","Capacitor","Capacitor"],"gold_per_floor":[116,130,100,100,100,100,115,115,142,142,174,174,199,124,124,248,248,264,277,52,52,5,39,39,39,39,39,54,54,89,103,103,228,228,247,247,247,247,306,306],"floor_reached":40,"campfire_rested":3,"playtime":2748,"current_hp_per_floor":[73,72,72,72,72,72,65,65,65,65,58,58,52,52,52,33,82,82,69,69,69,69,15,39,39,39,39,23,47,23,15,39,10,82,64,64,64,64,14,0],"items_purged":["Injury"],"gold":306,"score":462,"play_id":"2e239dac-d815-4a4f-956a-6ffea515aa92","local_time":"20180509001947","is_prod":false,"is_daily":false,"chose_seed":false,"is_ascension_mode":true,"campfire_upgraded":5,"timestamp":1525843187,"path_taken":["M","M","?","?","$","R","M","R","T","R","E","?","M","$","R","BOSS","M","M","$","?","$","E","R","?","T","R","?","R","E","M","R","BOSS","M","?","?","M","?","E"],"build_version":"2018-05-07","seed_source_timestamp":1424446777527,"purchased_purges":1,"victory":false,"master_deck":["Strike_B","Defend_B","Defend_B","Defend_B","Zap+1","Dualcast+1","Lockon","Melter","Rip and Tear+1","Tempest+1","Glacier+1","Multi-Cast","Aggregate","Ball Lightning","Apotheosis+1","Capacitor","Capacitor","Rainbow","Auto Shields","Defragment+1","Doom and Gloom","Fission","White Noise+1","Redo+1"],"max_hp_per_floor":[75,75,75,75,75,75,75,75,75,75,82,82,82,82,82,82,82,82,82,82,82,82,82,82,82,82,82,82,82,82,82,82,82,82,82,82,82,82,82,82],"relics":["Cracked Core","Bag of Marbles","Strawberry","Golden Idol","Black Star","Matryoshka","Mercury Hourglass","Vajra","Bird Faced Urn","Juzu Bracelet","Bronze Scales","Runic Pyramid","Ginger"],"card_choices":[{"not_picked":["Axe Kick","Loop"],"picked":"Lockon","floor":1.0},{"not_picked":["Sweeping Beam","Hologram"],"picked":"Melter","floor":2.0},{"not_picked":["Sweeping Beam","Turbo"],"picked":"Tempest","floor":7.0},{"not_picked":["Capacitor","Leap"],"picked":"Glacier","floor":13.0},{"not_picked":["Machine Learning","Hyperbeam"],"picked":"Multi-Cast","floor":16.0},{"not_picked":["Axe Kick","Leap"],"picked":"Aggregate","floor":18.0},{"not_picked":["Genetic Algorithm","Loop"],"picked":"Ball Lightning","floor":19.0},{"not_picked":["Streamline","Impulse"],"picked":"Auto Shields","floor":28.0},{"not_picked":["Rebound","Heatsinks"],"picked":"Defragment","floor":30.0},{"not_picked":["Glacier","Storm"],"picked":"Doom and Gloom","floor":31.0},{"not_picked":["Seek","Nova"],"picked":"Fission","floor":33.0},{"not_picked":["Sweeping Beam","Darkness"],"picked":"White Noise","floor":35.0},{"not_picked":["Go for the Eyes","Impulse"],"picked":"Redo","floor":39}],"player_experience":69038,"potions_floor_usage":[38,40],"damage_taken":[{"damage":2.0,"enemies":"Jaw Worm","floor":1.0,"turns":3.0},{"damage":1.0,"enemies":"Cultist","floor":2.0,"turns":3.0},{"damage":7.0,"enemies":"Small Slimes","floor":7.0,"turns":2.0},{"damage":14.0,"enemies":"Gremlin Nob","floor":11.0,"turns":3.0},{"damage":6.0,"enemies":"2 Fungi Beasts","floor":13.0,"turns":3.0},{"damage":19.0,"enemies":"The Guardian","floor":16.0,"turns":10.0},{"damage":0.0,"enemies":"Spheric Guardian","floor":18.0,"turns":1.0},{"damage":13.0,"enemies":"Shell Parasite","floor":19.0,"turns":4.0},{"damage":54.0,"enemies":"Book of Stabbing","floor":23.0,"turns":7.0},{"damage":16.0,"enemies":"Snake Plant","floor":28.0,"turns":2.0},{"damage":28.0,"enemies":"Gremlin Leader","floor":30.0,"turns":8.0},{"damage":12.0,"enemies":"Cultist and Chosen","floor":31.0,"turns":4.0},{"damage":35.0,"enemies":"Champ","floor":33.0,"turns":11.0},{"damage":18.0,"enemies":"Orb Walker","floor":35.0,"turns":3.0},{"damage":0,"enemies":"3 Darklings","floor":38,"turns":1},{"damage":58,"enemies":"Mysterious Sphere","floor":39,"turns":5},{"damage":35,"enemies":"Nemesis","floor":40,"turns":2}],"event_choices":[{"event_name":"The Woman in Blue","player_choice":"Bought 2 Potions","floor":3.0,"damage_taken":0.0},{"event_name":"Transmorgrifier","player_choice":"Transform","floor":4.0,"damage_taken":0.0},{"event_name":"Golden Idol","player_choice":"Take Wound","floor":12.0,"damage_taken":0.0},{"event_name":"Drug Dealer","player_choice":"Ignored","floor":21.0,"damage_taken":0.0},{"event_name":"Transmorgrifier","player_choice":"Transform","floor":25.0,"damage_taken":0.0},{"event_name":"Purifier","player_choice":"One Purge","floor":37.0,"damage_taken":0.0},{"event_name":"Mysterious Sphere","player_choice":"Fight","floor":39,"damage_taken":0}],"boss_relics":[],"potions_floor_spawned":[2,7,19,30,31,33],"seed_played":"-6561430205999350512","killed_by":"Nemesis","ascension_level":2,"is_trial":false}