{"gold_per_floor":[110,120,137,148,2,2,30,30,78,89,101,117,137,150,150,150],"floor_reached":16,"playtime":584,"items_purged":[],"score":162,"play_id":"3610680e-50db-4db4-940a-74d639aa9cd9","local_time":"20181108004249","is_ascension_mode":true,"campfire_choices":[{"data":"Fusion","floor":6,"key":"SMITH"},{"data":"Defragment","floor":8,"key":"SMITH"},{"data":"Defragment","floor":15,"key":"SMITH"}],"neow_cost":"NONE","seed_source_timestamp":3033185196262875,"circlet_count":0,"master_deck":["AscendersBane","Strike_B","Strike_B","Strike_B","Strike_B","Defend_B","Defend_B","Defend_B","Defend_B","Zap","Dualcast","Ball Lightning","Fusion+1","Cold Snap","Defragment+1","Cold Snap","Self Repair","Streamline","Rip and Tear","Defragment+1"],"relics":["Coffee Dripper","DataDisk","Darkstone Periapt","Omamori"],"potions_floor_usage":[7,10,12,16],"damage_taken":[{"damage":1,"enemies":"Cultist","floor":1,"turns":4},{"damage":0,"enemies":"Small Slimes","floor":2,"turns":3},{"damage":7,"enemies":"Jaw Worm","floor":3,"turns":3},{"damage":27,"enemies":"Gremlin Gang","floor":4,"turns":5},{"damage":21,"enemies":"Lagavulin","floor":7,"turns":6},{"damage":12,"enemies":"Exordium Thugs","floor":10,"turns":4},{"damage":0,"enemies":"Blue Slaver","floor":11,"turns":4},{"damage":5,"enemies":"Exordium Wildlife","floor":12,"turns":4},{"damage":9,"enemies":"Red Slaver","floor":13,"turns":3},{"damage":9,"enemies":"Large Slime","floor":14,"turns":5},{"damage":10,"enemies":"Slime Boss","floor":16,"turns":3}],"seed_played":"-2493077060029846108","potions_obtained":[{"floor":1,"key":"Energy Potion"},{"floor":2,"key":"Regen Potion"},{"floor":3,"key":"GamblersBrew"},{"floor":7,"key":"Explosive Potion"},{"floor":14,"key":"FocusPotion"}],"is_trial":false,"path_per_floor":["M","M","M","M","$","R","E","R","T","M","M","M","M","M","R","B"],"character_chosen":"DEFECT","items_purchased":["DataDisk"],"campfire_rested":0,"item_purchase_floors":[5],"current_hp_per_floor":[67,67,60,33,33,33,24,24,24,12,12,14,12,10,10,0],"gold":150,"neow_bonus":"BOSS_RELIC","is_prod":false,"is_daily":false,"chose_seed":false,"campfire_upgraded":3,"win_rate":0,"timestamp":1541662969,"path_taken":["M","M","M","M","$","R","E","R","T","?","M","M","M","M","R","BOSS"],"build_version":"2018-11-01","purchased_purges":0,"victory":false,"max_hp_per_floor":[75,75,75,75,75,75,75,75,75,75,75,75,75,75,75,75],"card_choices":[{"not_picked":["Undo","Force Field","Barrage"],"picked":"SKIP","floor":1},{"not_picked":["Force Field","Stack"],"picked":"Ball Lightning","floor":2},{"not_picked":["Cold Snap","Scrape"],"picked":"Fusion","floor":3},{"not_picked":["Storm","Leap"],"picked":"Cold Snap","floor":4},{"not_picked":["Melter","Steam"],"picked":"Defragment","floor":7},{"not_picked":["Melter","Tempest"],"picked":"Cold Snap","floor":10},{"not_picked":["Chaos","Hello World"],"picked":"Self Repair","floor":11},{"not_picked":["Compile Driver","Consume"],"picked":"Streamline","floor":12},{"not_picked":["Compile Driver","Melter"],"picked":"Rip and Tear","floor":13},{"not_picked":["Capacitor","Barrage"],"picked":"Defragment","floor":14}],"player_experience":563449,"relics_obtained":[{"floor":7,"key":"Darkstone Periapt"},{"floor":9,"key":"Omamori"}],"event_choices":[],"is_beta":false,"boss_relics":[],"items_purged_floors":[],"is_endless":false,"potions_floor_spawned":[1,2,3,7,14],"killed_by":"Slime Boss","ascension_level":10}