{"gold_per_floor":[213,231,245,9,23,55,55,85,85,85,103,114,181,181,181,280,280,299,311,311,108,124,124,140,49,74,86,86,86,101,101,101,206,206,223,223,242,261,8,43,43,56,56,0,0,0,11,11,11,11],"floor_reached":50,"playtime":2479,"items_purged":[],"score":654,"play_id":"7c2261f8-c8de-47cf-b591-81f662057a8e","local_time":"20181105121459","is_ascension_mode":true,"campfire_choices":[{"data":"Panache","floor":7.0,"key":"SMITH"},{"floor":10.0,"key":"REST"},{"data":"Calculated Gamble","floor":15.0,"key":"SMITH"},{"floor":23.0,"key":"REST"},{"data":"Footwork","floor":29,"key":"SMITH"},{"data":"Backflip","floor":32,"key":"SMITH"},{"data":"Bandage Up","floor":41,"key":"SMITH"},{"data":"Phantasmal Killer","floor":45,"key":"SMITH"},{"data":"Bullet Time","floor":49,"key":"SMITH"}],"neow_cost":"NONE","seed_source_timestamp":2813569040156211,"circlet_count":0,"master_deck":["Survivor","Neutralize","Bane","All Out Attack","Cloak And Dagger","Panache+1","Poisoned Stab","Poisoned Stab","Dodge and Roll","Well Laid Plans","Deflect","Calculated Gamble+1","Bullet Time+1","Deadly Poison","Blade Dance","Slice","Poisoned Stab","Quick Slash","Deflect","Distraction","Acrobatics","Catalyst","Backflip+1","Skewer","Footwork+1","Bandage Up+1","Flying Knee","PiercingWail","Skewer+1","Bandage Up","Caltrops+1","Leg Sweep+1","Phantasmal Killer+1","Backflip+1","Cloak And Dagger+1","PiercingWail+1","Heel Hook+1","Panacea","Backflip+1"],"special_seed":0,"relics":["Ring of the Snake","Shuriken","Pen Nib","Omamori","Darkstone Periapt","Pandora\u0027s Box","Bag of Preparation","Coffee Dripper","Art of War","Ninja Scroll","StoneCalendar","Mercury Hourglass","Red Mask"],"potions_floor_usage":[27,33,40,42,50,50],"damage_taken":[{"damage":0.0,"enemies":"Jaw Worm","floor":1.0,"turns":4.0},{"damage":0.0,"enemies":"Small Slimes","floor":2.0,"turns":3.0},{"damage":1.0,"enemies":"Cultist","floor":3.0,"turns":3.0},{"damage":4.0,"enemies":"Looter","floor":5.0,"turns":4.0},{"damage":15.0,"enemies":"3 Sentries","floor":6.0,"turns":5.0},{"damage":20.0,"enemies":"Gremlin Nob","floor":8.0,"turns":4.0},{"damage":6.0,"enemies":"Lots of Slimes","floor":11.0,"turns":2.0},{"damage":0.0,"enemies":"Large Slime","floor":12.0,"turns":4.0},{"damage":26.0,"enemies":"Hexaghost","floor":16.0,"turns":11.0},{"damage":12.0,"enemies":"Chosen","floor":18.0,"turns":4.0},{"damage":23.0,"enemies":"2 Thieves","floor":19.0,"turns":5.0},{"damage":8.0,"enemies":"Centurion and Healer","floor":22.0,"turns":6.0},{"damage":12.0,"enemies":"Snake Plant","floor":24.0,"turns":3.0},{"damage":20,"enemies":"Cultist and Chosen","floor":27,"turns":6},{"damage":18,"enemies":"Snecko","floor":30,"turns":4},{"damage":61,"enemies":"Automaton","floor":33,"turns":9},{"damage":4,"enemies":"3 Shapes","floor":35,"turns":11},{"damage":0,"enemies":"Orb Walker","floor":37,"turns":4},{"damage":0,"enemies":"Jaw Worm Horde","floor":38,"turns":3},{"damage":51,"enemies":"Reptomancer","floor":40,"turns":6},{"damage":0,"enemies":"Maw","floor":42,"turns":7},{"damage":19,"enemies":"Writhing Mass","floor":47,"turns":6},{"damage":49,"enemies":"Time Eater","floor":50,"turns":5}],"seed_played":"9171885898250619452","potions_obtained":[{"floor":2.0,"key":"SpeedPotion"},{"floor":6.0,"key":"Dexterity Potion"},{"floor":12.0,"key":"EntropicBrew"},{"floor":16.0,"key":"FearPotion"},{"floor":19.0,"key":"PowerPotion"},{"floor":33,"key":"Swift Potion"},{"floor":37,"key":"SkillPotion"},{"floor":40,"key":"Regen Potion"}],"is_trial":false,"path_per_floor":["M","M","M","$","M","E","R","E","T","R","M","M","?","?","R","B",null,"M","M","?","$","M","R","M","$","T","M","?","R","M","?","R","B",null,"M","T","M","M","$","E","R","M","T","?","R","?","M","$","R","B"],"character_chosen":"THE_SILENT","items_purchased":["Panache","Poisoned Stab","Footwork","Bandage Up","Flying Knee","Bandage Up","Ninja Scroll"],"campfire_rested":2,"item_purchase_floors":[4,4,21,21,21,25,39],"current_hp_per_floor":[63,63,62,62,58,43,43,23,23,44,38,38,38,38,38,12,56,44,21,21,21,17,38,26,26,26,14,70,70,60,60,60,16,57,61,61,69,70,70,19,19,29,29,29,29,29,20,20,20,0],"gold":11,"neow_bonus":"HUNDRED_GOLD","is_prod":false,"is_daily":false,"chose_seed":false,"campfire_upgraded":7,"win_rate":0,"timestamp":1541445299,"path_taken":["M","M","M","$","M","E","R","E","T","R","M","M","?","?","R","BOSS","M","M","?","$","M","R","?","$","T","M","?","R","?","?","R","BOSS","M","?","M","M","$","E","R","?","T","?","R","?","M","?","R","BOSS"],"build_version":"2018-11-01","purchased_purges":0,"victory":false,"max_hp_per_floor":[70,70,70,70,70,70,70,70,70,70,70,70,70,70,70,70,70,70,70,70,70,70,70,70,70,70,70,70,70,70,70,70,70,70,70,70,70,70,70,70,70,70,70,70,70,70,70,70,70,70],"card_choices":[{"not_picked":["Flechettes","Choke"],"picked":"Bane","floor":1.0},{"not_picked":["Accuracy","Underhanded Strike"],"picked":"All Out Attack","floor":2.0},{"not_picked":["Sucker Punch","Riddle With Holes"],"picked":"Cloak And Dagger","floor":3.0},{"not_picked":["Cloak And Dagger","Finisher"],"picked":"Poisoned Stab","floor":5.0},{"not_picked":["Outmaneuver","Poisoned Stab"],"picked":"Dodge and Roll","floor":6.0},{"not_picked":["Finisher","Night Terror"],"picked":"Well Laid Plans","floor":8.0},{"not_picked":["Outmaneuver","Skewer"],"picked":"Deflect","floor":11.0},{"not_picked":["Dash","Bane"],"picked":"Calculated Gamble","floor":12.0},{"not_picked":["A Thousand Cuts","Tools of the Trade"],"picked":"Bullet Time","floor":16.0},{"not_picked":["Finisher+1","Well Laid Plans+1"],"picked":"Catalyst","floor":18.0},{"not_picked":["Acrobatics","Quick Slash"],"picked":"Backflip","floor":19.0},{"not_picked":["Bane","Dagger Spray"],"picked":"PiercingWail","floor":22.0},{"not_picked":["Backstab","Predator"],"picked":"Skewer+1","floor":24.0},{"not_picked":["Flying Knee+1","Escape Plan+1"],"picked":"Caltrops+1","floor":27},{"not_picked":["Slice","Dodge and Roll+1"],"picked":"Leg Sweep+1","floor":30},{"not_picked":["Glass Knife","Doppelganger"],"picked":"Phantasmal Killer","floor":33},{"not_picked":["Cloak And Dagger","Bane"],"picked":"Backflip+1","floor":35},{"not_picked":["Dodge and Roll+1","Poisoned Stab+1"],"picked":"Cloak And Dagger+1","floor":37},{"not_picked":["Underhanded Strike+1","Slice+1"],"picked":"PiercingWail+1","floor":38},{"not_picked":["Deadly Poison+1","Dagger Throw+1"],"picked":"Heel Hook+1","floor":40},{"not_picked":["Endless Agony+1","Underhanded Strike+1","Outmaneuver"],"picked":"SKIP","floor":42},{"not_picked":["Good Instincts","PanicButton"],"picked":"Panacea","floor":46},{"not_picked":["Dodge and Roll","Deflect+1"],"picked":"Backflip+1","floor":47}],"player_experience":541911,"relics_obtained":[{"floor":6.0,"key":"Shuriken"},{"floor":8.0,"key":"Pen Nib"},{"floor":9.0,"key":"Omamori"},{"floor":26.0,"key":"Bag of Preparation"},{"floor":36,"key":"Art of War"},{"floor":40,"key":"StoneCalendar"},{"floor":43,"key":"Mercury Hourglass"}],"event_choices":[{"damage_healed":0.0,"max_hp_gain":0.0,"max_hp_loss":0.0,"gold_gain":67.0,"event_name":"Golden Wing","player_choice":"Gained Gold","floor":13.0,"gold_loss":0.0,"damage_taken":0.0},{"damage_healed":0.0,"max_hp_gain":0.0,"max_hp_loss":0.0,"gold_gain":0.0,"event_name":"Big Fish","player_choice":"Box","floor":14.0,"gold_loss":0.0,"damage_taken":0.0,"relics_obtained":["Darkstone Periapt"],"cards_obtained":["Regret"]},{"damage_healed":0.0,"max_hp_gain":0.0,"max_hp_loss":0.0,"gold_gain":0.0,"cards_transformed":["Masterful Stab"],"event_name":"Transmorgrifier","player_choice":"Transformed","floor":20.0,"gold_loss":0.0,"damage_taken":0.0,"cards_obtained":["Skewer"]},{"cards_removed":["Concentrate"],"damage_healed":56,"gold_gain":0,"player_choice":"Offered Uncommon","damage_taken":0,"max_hp_gain":0,"max_hp_loss":0,"event_name":"Bonfire Elementals","floor":28,"gold_loss":0},{"damage_healed":0,"gold_gain":0,"player_choice":"Bought 0 Potions","damage_taken":0,"max_hp_gain":0,"max_hp_loss":0,"event_name":"The Woman in Blue","floor":31,"gold_loss":0},{"damage_healed":0,"gold_gain":0,"player_choice":"Paid","damage_taken":0,"relics_obtained":["Red Mask"],"max_hp_gain":0,"max_hp_loss":0,"event_name":"Tomb of Lord Red Mask","floor":44,"gold_loss":56},{"damage_healed":0,"gold_gain":0,"player_choice":"Memory 1","damage_taken":0,"max_hp_gain":0,"max_hp_loss":0,"event_name":"SensoryStone","floor":46,"gold_loss":0}],"is_beta":false,"boss_relics":[{"not_picked":["Eternal Feather","Philosopher\u0027s Stone"],"picked":"Pandora\u0027s Box"},{"not_picked":["White Beast Statue","Snecko Eye"],"picked":"Coffee Dripper"}],"items_purged_floors":[],"is_endless":false,"potions_floor_spawned":[2,6,12,16,19,22,33,37,38,40],"killed_by":"Time Eater","ascension_level":6}