{"gold_per_floor":[109,31,42,42,42,42,19,32,77,96,113,113,113,126,126,126],"floor_reached":16,"playtime":921,"items_purged":[],"score":91,"play_id":"4b645517-f103-45de-9b05-e72da54bfc04","local_time":"20190308122042","is_ascension_mode":false,"campfire_choices":[{"data":"Entrench","floor":6,"key":"SMITH"},{"data":"Armaments","floor":12,"key":"SMITH"},{"floor":15,"key":"REST"}],"neow_cost":"NONE","seed_source_timestamp":1958455660649424,"circlet_count":0,"master_deck":["Strike_R","Strike_R","Strike_R","Strike_R","Strike_R","Defend_R","Defend_R","Defend_R","Defend_R","Bash","Battle Trance","Entrench+1","Armaments+1","Shrug It Off","Disarm"],"relics":["Burning Blood","NeowsBlessing","Vajra","Spirit Poop"],"potions_floor_usage":[14,14,14],"damage_taken":[{"damage":0,"enemies":"Cultist","floor":1,"turns":1},{"damage":0,"enemies":"Jaw Worm","floor":3,"turns":1},{"damage":0,"enemies":"2 Louse","floor":8,"turns":1},{"damage":25,"enemies":"Lots of Slimes","floor":10,"turns":9},{"damage":48,"enemies":"Gremlin Gang","floor":11,"turns":7},{"damage":11,"enemies":"Large Slime","floor":14,"turns":6},{"damage":41,"enemies":"Hexaghost","floor":16,"turns":14}],"seed_played":"-172993007150094128","potions_obtained":[{"floor":3,"key":"FearPotion"},{"floor":10,"key":"Strength Potion"},{"floor":11,"key":"Block Potion"}],"is_trial":false,"path_per_floor":["M","$","M","?","?","R","$","M","T","M","M","R","?","M","R","B"],"character_chosen":"IRONCLAD","items_purchased":["Entrench","Armaments"],"campfire_rested":1,"item_purchase_floors":[2,7],"current_hp_per_floor":[80,80,80,80,80,80,80,80,80,61,19,19,19,14,38,0],"gold":126,"neow_bonus":"THREE_ENEMY_KILL","is_prod":false,"is_daily":false,"chose_seed":false,"campfire_upgraded":2,"win_rate":0,"timestamp":1552015242,"path_taken":["M","?","M","?","?","R","$","M","T","M","M","R","?","M","R","BOSS"],"build_version":"2019-01-23","purchased_purges":0,"victory":false,"max_hp_per_floor":[80,80,80,80,80,80,80,80,80,80,80,80,80,80,80,80],"card_choices":[{"not_picked":["Thunderclap","Fire Breathing"],"picked":"Battle Trance","floor":1},{"not_picked":["Burning Pact","Wild Strike","Rupture"],"picked":"SKIP","floor":3},{"not_picked":["Warcry","Spot Weakness","Inflame"],"picked":"SKIP","floor":8},{"not_picked":["Inflame","Carnage","Spot Weakness"],"picked":"SKIP","floor":10},{"not_picked":["Headbutt","True Grit"],"picked":"Shrug It Off","floor":11},{"not_picked":["Seeing Red","Entrench"],"picked":"Disarm","floor":14}],"player_experience":212893,"relics_obtained":[],"event_choices":[{"damage_healed":0,"gold_gain":0,"player_choice":"Ignored","damage_taken":0,"max_hp_gain":0,"max_hp_loss":0,"event_name":"Liars Game","floor":4,"gold_loss":0},{"damage_healed":0,"gold_gain":0,"player_choice":"Box","damage_taken":0,"relics_obtained":["Vajra"],"max_hp_gain":0,"max_hp_loss":0,"event_name":"Big Fish","floor":5,"gold_loss":0,"cards_obtained":["Regret"]},{"cards_removed":["Regret"],"damage_healed":0,"gold_gain":0,"player_choice":"Offered Curse","damage_taken":0,"relics_obtained":["Spirit Poop"],"max_hp_gain":0,"max_hp_loss":0,"event_name":"Bonfire Elementals","floor":13,"gold_loss":0}],"is_beta":false,"boss_relics":[],"items_purged_floors":[],"is_endless":false,"potions_floor_spawned":[3,10,11],"killed_by":"Hexaghost","ascension_level":0}