{"gold_per_floor":[119,131,131,56,56,89,106,167,218,218,218,218,218],"floor_reached":13,"playtime":455,"items_purged":["Strike_R"],"score":163,"play_id":"2670a3d9-5cba-4e75-8b06-b61f9bef6ef1","local_time":"20190319221902","is_ascension_mode":true,"campfire_choices":[],"neow_cost":"NONE","seed_source_timestamp":8398027039434,"circlet_count":0,"master_deck":["AscendersBane","Strike_R","Strike_R","Strike_R","Strike_R","Defend_R","Defend_R","Defend_R","Defend_R","Bash","Evolve","Entrench","Rampage","Shrug It Off","Shrug It Off"],"relics":["Burning Blood","Oddly Smooth Stone","Omamori","Vajra","Tiny Chest","Orichalcum","Letter Opener"],"potions_floor_usage":[6,6,10],"damage_taken":[{"damage":2,"enemies":"Small Slimes","floor":1,"turns":4},{"damage":10,"enemies":"Cultist","floor":2,"turns":4},{"damage":53,"enemies":"Gremlin Nob","floor":6,"turns":6},{"damage":8,"enemies":"2 Louse","floor":7,"turns":2},{"damage":30,"enemies":"Lagavulin","floor":8,"turns":9},{"damage":0,"enemies":"Large Slime","floor":10,"turns":2},{"damage":48,"enemies":"Gremlin Nob","floor":13,"turns":5}],"seed_played":"2840629208537134537","potions_obtained":[{"floor":2,"key":"PowerPotion"},{"floor":3,"key":"Regen Potion"},{"floor":8,"key":"SmokeBomb"}],"is_trial":false,"path_per_floor":["M","M","?","$","T","E","M","E","T","M","?","T","E"],"character_chosen":"IRONCLAD","items_purchased":[],"campfire_rested":0,"item_purchase_floors":[],"current_hp_per_floor":[72,68,68,68,68,33,31,7,7,13,31,31,0],"gold":218,"neow_bonus":"RANDOM_COMMON_RELIC","is_prod":false,"is_daily":false,"chose_seed":false,"campfire_upgraded":0,"win_rate":0,"timestamp":1553001542,"path_taken":["M","M","?","$","?","E","M","E","T","M","?","?","E"],"build_version":"2019-01-23","purchased_purges":1,"victory":false,"max_hp_per_floor":[75,75,75,75,75,75,75,75,75,75,75,75,75],"card_choices":[{"not_picked":["Cleave","Wild Strike"],"picked":"Evolve","floor":1},{"not_picked":["Havoc","Perfected Strike"],"picked":"Entrench","floor":2},{"not_picked":["Clash","Uppercut"],"picked":"Rampage","floor":6},{"not_picked":["Havoc","Perfected Strike"],"picked":"Shrug It Off","floor":7},{"not_picked":["Clothesline","Inflame"],"picked":"Shrug It Off","floor":8}],"player_experience":445038,"relics_obtained":[{"floor":5,"key":"Omamori"},{"floor":6,"key":"Vajra"},{"floor":8,"key":"Tiny Chest"},{"floor":9,"key":"Orichalcum"},{"floor":12,"key":"Letter Opener"}],"event_choices":[{"damage_healed":0,"gold_gain":0,"player_choice":"Got Potions","damage_taken":0,"max_hp_gain":0,"max_hp_loss":0,"event_name":"Lab","floor":3,"gold_loss":0},{"damage_healed":18,"gold_gain":0,"player_choice":"Healed and dodged fight","damage_taken":0,"max_hp_gain":0,"max_hp_loss":0,"event_name":"Mushrooms","floor":11,"gold_loss":0,"cards_obtained":["Parasite"]}],"is_beta":false,"boss_relics":[],"items_purged_floors":[4],"is_endless":false,"potions_floor_spawned":[2,8,10],"killed_by":"Gremlin Nob","ascension_level":15}