{"gold_per_floor":[118,118,132,307,382,382,382,382,382,410,1,1,1,42,42,162,162,177,102,120,120,131,131,145,145,172,190,190],"floor_reached":28,"playtime":1843,"items_purged":[],"score":264,"play_id":"819ebba2-6952-41b6-b197-6a38eff59d9b","local_time":"20190317132334","is_ascension_mode":false,"campfire_choices":[{"floor":6,"key":"REST"},{"floor":12,"key":"REST"},{"data":"Rip and Tear","floor":15,"key":"SMITH"},{"floor":23,"key":"REST"},{"floor":25,"key":"REST"}],"neow_cost":"NONE","seed_source_timestamp":193958980649900,"circlet_count":0,"master_deck":["Strike_B","Strike_B","Strike_B","Strike_B","Defend_B","Defend_B","Defend_B","Defend_B","Zap","Dualcast","Multi-Cast","Glacier","Lockon","Scrape","Reprogram","Enlightenment","Rip and Tear+1","Hyperbeam","Turbo","Cold Snap","Creative AI","Rainbow","Capacitor"],"relics":["Cracked Core","Mango","Ornamental Fan","FossilizedHelix","Odd Mushroom","Sling","Potion Belt","Philosopher\u0027s Stone","Nloth\u0027s Gift","Vajra"],"potions_floor_usage":[16,16,18,20,24],"damage_taken":[{"damage":8,"enemies":"Small Slimes","floor":1,"turns":3},{"damage":10,"enemies":"Jaw Worm","floor":3,"turns":5},{"damage":22,"enemies":"The Mushroom Lair","floor":10,"turns":4},{"damage":0,"enemies":"Gremlin Nob","floor":14,"turns":4},{"damage":32,"enemies":"Slime Boss","floor":16,"turns":11},{"damage":31,"enemies":"3 Byrds","floor":18,"turns":5},{"damage":0,"enemies":"Spheric Guardian","floor":20,"turns":4},{"damage":48,"enemies":"Snake Plant","floor":22,"turns":6},{"damage":11,"enemies":"Centurion and Healer","floor":24,"turns":10},{"damage":29,"enemies":"Cultist and Chosen","floor":27,"turns":8},{"damage":30,"enemies":"Snake Plant","floor":28,"turns":4}],"seed_played":"6578094801676990944","potions_obtained":[{"floor":1,"key":"SteroidPotion"},{"floor":16,"key":"SteroidPotion"},{"floor":18,"key":"Block Potion"},{"floor":22,"key":"Fruit Juice"}],"is_trial":false,"path_per_floor":["M","?","M","?","?","R","?","T","T","?","$","R","?","E","R","B",null,"M","?","M","?","M","R","M","R","T","M","M"],"character_chosen":"DEFECT","items_purchased":["Reprogram","Enlightenment","Sling","EssenceOfSteel"],"campfire_rested":4,"item_purchase_floors":[11,11,11,11],"current_hp_per_floor":[67,74,64,64,53,79,72,72,72,50,50,76,76,76,76,44,89,58,58,58,58,10,36,30,58,58,29,0],"gold":190,"neow_bonus":"ONE_RANDOM_RARE_CARD","is_prod":false,"is_daily":false,"chose_seed":false,"campfire_upgraded":1,"win_rate":0.0,"timestamp":1552843414,"path_taken":["M","?","M","?","?","R","?","?","T","?","$","R","?","E","R","BOSS","M","?","M","?","M","R","M","R","T","M","M"],"build_version":"2019-01-23","purchased_purges":0,"victory":false,"max_hp_per_floor":[75,89,89,89,89,89,89,89,89,89,89,89,89,89,89,89,89,89,89,89,89,89,89,94,94,94,94,94],"card_choices":[{"not_picked":["Leap","Stack"],"picked":"Glacier","floor":1},{"not_picked":["Loop","Gash"],"picked":"Lockon","floor":3},{"not_picked":["Ball Lightning","Conserve Battery"],"picked":"Scrape","floor":10},{"not_picked":["Stack","Cold Snap"],"picked":"Rip and Tear","floor":14},{"not_picked":["Meteor Strike","All For One"],"picked":"Hyperbeam","floor":16},{"not_picked":["Gash","Compile Driver"],"picked":"Turbo","floor":18},{"not_picked":["Rebound","Coolheaded"],"picked":"Cold Snap","floor":20},{"not_picked":["Redo","Defragment"],"picked":"Creative AI","floor":22},{"not_picked":["Cold Snap","Gash+1"],"picked":"Rainbow","floor":24},{"not_picked":["Coolheaded","Ball Lightning"],"picked":"Capacitor","floor":27}],"player_experience":68604,"relics_obtained":[{"floor":8,"key":"Ornamental Fan"},{"floor":9,"key":"FossilizedHelix"},{"floor":10,"key":"Odd Mushroom"},{"floor":14,"key":"Potion Belt"},{"floor":26,"key":"Vajra"}],"event_choices":[{"damage_healed":0,"gold_gain":0,"player_choice":"Success","damage_taken":7,"relics_obtained":["Mango"],"max_hp_gain":0,"max_hp_loss":0,"event_name":"Scrap Ooze","floor":2,"gold_loss":0},{"damage_healed":0,"gold_gain":175,"player_choice":"AGREE","damage_taken":0,"max_hp_gain":0,"max_hp_loss":0,"event_name":"Liars Game","floor":4,"gold_loss":0,"cards_obtained":["Doubt"]},{"damage_healed":0,"gold_gain":75,"player_choice":"Gather Gold","damage_taken":11,"max_hp_gain":0,"max_hp_loss":0,"event_name":"World of Goop","floor":5,"gold_loss":0},{"cards_removed":["Doubt"],"damage_healed":0,"gold_gain":0,"player_choice":"Card Removal","damage_taken":7,"max_hp_gain":0,"max_hp_loss":0,"event_name":"Golden Wing","floor":7,"gold_loss":0},{"damage_healed":0,"gold_gain":0,"player_choice":"Fought Mushrooms","damage_taken":0,"max_hp_gain":0,"max_hp_loss":0,"event_name":"Mushrooms","floor":10,"gold_loss":0},{"damage_healed":0,"gold_gain":0,"player_choice":"Take Wound","damage_taken":0,"relics_obtained":["Golden Idol"],"max_hp_gain":0,"max_hp_loss":0,"event_name":"Golden Idol","floor":13,"gold_loss":0,"cards_obtained":["Injury"]},{"cards_removed":["Injury"],"damage_healed":0,"gold_gain":0,"player_choice":"Gave Gold","damage_taken":0,"max_hp_gain":0,"max_hp_loss":0,"event_name":"Beggar","floor":19,"gold_loss":75},{"damage_healed":0,"gold_gain":0,"player_choice":"Traded Relic","damage_taken":0,"relics_obtained":["Nloth\u0027s Gift"],"max_hp_gain":0,"max_hp_loss":0,"event_name":"N\u0027loth","floor":21,"relics_lost":["Golden Idol"],"gold_loss":0}],"is_beta":false,"boss_relics":[{"not_picked":["Cursed Key","Snecko Eye"],"picked":"Philosopher\u0027s Stone"}],"items_purged_floors":[],"is_endless":false,"potions_floor_spawned":[1,16,18,22],"killed_by":"Snake Plant","ascension_level":0}