{"gold_per_floor":[114,130,142,67,67,67,92,92,92,118,138,138,201,276,276,373,373,388,79,150,167,180,180,180,180,180,192,207,15,34,48,48,48],"floor_reached":33,"playtime":1436,"items_purged":[],"score":347,"play_id":"8b0a7915-8142-4581-8dfd-e30f6acebf46","local_time":"20181012133826","is_ascension_mode":true,"campfire_choices":[{"floor":6.0,"key":"REST"},{"data":"Sever Soul","floor":8.0,"key":"SMITH"},{"floor":12.0,"key":"REST"},{"data":"Metallicize","floor":15.0,"key":"SMITH"},{"floor":23.0,"key":"REST"},{"data":"True Grit","floor":24.0,"key":"SMITH"},{"data":"Demon Form","floor":32.0,"key":"SMITH"}],"neow_cost":"NONE","seed_source_timestamp":0,"circlet_count":0,"master_deck":["Strike_R","Strike_R","Strike_R","Defend_R","Defend_R+1","Defend_R","Defend_R","Bash","Juggernaut","Battle Trance+1","Sever Soul+1","Metallicize+1","Inflame","Headbutt","Reckless Charge","Wild Strike","Thunderclap","Feed","True Grit+1","Spot Weakness","Berserk","Shrug It Off+1","Pommel Strike+1","Dual Wield","Wild Strike","Demon Form+1","Shrug It Off"],"special_seed":0,"relics":["Burning Blood","WingedGreaves","War Paint","Mercury Hourglass","Question Card","Tiny Chest","Empty Cage","Oddly Smooth Stone","Self Forming Clay","Meat on the Bone","OrangePellets"],"potions_floor_usage":[],"damage_taken":[{"damage":8.0,"enemies":"2 Louse","floor":1.0,"turns":3.0},{"damage":7.0,"enemies":"Small Slimes","floor":2.0,"turns":5.0},{"damage":6.0,"enemies":"Jaw Worm","floor":3.0,"turns":4.0},{"damage":19.0,"enemies":"Lagavulin","floor":7.0,"turns":7.0},{"damage":14.0,"enemies":"3 Sentries","floor":10.0,"turns":5.0},{"damage":2.0,"enemies":"Red Slaver","floor":11.0,"turns":4.0},{"damage":32.0,"enemies":"Gremlin Nob","floor":13.0,"turns":4.0},{"damage":29.0,"enemies":"Hexaghost","floor":16.0,"turns":8.0},{"damage":28.0,"enemies":"Shell Parasite","floor":18.0,"turns":5.0},{"damage":18.0,"enemies":"Spheric Guardian","floor":21.0,"turns":5.0},{"damage":19.0,"enemies":"Snecko","floor":22.0,"turns":4.0},{"damage":16.0,"enemies":"Shelled Parasite and Fungi","floor":27.0,"turns":5.0},{"damage":11.0,"enemies":"Snake Plant","floor":28.0,"turns":6.0},{"damage":15.0,"enemies":"Sentry and Sphere","floor":30.0,"turns":5.0},{"damage":15.0,"enemies":"Chosen and Byrds","floor":31.0,"turns":7.0},{"damage":78,"enemies":"Automaton","floor":33,"turns":6}],"seed_played":"-3794878081680250082","potions_obtained":[{"floor":1.0,"key":"Swift Potion"},{"floor":3.0,"key":"LiquidBronze"},{"floor":10.0,"key":"Swift Potion"},{"floor":13.0,"key":"BloodPotion"},{"floor":27.0,"key":"Block Potion"},{"floor":30.0,"key":"PowerPotion"}],"is_trial":false,"path_per_floor":["M","M","M","$","?","R","E","R","T","E","M","R","E","?","R","B",null,"M","$","T","M","M","R","R","?","T","M","M","$","M","M","R"],"character_chosen":"IRONCLAD","items_purchased":["Inflame","Oddly Smooth Stone","Spot Weakness","Berserk","OrangePellets"],"campfire_rested":3,"item_purchase_floors":[4,19,19,19,29],"current_hp_per_floor":[70,69,69,69,36,60,47,47,47,39,43,67,41,30,30,15,64,45,45,45,36,23,48,48,48,48,50,57,57,60,51,51,0],"gold":48,"neow_bonus":"ONE_RANDOM_RARE_CARD","is_prod":false,"is_daily":false,"chose_seed":false,"campfire_upgraded":4,"win_rate":0,"timestamp":1539373106,"path_taken":["M","M","M","$","?","R","E","R","T","E","M","R","E","?","R","BOSS","M","$","?","M","M","R","R","?","T","M","M","$","M","M","R","BOSS"],"build_version":"2018-10-11","purchased_purges":0,"victory":false,"max_hp_per_floor":[80,80,80,80,80,80,80,80,80,80,80,80,80,80,80,80,80,83,83,83,86,86,86,86,86,86,86,86,86,86,86,86,86],"card_choices":[{"not_picked":["Second Wind","Reckless Charge"],"picked":"Battle Trance","floor":1.0},{"not_picked":["Flame Barrier","Warcry"],"picked":"Sever Soul","floor":2.0},{"not_picked":["Pommel Strike","Clothesline"],"picked":"Metallicize","floor":3.0},{"not_picked":["Heavy Blade","Cleave"],"picked":"Headbutt","floor":7.0},{"not_picked":["Battle Trance","Entrench"],"picked":"Reckless Charge","floor":10.0},{"not_picked":["Blood for Blood","Clothesline","Heavy Blade"],"picked":"Wild Strike","floor":11.0},{"not_picked":["Sentinel","Heavy Blade","Intimidate"],"picked":"Thunderclap","floor":13.0},{"not_picked":["Barricade","Fiend Fire","Brutality"],"picked":"Feed","floor":16.0},{"not_picked":["Pommel Strike","Iron Wave","Pummel"],"picked":"True Grit","floor":18.0},{"not_picked":["Ghostly Armor+1","Clothesline","Disarm"],"picked":"Shrug It Off+1","floor":21.0},{"not_picked":["Seeing Red","Blood for Blood","Warcry"],"picked":"Pommel Strike+1","floor":22.0},{"not_picked":["Body Slam","Clothesline","Havoc"],"picked":"Dual Wield","floor":27.0},{"not_picked":["Corruption","Clothesline","Anger"],"picked":"Wild Strike","floor":28.0},{"not_picked":["Clash","Iron Wave","Thunderclap"],"picked":"Demon Form","floor":30.0},{"not_picked":["Fire Breathing","Anger","Double Tap"],"picked":"Shrug It Off","floor":31.0}],"player_experience":514051,"relics_obtained":[{"floor":7.0,"key":"War Paint"},{"floor":9.0,"key":"Mercury Hourglass"},{"floor":10.0,"key":"Question Card"},{"floor":13.0,"key":"Tiny Chest"},{"floor":20.0,"key":"Self Forming Clay"},{"floor":26.0,"key":"Meat on the Bone"}],"event_choices":[{"event_name":"Scrap Ooze","player_choice":"success","floor":5.0,"damage_taken":33.0},{"event_name":"World of Goop","player_choice":"Gather Gold","floor":14.0,"damage_taken":0.0},{"event_name":"Ghosts","player_choice":"Ignored","floor":25.0,"damage_taken":0.0}],"is_beta":false,"boss_relics":[{"not_picked":["Black Blood","Runic Dome"],"picked":"Empty Cage"}],"items_purged_floors":[],"is_endless":false,"potions_floor_spawned":[1,3,10,13,27,30],"killed_by":"Automaton","ascension_level":6}