{"gold_per_floor":[114,114,129,129,147,147,175,185,185,96,96,56,56,66,66,169,169,188,188,93,93,105,205,205,223,223,27,27,45,45,45],"floor_reached":31,"playtime":1263,"items_purged":["Strike_R","Strike_R","Strike_R"],"score":268,"play_id":"d31b0ffa-7627-4040-88f8-346f39904c1b","local_time":"20190207102943","is_ascension_mode":true,"campfire_choices":[{"data":"Armaments","floor":6,"key":"SMITH"},{"data":"Rage","floor":13,"key":"SMITH"},{"data":"Flame Barrier","floor":15,"key":"SMITH"},{"floor":28,"key":"REST"}],"neow_cost":"NONE","seed_source_timestamp":259503781716791,"circlet_count":0,"master_deck":["Strike_R","Strike_R","Defend_R","Defend_R","Defend_R","Bash","Flex","Armaments+1","Heavy Blade","Rage+1","Flame Barrier+1","Spot Weakness","Double Tap","Armaments+1","Iron Wave","Ghostly Armor","Inflame","Inflame"],"special_seed":0,"relics":["Burning Blood","Smiling Mask","Sundial","Darkstone Periapt","Sozu","Girya","Mercury Hourglass","Champion Belt","Vajra"],"potions_floor_usage":[16,18,23],"damage_taken":[{"damage":7.0,"enemies":"Small Slimes","floor":1.0,"turns":3.0},{"damage":1,"enemies":"Cultist","floor":3,"turns":3},{"damage":2,"enemies":"Jaw Worm","floor":5,"turns":3},{"damage":26,"enemies":"Lagavulin","floor":7,"turns":8},{"damage":0,"enemies":"Large Slime","floor":8,"turns":5},{"damage":1,"enemies":"2 Fungi Beasts","floor":14,"turns":5},{"damage":28,"enemies":"The Guardian","floor":16,"turns":12},{"damage":12,"enemies":"Chosen","floor":18,"turns":5},{"damage":13,"enemies":"Spheric Guardian","floor":22,"turns":4},{"damage":13,"enemies":"Colosseum Slavers","floor":23,"turns":5},{"damage":56,"enemies":"Colosseum Nobs","floor":23,"turns":6},{"damage":18,"enemies":"Snake Plant","floor":25,"turns":6},{"damage":29,"enemies":"Cultist and Chosen","floor":29,"turns":7},{"damage":17,"enemies":"Shelled Parasite and Fungi","floor":31,"turns":2}],"seed_played":"-8430821820644584223","potions_obtained":[{"floor":2.0,"key":"EssenceOfSteel"},{"floor":2.0,"key":"Ancient Potion"},{"floor":2.0,"key":"Fire Potion"},{"floor":5,"key":"Regen Potion"}],"is_trial":false,"path_per_floor":["?","M","?","?","?","?","?","?","?","$","M"],"character_chosen":"IRONCLAD","items_purchased":["Flame Barrier","Iron Wave","Vajra"],"campfire_rested":1,"item_purchase_floors":[10,20,27],"current_hp_per_floor":[79,79,80,68,72,72,52,58,58,58,80,80,80,80,80,58,80,74,74,74,74,67,25,25,13,13,13,37,14,14,0],"gold":45,"neow_bonus":"THREE_CARDS","is_prod":false,"is_daily":false,"chose_seed":false,"campfire_upgraded":3,"win_rate":0,"timestamp":1549531783,"path_taken":["M","?","?","?","M","R","E","M","T","$","?","?","R","M","R","BOSS","M","?","$","?","M","?","?","M","T","?","R","?","$","M"],"build_version":"2019-01-23","purchased_purges":3,"victory":false,"max_hp_per_floor":[80,80,80,80,80,80,80,80,80,80,80,80,80,80,80,80,80,80,80,80,80,80,80,80,80,80,80,80,80,80,80],"card_choices":[{"not_picked":["Cleave","Body Slam"],"picked":"Flex","floor":0.0},{"not_picked":["Warcry","Anger"],"picked":"Armaments","floor":1.0},{"not_picked":["Body Slam","Thunderclap","Feed"],"picked":"SKIP","floor":3},{"not_picked":["Power Through","Cleave","Wild Strike"],"picked":"SKIP","floor":5},{"not_picked":["Flex","Fire Breathing"],"picked":"Heavy Blade","floor":7},{"not_picked":["Entrench","Battle Trance"],"picked":"Rage","floor":8},{"not_picked":["Clothesline","Pommel Strike"],"picked":"Spot Weakness","floor":14},{"not_picked":["Brutality","Juggernaut"],"picked":"Double Tap","floor":16},{"not_picked":["Perfected Strike","Iron Wave"],"picked":"Armaments+1","floor":18},{"not_picked":["Dual Wield","Warcry","Body Slam"],"picked":"SKIP","floor":22},{"not_picked":["Power Through+1","Perfected Strike"],"picked":"Ghostly Armor","floor":23},{"not_picked":["Exhume","Shrug It Off"],"picked":"Inflame","floor":25},{"not_picked":["Cleave","Flex"],"picked":"Inflame","floor":29}],"player_experience":118596,"relics_obtained":[{"floor":7,"key":"Sundial"},{"floor":9,"key":"Darkstone Periapt"},{"floor":23,"key":"Girya"},{"floor":23,"key":"Mercury Hourglass"},{"floor":26,"key":"Champion Belt"}],"event_choices":[{"damage_healed":0.0,"max_hp_gain":0.0,"max_hp_loss":0.0,"gold_gain":0.0,"event_name":"Lab","player_choice":"Got Potions","floor":2.0,"gold_loss":0.0,"damage_taken":0.0},{"damage_healed":0,"gold_gain":0,"player_choice":"Success","damage_taken":12,"relics_obtained":["Smiling Mask"],"max_hp_gain":0,"max_hp_loss":0,"event_name":"Scrap Ooze","floor":4,"gold_loss":0},{"damage_healed":26,"gold_gain":0,"player_choice":"Banana","damage_taken":0,"max_hp_gain":0,"max_hp_loss":0,"event_name":"Big Fish","floor":11,"gold_loss":0},{"damage_healed":0,"gold_gain":0,"player_choice":"Left Gold","damage_taken":0,"max_hp_gain":0,"max_hp_loss":0,"event_name":"World of Goop","floor":12,"gold_loss":40},{"cards_removed":["Defend_R"],"damage_healed":0,"gold_gain":0,"player_choice":"Elegance","damage_taken":0,"max_hp_gain":0,"max_hp_loss":0,"event_name":"Back to Basics","floor":19,"gold_loss":0},{"damage_healed":0,"gold_gain":0,"player_choice":"Ignored","damage_taken":0,"max_hp_gain":0,"max_hp_loss":0,"event_name":"Vampires","floor":21,"gold_loss":0},{"damage_healed":0,"gold_gain":0,"player_choice":"Fight","damage_taken":0,"max_hp_gain":0,"max_hp_loss":0,"event_name":"Colosseum","floor":23,"gold_loss":0},{"damage_healed":0,"gold_gain":0,"player_choice":"Fought Nobs","damage_taken":0,"max_hp_gain":0,"max_hp_loss":0,"event_name":"Colosseum","floor":23,"gold_loss":0},{"damage_healed":0,"gold_gain":0,"player_choice":"Ignored","damage_taken":0,"max_hp_gain":0,"max_hp_loss":0,"event_name":"Ghosts","floor":24,"gold_loss":0}],"is_beta":false,"boss_relics":[{"not_picked":["White Beast Statue","Mark of Pain"],"picked":"Sozu"}],"items_purged_floors":[10,20,27],"is_endless":false,"potions_floor_spawned":[5,7,8,23,25,29],"killed_by":"Shelled Parasite and Fungi","ascension_level":3}