{"gold_per_floor":[118,193,207,132,132,159,171,171,171,171,171,190,210,227,227,227],"floor_reached":16,"playtime":541,"items_purged":["Strike_G"],"score":127,"play_id":"2a65aacb-0b9c-4b32-9829-b00ea5785515","local_time":"20190206125920","is_ascension_mode":false,"campfire_choices":[{"data":"Neutralize","floor":8.0,"key":"SMITH"},{"data":"Survivor","floor":11.0,"key":"SMITH"},{"floor":15,"key":"REST"}],"neow_cost":"NONE","seed_source_timestamp":180803085540926,"circlet_count":0,"master_deck":["Defend_G","Defend_G","Defend_G","Defend_G","Strike_G","Strike_G","Strike_G","Strike_G","Survivor+1","Neutralize+1"],"special_seed":0,"relics":["Ring of the Snake","NeowsBlessing","Molten Egg 2","Snake Skull"],"potions_floor_usage":[],"damage_taken":[{"damage":0.0,"enemies":"Small Slimes","floor":1.0,"turns":1.0},{"damage":0.0,"enemies":"Jaw Worm","floor":3.0,"turns":1.0},{"damage":0.0,"enemies":"Lagavulin","floor":6.0,"turns":1.0},{"damage":0.0,"enemies":"Cultist","floor":7.0,"turns":4.0},{"damage":3.0,"enemies":"2 Fungi Beasts","floor":12.0,"turns":7.0},{"damage":0,"enemies":"Exordium Wildlife","floor":13,"turns":3},{"damage":1,"enemies":"Blue Slaver","floor":14,"turns":5},{"damage":0,"enemies":"The Guardian","floor":16,"turns":1}],"seed_played":"678152492075490775","potions_obtained":[{"floor":6.0,"key":"PowerPotion"},{"floor":7.0,"key":"Weak Potion"},{"floor":13,"key":"Fire Potion"}],"is_trial":false,"path_per_floor":["?","?","M","?"],"character_chosen":"THE_SILENT","items_purchased":[],"campfire_rested":1,"item_purchase_floors":[],"current_hp_per_floor":[70,59,59,59,59,59,59,59,59,70,70,67,67,66,70,70],"gold":227,"neow_bonus":"THREE_ENEMY_KILL","is_prod":false,"is_daily":false,"chose_seed":false,"campfire_upgraded":2,"win_rate":0.0,"timestamp":1549454360,"path_taken":["M","?","M","$","?","E","?","R","T","?","R","M","M","M","R","BOSS"],"build_version":"2019-01-23","purchased_purges":1,"victory":false,"max_hp_per_floor":[70,70,70,70,70,70,70,70,70,70,70,70,70,70,70,70],"card_choices":[{"not_picked":["Sucker Punch","PiercingWail","Dodge and Roll"],"picked":"SKIP","floor":1.0},{"not_picked":["Poisoned Stab","Calculated Gamble","Prepared"],"picked":"SKIP","floor":3.0},{"not_picked":["Reflex","Flying Knee","Footwork"],"picked":"SKIP","floor":6.0},{"not_picked":["Bane+1","Venomology","PiercingWail"],"picked":"SKIP","floor":7.0},{"not_picked":["Caltrops","Bane+1","Dagger Spray+1"],"picked":"SKIP","floor":12.0},{"not_picked":["Outmaneuver","Backflip","Blade Dance"],"picked":"SKIP","floor":13},{"not_picked":["Footwork","Slice+1","Acrobatics"],"picked":"SKIP","floor":14}],"player_experience":104841,"relics_obtained":[{"floor":6.0,"key":"Molten Egg 2"},{"floor":9.0,"key":"Snake Skull"}],"event_choices":[{"damage_healed":0.0,"max_hp_gain":0.0,"max_hp_loss":0.0,"gold_gain":75.0,"event_name":"World of Goop","player_choice":"Gather Gold","floor":2.0,"gold_loss":0.0,"damage_taken":11.0},{"cards_removed":["Defend_G"],"damage_healed":0.0,"max_hp_gain":0.0,"max_hp_loss":0.0,"gold_gain":0.0,"event_name":"Purifier","player_choice":"Purged","floor":5.0,"gold_loss":0.0,"damage_taken":0.0},{"damage_healed":23.0,"max_hp_gain":0.0,"max_hp_loss":0.0,"gold_gain":0.0,"event_name":"Big Fish","player_choice":"Banana","floor":10.0,"gold_loss":0.0,"damage_taken":0.0}],"is_beta":false,"boss_relics":[],"items_purged_floors":[4],"is_endless":false,"potions_floor_spawned":[6,7,13],"killed_by":"The Guardian","ascension_level":0}