{"gold_per_floor":[118,118,118,134,146,146,163,196,196,196,121,121,140,154,154,251,251,263,263,263,184,199,230,240,240,240,240,254,269,269,14,14,116,116,134,151,169,184,196,196],"floor_reached":40,"playtime":3804,"items_purged":["Survivor"],"score":462,"play_id":"ee64b51d-46e4-4b3b-88d0-a7f79c8313b1","local_time":"20190210171135","is_ascension_mode":false,"campfire_choices":[{"data":"Noxious Fumes","floor":6,"key":"SMITH"},{"data":"Deadly Poison","floor":10,"key":"SMITH"},{"floor":15,"key":"REST"},{"data":"Catalyst","floor":25,"key":"SMITH"},{"data":"Deadly Poison","floor":32,"key":"SMITH"}],"neow_cost":"NONE","seed_source_timestamp":941684613256266,"circlet_count":0,"master_deck":["Defend_G","Defend_G","Defend_G+1","Defend_G","Defend_G+1","Strike_G","Strike_G","Strike_G","Strike_G","Strike_G","Neutralize","Noxious Fumes+1","Deadly Poison+1","PiercingWail","PiercingWail","PiercingWail","Catalyst+1","Prepared+1","Ghostly","Ghostly","Ghostly","Ghostly","Ghostly","Deadly Poison+1","Prepared"],"relics":["Ring of the Serpent","Potion Belt","Blood Vial","Molten Egg 2","Meat on the Bone","Bag of Marbles","Vajra","Pear","Eternal Feather"],"potions_floor_usage":[16,16,33,33],"damage_taken":[{"damage":0,"enemies":"Jaw Worm","floor":1,"turns":6},{"damage":0,"enemies":"Cultist","floor":4,"turns":5},{"damage":0,"enemies":"Small Slimes","floor":5,"turns":5},{"damage":3,"enemies":"3 Louse","floor":7,"turns":4},{"damage":10,"enemies":"Lagavulin","floor":8,"turns":6},{"damage":5,"enemies":"2 Fungi Beasts","floor":13,"turns":4},{"damage":4,"enemies":"Looter","floor":14,"turns":4},{"damage":3,"enemies":"The Guardian","floor":16,"turns":9},{"damage":0,"enemies":"3 Byrds","floor":18,"turns":5},{"damage":6,"enemies":"Spheric Guardian","floor":22,"turns":5},{"damage":44,"enemies":"Book of Stabbing","floor":23,"turns":6},{"damage":11,"enemies":"Centurion and Healer","floor":24,"turns":7},{"damage":21,"enemies":"3 Cultists","floor":28,"turns":8},{"damage":3,"enemies":"Snecko","floor":29,"turns":6},{"damage":25,"enemies":"Champ","floor":33,"turns":12},{"damage":3,"enemies":"Orb Walker","floor":35,"turns":6},{"damage":5,"enemies":"3 Shapes","floor":36,"turns":6},{"damage":27,"enemies":"Writhing Mass","floor":37,"turns":8},{"damage":7,"enemies":"4 Shapes","floor":38,"turns":6},{"damage":1,"enemies":"3 Darklings","floor":39,"turns":7},{"damage":43,"enemies":"Giant Head","floor":40,"turns":7}],"seed_played":"-7191025407394547597","potions_obtained":[{"floor":1,"key":"Weak Potion"},{"floor":7,"key":"Poison Potion"},{"floor":8,"key":"EssenceOfSteel"},{"floor":16,"key":"Weak Potion"},{"floor":22,"key":"Ancient Potion"},{"floor":28,"key":"Ancient Potion"},{"floor":29,"key":"GamblersBrew"},{"floor":38,"key":"SteroidPotion"},{"floor":39,"key":"SteroidPotion"}],"is_trial":false,"path_per_floor":["M","?","$","M","M","R","M","E","T","R","$","?","M","M","R","B",null,"M","T","?","$","M","E","M","R","T","?","M","M","?","$","R","B",null,"M","M","M","M","M","E"],"character_chosen":"THE_SILENT","items_purchased":["Catalyst","Pear"],"campfire_rested":1,"item_purchase_floors":[21,31],"current_hp_per_floor":[77,62,62,62,62,62,59,49,49,49,49,49,46,44,67,66,77,77,77,77,77,71,41,44,44,44,38,29,28,28,38,38,27,48,45,42,29,36,37,0],"gold":196,"neow_bonus":"TEN_PERCENT_HP_BONUS","is_prod":false,"is_daily":false,"chose_seed":false,"campfire_upgraded":4,"win_rate":0.0,"timestamp":1549847495,"path_taken":["M","?","$","M","M","R","M","E","T","R","$","?","M","M","R","BOSS","M","?","?","$","M","E","M","R","T","?","M","M","?","?","R","BOSS","M","M","M","M","M","E"],"build_version":"2019-01-23","purchased_purges":1,"victory":false,"max_hp_per_floor":[77,77,77,77,77,77,77,77,77,77,77,77,77,77,77,77,77,77,77,77,77,77,77,77,77,77,38,38,38,38,48,48,48,48,48,48,48,48,48,48],"card_choices":[{"not_picked":["Expertise","Dagger Throw"],"picked":"Noxious Fumes","floor":1},{"not_picked":["All Out Attack","Calculated Gamble"],"picked":"Deadly Poison","floor":4},{"not_picked":["Flying Knee","Leg Sweep","Heel Hook"],"picked":"SKIP","floor":5},{"not_picked":["Quick Slash","Sucker Punch","Eviscerate"],"picked":"SKIP","floor":7},{"not_picked":["Prepared","Flechettes"],"picked":"PiercingWail","floor":8},{"not_picked":["Underhanded Strike+1","Sucker Punch+1"],"picked":"PiercingWail","floor":13},{"not_picked":["Dagger Throw+1","Eviscerate+1","Choke+1"],"picked":"SKIP","floor":14},{"not_picked":["Distraction","Deflect"],"picked":"PiercingWail","floor":18},{"not_picked":["Underhanded Strike+1","Quick Slash+1","Bane+1"],"picked":"SKIP","floor":22},{"not_picked":["Blade Dance","Dagger Spray+1"],"picked":"Prepared+1","floor":23},{"not_picked":["Infinite Blades+1","Dodge and Roll","Poisoned Stab+1"],"picked":"SKIP","floor":24},{"not_picked":["Phantasmal Killer","Deflect","Choke+1"],"picked":"SKIP","floor":28},{"not_picked":["Terror","Bane+1"],"picked":"Deadly Poison","floor":29},{"not_picked":["Riddle With Holes+1","Heel Hook+1","Noxious Fumes"],"picked":"SKIP","floor":35},{"not_picked":["Quick Slash+1","Acrobatics+1","Poisoned Stab+1"],"picked":"SKIP","floor":36},{"not_picked":["Sucker Punch+1","Bane+1"],"picked":"Prepared","floor":37},{"not_picked":["Poisoned Stab+1","Tactician","Backstab+1"],"picked":"SKIP","floor":38},{"not_picked":["Eviscerate+1","Flying Knee+1","Sucker Punch+1"],"picked":"SKIP","floor":39}],"player_experience":29008,"relics_obtained":[{"floor":8,"key":"Potion Belt"},{"floor":9,"key":"Blood Vial"},{"floor":19,"key":"Meat on the Bone"},{"floor":23,"key":"Bag of Marbles"},{"floor":26,"key":"Vajra"}],"event_choices":[{"damage_healed":0,"gold_gain":0,"player_choice":"Entered Light","damage_taken":15,"max_hp_gain":0,"max_hp_loss":0,"event_name":"Shining Light","floor":2,"gold_loss":0,"cards_upgraded":["Defend_G","Defend_G"]},{"damage_healed":0,"gold_gain":0,"player_choice":"Gave Potion","damage_taken":0,"relics_obtained":["Molten Egg 2"],"max_hp_gain":0,"max_hp_loss":0,"event_name":"WeMeetAgain","floor":12,"gold_loss":0},{"damage_healed":0,"gold_gain":0,"player_choice":"Ignored","damage_taken":0,"max_hp_gain":0,"max_hp_loss":0,"event_name":"Beggar","floor":20,"gold_loss":0},{"damage_healed":0,"gold_gain":0,"player_choice":"Became a Ghost","damage_taken":0,"max_hp_gain":0,"max_hp_loss":39,"event_name":"Ghosts","floor":27,"gold_loss":0,"cards_obtained":["Ghostly","Ghostly","Ghostly","Ghostly","Ghostly"]},{"damage_healed":0,"gold_gain":0,"player_choice":"Ignored","damage_taken":0,"max_hp_gain":0,"max_hp_loss":0,"event_name":"The Mausoleum","floor":30,"gold_loss":0}],"is_beta":false,"boss_relics":[{"not_picked":["Philosopher\u0027s Stone","Ectoplasm"],"picked":"Ring of the Serpent"},{"not_picked":["Astrolabe","Sozu"],"picked":"Eternal Feather"}],"items_purged_floors":[11],"is_endless":false,"potions_floor_spawned":[1,7,8,16,22,28,29,38,39],"killed_by":"Giant Head","ascension_level":0}