{"gold_per_floor":[119,139,156,81,91,121,121,154,154,7,17,30,45,45,45,143,143,159,173,186,186,202,236,236,271,271,171,271,287,287,162,162,267,267,287,60,75,88,1087,1114,1125,1125,1173,1173,998,0,0,16,16,16],"floor_reached":51,"playtime":4517,"items_purged":["Strike_G","Strike_G","Strike_G","Defend_G","Normality"],"score":789,"play_id":"0e7f72f9-727c-4cb9-8385-994da3a698aa","local_time":"20190222013928","is_ascension_mode":true,"campfire_choices":[{"data":"Deadly Poison","floor":7.0,"key":"SMITH"},{"data":"Bouncing Flask","floor":15,"key":"SMITH"},{"floor":24,"key":"REST"},{"data":"After Image","floor":30,"key":"SMITH"},{"floor":32,"key":"REST"},{"data":"Crippling Poison","floor":42,"key":"SMITH"},{"data":"Deadly Poison","floor":47,"key":"SMITH"},{"floor":49,"key":"REST"}],"neow_cost":"NONE","seed_source_timestamp":0,"circlet_count":0,"master_deck":["Defend_G","Defend_G+1","Defend_G+1","Defend_G","Survivor","Neutralize+1","Deadly Poison+1","Cloak And Dagger","Footwork","Cloak And Dagger","Crippling Poison+1","Well Laid Plans","Bouncing Flask+1","Corpse Explosion","Deadly Poison+1","Deadly Poison","After Image+1","Footwork","PiercingWail","Adrenaline","Noxious Fumes","Normality","Deadly Poison+1"],"special_seed":0,"relics":["WristBlade","Oddly Smooth Stone","Meat on the Bone","Bottled Flame","Velvet Choker","MutagenicStrength","FossilizedHelix","Pen Nib","War Paint","Pocketwatch","Mummified Hand","Empty Cage","Toxic Egg 2","Vajra","Red Mask"],"potions_floor_usage":[16,25,25,33,33,38,48,50,50],"damage_taken":[{"damage":0.0,"enemies":"Cultist","floor":1.0,"turns":4.0},{"damage":2.0,"enemies":"Small Slimes","floor":2.0,"turns":5.0},{"damage":0.0,"enemies":"2 Louse","floor":3.0,"turns":3.0},{"damage":0.0,"enemies":"Blue Slaver","floor":5.0,"turns":5.0},{"damage":6.0,"enemies":"3 Sentries","floor":6.0,"turns":9.0},{"damage":13.0,"enemies":"Gremlin Nob","floor":8.0,"turns":4.0},{"damage":0.0,"enemies":"2 Fungi Beasts","floor":11.0,"turns":4.0},{"damage":0.0,"enemies":"Large Slime","floor":12.0,"turns":8.0},{"damage":1,"enemies":"Lots of Slimes","floor":13,"turns":3},{"damage":16,"enemies":"Slime Boss","floor":16,"turns":14},{"damage":0,"enemies":"Spheric Guardian","floor":18,"turns":3},{"damage":7,"enemies":"2 Thieves","floor":19,"turns":3},{"damage":4,"enemies":"Snecko","floor":20,"turns":5},{"damage":7,"enemies":"Centurion and Healer","floor":22,"turns":5},{"damage":28,"enemies":"Gremlin Leader","floor":23,"turns":5},{"damage":9,"enemies":"Slavers","floor":25,"turns":3},{"damage":10,"enemies":"Colosseum Slavers","floor":28,"turns":3},{"damage":5,"enemies":"Colosseum Nobs","floor":28,"turns":5},{"damage":0,"enemies":"Chosen and Byrds","floor":29,"turns":4},{"damage":17,"enemies":"Automaton","floor":33,"turns":9},{"damage":0,"enemies":"3 Shapes","floor":35,"turns":4},{"damage":1,"enemies":"Orb Walker","floor":37,"turns":4},{"damage":0,"enemies":"Maw","floor":38,"turns":7},{"damage":4,"enemies":"Nemesis","floor":40,"turns":9},{"damage":6,"enemies":"Sphere and 2 Shapes","floor":41,"turns":3},{"damage":17,"enemies":"Jaw Worm Horde","floor":48,"turns":3},{"damage":21,"enemies":"Donu and Deca","floor":50,"turns":7}],"seed_played":"-3926386791438238797","potions_obtained":[{"floor":1.0,"key":"Fire Potion"},{"floor":2.0,"key":"Explosive Potion"},{"floor":5.0,"key":"FearPotion"},{"floor":13,"key":"Dexterity Potion"},{"floor":18,"key":"Weak Potion"},{"floor":22,"key":"Weak Potion"},{"floor":25,"key":"Poison Potion"},{"floor":28,"key":"AttackPotion"},{"floor":33,"key":"Fire Potion"},{"floor":35,"key":"Dexterity Potion"},{"floor":37,"key":"Poison Potion"},{"floor":41,"key":"LiquidBronze"},{"floor":48,"key":"AttackPotion"}],"is_trial":false,"path_per_floor":["M","M","M","$","M","E","R","E","T","$","M","M","M","?","R","B",null,"M","M","M","?","M","E","R","E","T","$","?","M","R","$","R","B",null,"M","$","M","M","?","E","M","R","T","?","$","?","R","M","R","B",null],"character_chosen":"THE_SILENT","items_purchased":["Crippling Poison","Well Laid Plans","Noxious Fumes"],"campfire_rested":3,"item_purchase_floors":[10,10,36],"current_hp_per_floor":[70,68,68,68,68,62,62,49,49,49,49,49,48,48,48,44,70,70,63,59,59,52,36,57,48,48,48,45,45,45,45,66,49,70,70,70,69,69,69,65,59,59,59,59,59,59,59,42,61,40],"gold":16,"neow_bonus":"BOSS_RELIC","is_prod":false,"is_daily":false,"chose_seed":false,"campfire_upgraded":5,"win_rate":0,"timestamp":1550828368,"path_taken":["M","M","M","$","M","E","R","E","T","$","M","M","M","?","R","BOSS","M","M","M","?","M","E","R","E","T","$","?","M","R","$","R","BOSS","M","$","M","M","?","E","M","R","T","?","$","?","R","M","R","BOSS"],"build_version":"2019-01-23","purchased_purges":5,"victory":true,"max_hp_per_floor":[70,70,70,70,70,70,70,70,70,70,70,70,70,70,70,70,70,70,70,70,70,70,70,70,70,70,70,70,70,70,70,70,70,70,70,70,70,70,70,70,70,70,70,66,66,66,66,66,66,66],"card_choices":[{"not_picked":["All Out Attack","Crippling Poison"],"picked":"Deadly Poison","floor":1.0},{"not_picked":["Backflip","Prepared"],"picked":"Cloak And Dagger","floor":2.0},{"not_picked":["Cloak And Dagger","Dodge and Roll"],"picked":"Footwork","floor":3.0},{"not_picked":["Reflex","A Thousand Cuts"],"picked":"Cloak And Dagger","floor":5.0},{"not_picked":["Dagger Throw","Slice","Prepared"],"picked":"SKIP","floor":6.0},{"not_picked":["Heel Hook","Riddle With Holes","Caltrops"],"picked":"SKIP","floor":8.0},{"not_picked":["Terror","Slice","Sucker Punch"],"picked":"SKIP","floor":11.0},{"not_picked":["Leg Sweep","Bane","Dagger Throw"],"picked":"SKIP","floor":12},{"not_picked":["Dagger Spray","Acrobatics"],"picked":"Bouncing Flask","floor":13},{"not_picked":["Malaise","Tools of the Trade"],"picked":"Corpse Explosion","floor":16},{"not_picked":["Dagger Throw","Quick Slash+1"],"picked":"Deadly Poison","floor":18},{"not_picked":["Flying Knee","Expertise+1","All Out Attack"],"picked":"SKIP","floor":19},{"not_picked":["Dodge and Roll","Slice","Infinite Blades"],"picked":"SKIP","floor":20},{"not_picked":["Wraith Form v2","Backflip","Masterful Stab+1"],"picked":"SKIP","floor":22},{"not_picked":["Calculated Gamble","Prepared"],"picked":"Deadly Poison","floor":23},{"not_picked":["Choke","Dagger Spray"],"picked":"After Image","floor":25},{"not_picked":["Slice","Deflect"],"picked":"Footwork","floor":28},{"not_picked":["Blur+1","Predator"],"picked":"PiercingWail","floor":29},{"not_picked":["Corpse Explosion","Burst"],"picked":"Adrenaline","floor":33},{"not_picked":["Accuracy","Escape Plan","Dagger Spray"],"picked":"SKIP","floor":35},{"not_picked":["Underhanded Strike+1","Acrobatics+1","Footwork+1"],"picked":"SKIP","floor":37},{"not_picked":["Acrobatics+1","Slice+1","Dodge and Roll+1"],"picked":"SKIP","floor":38},{"not_picked":["Wraith Form v2","Blur","Poisoned Stab+1"],"picked":"SKIP","floor":40},{"not_picked":["Slice","Prepared+1"],"picked":"Deadly Poison+1","floor":41},{"not_picked":["Deflect+1","Dagger Spray+1","Dagger Throw"],"picked":"SKIP","floor":48}],"player_experience":59131,"relics_obtained":[{"floor":6.0,"key":"Oddly Smooth Stone"},{"floor":8.0,"key":"Meat on the Bone"},{"floor":9.0,"key":"Bottled Flame"},{"floor":23,"key":"FossilizedHelix"},{"floor":25,"key":"Pen Nib"},{"floor":26,"key":"War Paint"},{"floor":28,"key":"Pocketwatch"},{"floor":28,"key":"Mummified Hand"},{"floor":40,"key":"Toxic Egg 2"},{"floor":43,"key":"Vajra"}],"event_choices":[{"damage_healed":0,"gold_gain":0,"player_choice":"Grow","damage_taken":0,"max_hp_gain":0,"max_hp_loss":0,"event_name":"Living Wall","floor":14,"gold_loss":0,"cards_upgraded":["Neutralize"]},{"damage_healed":0,"gold_gain":0,"player_choice":"Inject Mutagens","damage_taken":0,"relics_obtained":["MutagenicStrength"],"max_hp_gain":0,"max_hp_loss":0,"event_name":"Drug Dealer","floor":21,"gold_loss":0},{"damage_healed":0,"gold_gain":0,"player_choice":"Fight","damage_taken":0,"max_hp_gain":0,"max_hp_loss":0,"event_name":"Colosseum","floor":28,"gold_loss":0},{"damage_healed":0,"gold_gain":0,"player_choice":"Fought Nobs","damage_taken":0,"max_hp_gain":0,"max_hp_loss":0,"event_name":"Colosseum","floor":28,"gold_loss":0},{"damage_healed":0,"gold_gain":999,"player_choice":"Gold","damage_taken":0,"max_hp_gain":0,"max_hp_loss":0,"event_name":"MindBloom","floor":39,"gold_loss":0,"cards_obtained":["Normality","Normality"]},{"damage_healed":0,"gold_gain":0,"player_choice":"Max HP","damage_taken":0,"max_hp_gain":0,"max_hp_loss":4,"event_name":"Winding Halls","floor":44,"gold_loss":0},{"damage_healed":0,"gold_gain":0,"player_choice":"Paid","damage_taken":0,"relics_obtained":["Red Mask"],"max_hp_gain":0,"max_hp_loss":0,"event_name":"Tomb of Lord Red Mask","floor":46,"gold_loss":998}],"is_beta":false,"boss_relics":[{"not_picked":["Snecko Eye","HoveringKite"],"picked":"Velvet Choker"},{"not_picked":["Runic Dome","Pandora\u0027s Box"],"picked":"Empty Cage"}],"items_purged_floors":[4,27,31,36,45],"is_endless":false,"potions_floor_spawned":[1,2,5,13,18,22,25,28,28,33,35,37,41,48],"ascension_level":1}