{"gold_per_floor":[118,118,118,118,138,138,9,83,83,100,11,29,29,46,46,146,146,156,183,183,195,48,48,62,62,85,104,104,26,61,74,74,74],"floor_reached":33,"playtime":2599,"items_purged":["Regret"],"score":305,"play_id":"c8664c26-8d68-4d89-bdc2-e7d1d12f10c1","local_time":"20190129132343","daily_mods":["Draft","Diverse","Lethality"],"is_ascension_mode":false,"campfire_choices":[{"data":"Self Repair","floor":6.0,"key":"SMITH"},{"data":"Backstab","floor":13.0,"key":"SMITH"},{"data":"Hello World","floor":15.0,"key":"SMITH"},{"floor":25,"key":"REST"},{"data":"Infinite Blades","floor":28,"key":"SMITH"},{"floor":32,"key":"REST"}],"neow_cost":"","seed_source_timestamp":0,"circlet_count":0,"master_deck":["Backstab+1","Deadly Poison+1","Cloak And Dagger","Deflect","Streamline","Well Laid Plans","Deadly Poison","Double Energy","Sever Soul+1","Flying Knee+1","Blade Dance","Dash","Hello World+1","PiercingWail+1","Self Repair+1","Deadly Poison","PiercingWail","Rebound","Melter","Intimidate","Swift Strike","Bane","Conserve Battery","Backflip","Burst","Feed","Chaos","Go for the Eyes","Dagger Throw+1","Deadly Poison","Rampage","Dash","Infinite Blades+1","Noxious Fumes+1","All Out Attack","Blade Dance+1","Hello World","Flex","Clothesline+1","Iron Wave"],"special_seed":0,"relics":["Burning Blood","War Paint","Regal Pillow","Prayer Wheel","Sozu","Red Mask","Enchiridion","Blood Vial","Art of War","Mummified Hand"],"potions_floor_usage":[],"damage_taken":[{"damage":0.0,"enemies":"Small Slimes","floor":1.0,"turns":2.0},{"damage":0.0,"enemies":"2 Louse","floor":5.0,"turns":1.0},{"damage":0.0,"enemies":"Cultist","floor":10.0,"turns":2.0},{"damage":0.0,"enemies":"2 Fungi Beasts","floor":12.0,"turns":2.0},{"damage":0.0,"enemies":"Looter","floor":14.0,"turns":1.0},{"damage":38.0,"enemies":"Slime Boss","floor":16.0,"turns":7.0},{"damage":34.0,"enemies":"3 Byrds","floor":18.0,"turns":4.0},{"damage":12.0,"enemies":"Masked Bandits","floor":19.0,"turns":3.0},{"damage":0,"enemies":"Chosen","floor":21,"turns":3},{"damage":29,"enemies":"Centurion and Healer","floor":24,"turns":5},{"damage":17,"enemies":"Sentry and Sphere","floor":27,"turns":4},{"damage":38,"enemies":"Slavers","floor":30,"turns":4},{"damage":0,"enemies":"Snecko","floor":31,"turns":3},{"damage":133,"enemies":"Automaton","floor":33,"turns":6}],"seed_played":"5046562796487212970","potions_obtained":[{"floor":1.0,"key":"Swift Potion"},{"floor":16.0,"key":"Fire Potion"}],"is_trial":true,"path_per_floor":["?","?","?","?","M","$","M","?","?","?","M","$","M"],"character_chosen":"IRONCLAD","items_purchased":["Rebound","Swift Strike","Blood Vial","Hello World"],"campfire_rested":2,"item_purchase_floors":[7,11,22,29],"current_hp_per_floor":[80,64,61,61,67,67,67,67,67,73,73,79,79,80,80,48,80,55,49,33,39,39,39,31,71,71,72,72,72,45,63,89,0],"gold":74,"neow_bonus":"","is_prod":false,"is_daily":false,"chose_seed":false,"campfire_upgraded":4,"win_rate":0.0,"timestamp":1548764623,"path_taken":["M","?","?","?","M","R","$","?","T","?","?","M","R","?","R","BOSS","M","?","?","M","$","?","M","R","T","?","R","?","E","?","R","BOSS"],"build_version":"2019-01-23","purchased_purges":1,"victory":false,"max_hp_per_floor":[80,80,80,80,80,80,80,80,80,80,80,80,80,80,80,80,80,83,83,83,83,83,83,86,86,86,86,86,86,89,89,89,89],"card_choices":[{"not_picked":["Setup","Ball Lightning"],"picked":"Backstab","floor":0.0},{"not_picked":["Warcry","Masterful Stab"],"picked":"Deadly Poison","floor":0.0},{"not_picked":["Blizzard","Distraction"],"picked":"Cloak And Dagger","floor":0.0},{"not_picked":["Dodge and Roll","Go for the Eyes"],"picked":"Deflect","floor":0.0},{"not_picked":["Entrench","Compile Driver"],"picked":"Streamline","floor":0.0},{"not_picked":["Steam","Heavy Blade"],"picked":"Well Laid Plans","floor":0.0},{"not_picked":["Capacitor","Twin Strike"],"picked":"Deadly Poison","floor":0.0},{"not_picked":["Leap","Defragment"],"picked":"Double Energy","floor":0.0},{"not_picked":["Sucker Punch","Fire Breathing"],"picked":"Sever Soul","floor":0.0},{"not_picked":["Dodge and Roll","Heavy Blade"],"picked":"Flying Knee","floor":0.0},{"not_picked":["Bane","Sword Boomerang"],"picked":"Blade Dance","floor":0.0},{"not_picked":["Consume","Warcry"],"picked":"Dash","floor":0.0},{"not_picked":["Clash","Barrage"],"picked":"Hello World","floor":0.0},{"not_picked":["Heavy Blade","Sucker Punch"],"picked":"PiercingWail","floor":0.0},{"not_picked":["Distraction","Accuracy"],"picked":"Self Repair","floor":0.0},{"not_picked":["Iron Wave","True Grit"],"picked":"Deadly Poison","floor":1.0},{"not_picked":["Stack","Heavy Blade"],"picked":"PiercingWail","floor":5.0},{"not_picked":["Doppelganger","Burning Pact"],"picked":"Melter","floor":10.0},{"not_picked":["Clothesline","Barrage"],"picked":"Intimidate","floor":10.0},{"not_picked":["Entrench","Acrobatics"],"picked":"Bane","floor":12.0},{"not_picked":["Compile Driver","Sentinel"],"picked":"Conserve Battery","floor":12.0},{"not_picked":["Ball Lightning","Combust"],"picked":"Backflip","floor":14.0},{"not_picked":["Footwork","Perfected Strike"],"picked":"Burst","floor":14.0},{"not_picked":["Double Tap","Thunder Strike"],"picked":"Feed","floor":16.0},{"not_picked":["Go for the Eyes","Backflip"],"picked":"Chaos","floor":18.0},{"not_picked":["Barrage","Dual Wield"],"picked":"Go for the Eyes","floor":18.0},{"not_picked":["Setup","Poisoned Stab"],"picked":"Dagger Throw+1","floor":19},{"not_picked":["True Grit","Body Slam"],"picked":"Deadly Poison","floor":21},{"not_picked":["Cleave","Outmaneuver"],"picked":"Rampage","floor":21},{"not_picked":["Underhanded Strike+1","Fission"],"picked":"Infinite Blades","floor":24},{"not_picked":["Turbo+1","Dagger Throw"],"picked":"Noxious Fumes+1","floor":24},{"not_picked":["Havoc","Ghostly Armor"],"picked":"All Out Attack","floor":27},{"not_picked":["Sucker Punch","Clash"],"picked":"Blade Dance+1","floor":27},{"not_picked":["Rupture","Poisoned Stab+1"],"picked":"Flex","floor":30},{"not_picked":["Concentrate","Underhanded Strike"],"picked":"Clothesline+1","floor":31},{"not_picked":["Underhanded Strike","Havoc+1"],"picked":"Iron Wave","floor":31}],"player_experience":25640,"relics_obtained":[{"floor":9.0,"key":"Prayer Wheel"},{"floor":19,"key":"Red Mask"},{"floor":20,"key":"Enchiridion"},{"floor":26,"key":"Art of War"},{"floor":30,"key":"Mummified Hand"}],"event_choices":[{"damage_healed":0.0,"max_hp_gain":0.0,"max_hp_loss":0.0,"gold_gain":0.0,"event_name":"Shining Light","player_choice":"Entered Light","floor":2.0,"gold_loss":0.0,"damage_taken":16.0,"cards_upgraded":["Sever Soul","Flying Knee"]},{"damage_healed":0.0,"max_hp_gain":0.0,"max_hp_loss":0.0,"gold_gain":0.0,"event_name":"Scrap Ooze","player_choice":"Success","floor":3.0,"gold_loss":0.0,"damage_taken":3.0,"relics_obtained":["War Paint"]},{"damage_healed":0.0,"max_hp_gain":0.0,"max_hp_loss":0.0,"gold_gain":0.0,"event_name":"Big Fish","player_choice":"Box","floor":4.0,"gold_loss":0.0,"damage_taken":0.0,"relics_obtained":["Regal Pillow"],"cards_obtained":["Regret"]},{"damage_healed":0.0,"max_hp_gain":0.0,"max_hp_loss":0.0,"gold_gain":74.0,"event_name":"Golden Wing","player_choice":"Gained Gold","floor":8.0,"gold_loss":0.0,"damage_taken":0.0},{"damage_healed":0.0,"max_hp_gain":0.0,"max_hp_loss":0.0,"gold_gain":0.0,"event_name":"Masked Bandits","player_choice":"Fought Bandits","floor":19.0,"gold_loss":0.0,"damage_taken":0.0},{"damage_healed":0,"gold_gain":0,"player_choice":"Obtained Book","damage_taken":16,"max_hp_gain":0,"max_hp_loss":0,"event_name":"Cursed Tome","floor":20,"gold_loss":0},{"damage_healed":0,"gold_gain":0,"player_choice":"Read","damage_taken":0,"max_hp_gain":0,"max_hp_loss":0,"event_name":"The Library","floor":23,"gold_loss":0,"cards_obtained":["Dash"]}],"is_beta":false,"boss_relics":[{"not_picked":["Coffee Dripper","Runic Pyramid"],"picked":"Sozu"}],"items_purged_floors":[7],"is_endless":false,"potions_floor_spawned":[1,16,19,24],"killed_by":"Automaton","ascension_level":0}