{"gold_per_floor":[109,109,123,141,157,157,177,204,280,56,56,74,88,102,102,199,199,217,316,53,71,0,0,19,19,45,45,60,91,91],"floor_reached":30,"playtime":1042,"items_purged":[],"score":267,"play_id":"e407b835-867d-48af-a350-91f5883fafbf","local_time":"20190312125021","is_ascension_mode":true,"campfire_choices":[{"data":"Zap","floor":6,"key":"SMITH"},{"floor":15,"key":"REST"},{"floor":23,"key":"REST"},{"floor":25,"key":"REST"}],"neow_cost":"NONE","seed_source_timestamp":15727500853111,"circlet_count":0,"master_deck":["Strike_B","Defend_B","Defend_B","Zap+1","Dualcast","Doom and Gloom","Conserve Battery","Double Energy","Chaos","Consume","Chaos","Genetic Algorithm","Static Discharge","Creative AI","Redo","Defragment","Tempest","Chaos+1","Ball Lightning","Barrage"],"relics":["Cracked Core","Vajra","Sundial","Oddly Smooth Stone","Empty Cage","Dream Catcher","Smiling Mask","Prayer Wheel"],"potions_floor_usage":[16,29,29],"damage_taken":[{"damage":11,"enemies":"Jaw Worm","floor":1,"turns":4},{"damage":0,"enemies":"Cultist","floor":3,"turns":3},{"damage":2,"enemies":"2 Louse","floor":4,"turns":3},{"damage":1,"enemies":"Red Slaver","floor":5,"turns":3},{"damage":0,"enemies":"Exordium Wildlife","floor":7,"turns":2},{"damage":17,"enemies":"Lagavulin","floor":8,"turns":7},{"damage":0,"enemies":"Large Slime","floor":12,"turns":3},{"damage":4,"enemies":"Looter","floor":13,"turns":3},{"damage":4,"enemies":"Blue Slaver","floor":14,"turns":3},{"damage":51,"enemies":"The Guardian","floor":16,"turns":10},{"damage":18,"enemies":"Chosen","floor":18,"turns":5},{"damage":14,"enemies":"Spheric Guardian","floor":21,"turns":4},{"damage":34,"enemies":"Chosen and Byrds","floor":24,"turns":5},{"damage":22,"enemies":"Shelled Parasite and Fungi","floor":28,"turns":6},{"damage":54,"enemies":"Slavers","floor":29,"turns":4},{"damage":0,"enemies":"Sentry and Sphere","floor":30,"turns":1}],"seed_played":"6606951266453701503","potions_obtained":[{"floor":1,"key":"Regen Potion"},{"floor":3,"key":"Ancient Potion"},{"floor":5,"key":"Weak Potion"},{"floor":18,"key":"Swift Potion"}],"is_trial":false,"path_per_floor":["?","M","M","?","M","?","?","?"],"character_chosen":"DEFECT","items_purchased":["Consume","Oddly Smooth Stone","Dream Catcher","Defragment","Tempest"],"campfire_rested":3,"item_purchase_floors":[10,10,20,20,20],"current_hp_per_floor":[64,64,64,62,61,61,61,44,44,44,44,44,40,36,58,7,75,57,57,57,43,43,65,31,53,53,75,53,11,11],"gold":91,"neow_bonus":"REMOVE_CARD","is_prod":false,"is_daily":false,"chose_seed":false,"campfire_upgraded":1,"win_rate":0,"timestamp":1552391421,"path_taken":["M","?","M","?","?","R","M","E","T","$","?","M","M","?","R","BOSS","M","?","$","M","?","R","M","R","T","?","M","E","M"],"build_version":"2019-01-23","purchased_purges":0,"victory":false,"max_hp_per_floor":[75,75,75,75,75,75,75,75,75,75,75,75,75,75,75,75,75,75,75,75,75,75,75,75,75,75,75,75,75,75],"card_choices":[{"not_picked":["Scrape","Coolheaded","Chill"],"picked":"SKIP","floor":1},{"not_picked":["Steam","Sunder"],"picked":"Doom and Gloom","floor":3},{"not_picked":["Turbo","Beam Cell"],"picked":"Conserve Battery","floor":4},{"not_picked":["Sunder","Heatsinks"],"picked":"Double Energy","floor":5},{"not_picked":["Chill","Stack","Rebound"],"picked":"SKIP","floor":7},{"not_picked":["Beam Cell","Cold Snap"],"picked":"Chaos","floor":8},{"not_picked":["Turbo","Gash","Chaos"],"picked":"SKIP","floor":12},{"not_picked":["Streamline","Sweeping Beam"],"picked":"Genetic Algorithm","floor":13},{"not_picked":["Go for the Eyes","Loop"],"picked":"Static Discharge","floor":14},{"not_picked":["Buffer","Hyperbeam"],"picked":"Creative AI","floor":16},{"not_picked":["Sunder","Gash"],"picked":"Redo","floor":18},{"not_picked":["Glacier","Compile Driver","Aggregate"],"picked":"SKIP","floor":21},{"not_picked":["Rebound","Leap+1"],"picked":"Chaos+1","floor":23},{"not_picked":["All For One","Stack","FTL+1"],"picked":"SKIP","floor":24},{"not_picked":["Doom and Gloom+1","Steam"],"picked":"Ball Lightning","floor":25},{"not_picked":["Leap","Hologram+1"],"picked":"Barrage","floor":28},{"not_picked":["Streamline","Coolheaded+1","Rebound"],"picked":"SKIP","floor":29}],"player_experience":231334,"relics_obtained":[{"floor":8,"key":"Vajra"},{"floor":9,"key":"Sundial"},{"floor":26,"key":"Smiling Mask"},{"floor":29,"key":"Prayer Wheel"}],"event_choices":[{"cards_removed":["Strike_B"],"damage_healed":0,"gold_gain":0,"player_choice":"Purged","damage_taken":0,"max_hp_gain":0,"max_hp_loss":0,"event_name":"Purifier","floor":2,"gold_loss":0},{"damage_healed":0,"gold_gain":0,"cards_transformed":["Defend_B"],"player_choice":"Transformed","damage_taken":0,"max_hp_gain":0,"max_hp_loss":0,"event_name":"Transmorgrifier","floor":11,"gold_loss":0,"cards_obtained":["Chaos"]},{"damage_healed":0,"gold_gain":99,"player_choice":"Stole From Cult","damage_taken":0,"max_hp_gain":0,"max_hp_loss":0,"event_name":"Nest","floor":19,"gold_loss":0},{"damage_healed":0,"gold_gain":0,"player_choice":"Paid Fearfully","damage_taken":0,"max_hp_gain":0,"max_hp_loss":0,"event_name":"Masked Bandits","floor":22,"gold_loss":71},{"damage_healed":25,"gold_gain":0,"player_choice":"Heal","damage_taken":0,"max_hp_gain":0,"max_hp_loss":0,"event_name":"The Library","floor":27,"gold_loss":0}],"is_beta":false,"boss_relics":[{"not_picked":["Fusion Hammer","FrozenCore"],"picked":"Empty Cage"}],"items_purged_floors":[],"is_endless":false,"potions_floor_spawned":[1,3,5,7,13,18,24,28],"killed_by":"Sentry and Sphere","ascension_level":1}