{"gold_per_floor":[113,113,134,134,309,309,161,194,269,269],"floor_reached":10,"playtime":270,"items_purged":["Doubt"],"score":99,"play_id":"b4546364-d5f3-40bf-9f0c-bda2cd8fea03","local_time":"20181124025022","is_ascension_mode":true,"campfire_choices":[{"data":"Footwork","floor":6.0,"key":"SMITH"}],"neow_cost":"NONE","seed_source_timestamp":2284589008950,"circlet_count":0,"master_deck":["AscendersBane","Defend_G","Defend_G","Defend_G","Defend_G","Defend_G","Strike_G","Strike_G","Strike_G","Strike_G","Survivor","Neutralize","Slice","Footwork+1","Footwork"],"special_seed":0,"relics":["Ring of the Snake","Juzu Bracelet","Golden Idol","Regal Pillow","Bottled Tornado"],"potions_floor_usage":[8],"damage_taken":[{"damage":1.0,"enemies":"Cultist","floor":1.0,"turns":4.0},{"damage":0.0,"enemies":"Jaw Worm","floor":3.0,"turns":3.0},{"damage":42,"enemies":"Gremlin Nob","floor":8,"turns":6},{"damage":1,"enemies":"3 Sentries","floor":10,"turns":4}],"seed_played":"7990606019135058399","potions_obtained":[{"floor":3.0,"key":"GamblersBrew"}],"is_trial":false,"path_per_floor":["M","?","M","?","?","R","$","E","T","E"],"character_chosen":"THE_SILENT","items_purchased":["Footwork"],"campfire_rested":0,"item_purchase_floors":[7],"current_hp_per_floor":[62,45,45,45,45,45,45,3,3,2],"gold":269,"neow_bonus":"RANDOM_COMMON_RELIC","is_prod":false,"is_daily":false,"chose_seed":false,"campfire_upgraded":1,"win_rate":0,"timestamp":1543056622,"path_taken":["M","?","M","?","?","R","$","E","T","E"],"build_version":"2018-11-15","purchased_purges":1,"victory":false,"max_hp_per_floor":[70,70,70,70,70,70,70,70,70,70],"card_choices":[{"not_picked":["Blade Dance","Caltrops"],"picked":"Slice","floor":1.0},{"not_picked":["Outmaneuver","Dagger Spray"],"picked":"Footwork","floor":3.0},{"not_picked":["All Out Attack","Caltrops","Skewer"],"picked":"SKIP","floor":8}],"player_experience":601054,"relics_obtained":[{"floor":8,"key":"Regal Pillow"},{"floor":9,"key":"Bottled Tornado"}],"event_choices":[{"damage_healed":0.0,"max_hp_gain":0.0,"max_hp_loss":0.0,"gold_gain":0.0,"event_name":"Golden Idol","player_choice":"Take Damage","floor":2.0,"gold_loss":0.0,"damage_taken":17.0,"relics_obtained":["Golden Idol"]},{"cards_removed":["Strike_G"],"damage_healed":0.0,"max_hp_gain":0.0,"max_hp_loss":0.0,"gold_gain":0.0,"event_name":"Purifier","player_choice":"Purged","floor":4.0,"gold_loss":0.0,"damage_taken":0.0},{"damage_healed":0.0,"max_hp_gain":0.0,"max_hp_loss":0.0,"gold_gain":175.0,"event_name":"Liars Game","player_choice":"AGREE","floor":5.0,"gold_loss":0.0,"damage_taken":0.0,"cards_obtained":["Doubt"]}],"is_beta":false,"boss_relics":[],"items_purged_floors":[7],"is_endless":false,"potions_floor_spawned":[3],"killed_by":"3 Sentries","ascension_level":11}