{"gold_per_floor":[128,153,175,199,262,309,321,346,403,431,457,497,509,552,564,677,689,714,926,437,450,469,499,499,515,515,546,546,580,580,590,590,688,688,702,924,1024,1024,1040,1040,1072,1072,1099,1099],"floor_reached":44,"playtime":2997,"items_purged":["Strike_G"],"score":847,"play_id":"8127539d-1007-43bb-96b2-f2b320ac0531","local_time":"20181121133905","is_ascension_mode":true,"campfire_choices":[{"floor":7,"key":"REST"},{"data":"Dash","floor":13,"key":"SMITH"},{"floor":15,"key":"REST"},{"floor":24,"key":"REST"},{"data":"Night Terror","floor":28,"key":"SMITH"},{"floor":30,"key":"REST"},{"floor":32,"key":"REST"},{"floor":40,"key":"RECALL"}],"neow_cost":"NONE","seed_source_timestamp":867884430817918,"circlet_count":0,"master_deck":["AscendersBane","Defend_G","Defend_G","Defend_G","Defend_G","Defend_G","Strike_G","Strike_G","Strike_G","Survivor","Neutralize","Quick Slash","Backflip","Sucker Punch","Dash+1","Calculated Gamble","Dagger Throw","Corpse Explosion","Blur","Caltrops","Underhanded Strike","Night Terror+1","Backflip","Caltrops","PiercingWail","Footwork+1","Acrobatics","After Image+1","After Image+1","Caltrops+1","Bouncing Flask+1","Acrobatics","Backflip"],"relics":["Ring of the Snake","MawBank","Strawberry","Oddly Smooth Stone","Calipers","Mango","Sozu","ClockworkSouvenir","Juzu Bracelet","Anchor","Blue Candle","Red Mask","Frozen Egg 2","Philosopher\u0027s Stone","Pocketwatch","Bag of Preparation","Art of War"],"potions_floor_usage":[6,12,23,29],"damage_taken":[{"damage":0,"enemies":"Cultist","floor":1,"turns":5},{"damage":0,"enemies":"Jaw Worm","floor":2,"turns":7},{"damage":10,"enemies":"Small Slimes","floor":3,"turns":4},{"damage":7,"enemies":"Exordium Wildlife","floor":4,"turns":6},{"damage":14,"enemies":"3 Sentries","floor":6,"turns":11},{"damage":2,"enemies":"Looter","floor":8,"turns":4},{"damage":2,"enemies":"3 Louse","floor":10,"turns":4},{"damage":0,"enemies":"Blue Slaver","floor":11,"turns":4},{"damage":17,"enemies":"Gremlin Nob","floor":12,"turns":5},{"damage":17,"enemies":"3 Sentries","floor":14,"turns":3},{"damage":23,"enemies":"The Guardian","floor":16,"turns":16},{"damage":0,"enemies":"3 Byrds","floor":18,"turns":2},{"damage":0,"enemies":"Shell Parasite","floor":21,"turns":7},{"damage":24,"enemies":"Centurion and Healer","floor":22,"turns":9},{"damage":29,"enemies":"Book of Stabbing","floor":23,"turns":7},{"damage":0,"enemies":"Chosen and Byrds","floor":25,"turns":5},{"damage":0,"enemies":"Masked Bandits","floor":27,"turns":2},{"damage":42,"enemies":"Slavers","floor":29,"turns":4},{"damage":9,"enemies":"Cultist and Chosen","floor":31,"turns":5},{"damage":45,"enemies":"Automaton","floor":33,"turns":25},{"damage":8,"enemies":"3 Darklings","floor":35,"turns":8},{"damage":1,"enemies":"Mind Bloom Boss Battle","floor":37,"turns":11},{"damage":0,"enemies":"3 Shapes","floor":39,"turns":4},{"damage":49,"enemies":"Reptomancer","floor":41,"turns":16},{"damage":45,"enemies":"Giant Head","floor":44,"turns":11}],"seed_played":"-4862057699339825676","potions_obtained":[{"floor":3,"key":"Poison Potion"},{"floor":8,"key":"AttackPotion"},{"floor":11,"key":"Energy Potion"},{"floor":12,"key":"GamblersBrew"},{"floor":14,"key":"EssenceOfSteel"}],"is_trial":false,"path_per_floor":["M","M","M","M","T","E","R","M","T","M","M","E","R","E","R","B",null,"M","?","$","M","M","E","R","M","T","?","R","E","R","M","R","B",null,"M","?","?","?","M","R","E","?","T","E"],"character_chosen":"THE_SILENT","items_purchased":["ClockworkSouvenir","Caltrops","Juzu Bracelet"],"campfire_rested":5,"item_purchase_floors":[20,20,20],"current_hp_per_floor":[63,63,53,46,46,39,62,60,60,58,58,41,41,38,65,42,79,79,79,79,79,55,26,53,53,53,53,53,11,38,29,56,11,71,63,63,62,62,62,62,13,13,13,0],"gold":1099,"neow_bonus":"RANDOM_COMMON_RELIC","is_prod":false,"is_daily":false,"chose_seed":false,"campfire_upgraded":2,"win_rate":0,"timestamp":1542832745,"path_taken":["M","M","M","?","?","E","R","M","T","M","M","E","R","E","R","BOSS","M","?","$","M","M","E","R","M","T","?","R","E","R","M","R","BOSS","M","?","?","?","M","R","E","?","T","E"],"build_version":"2018-11-15","purchased_purges":1,"victory":false,"max_hp_per_floor":[70,70,70,70,70,77,77,77,77,77,77,77,77,91,91,91,91,91,91,91,91,91,91,91,91,91,91,91,91,91,91,91,91,91,91,91,91,91,91,91,91,91,91,91],"card_choices":[{"not_picked":["Backflip","Catalyst"],"picked":"Quick Slash","floor":1},{"not_picked":["Underhanded Strike","Prepared"],"picked":"Backflip","floor":2},{"not_picked":["Dagger Throw","Outmaneuver"],"picked":"Sucker Punch","floor":3},{"not_picked":["Dodge and Roll","Outmaneuver"],"picked":"Dash","floor":4},{"not_picked":["Bane","Reflex"],"picked":"Calculated Gamble","floor":6},{"not_picked":["Accuracy","Deadly Poison"],"picked":"Dagger Throw","floor":8},{"not_picked":["Backflip","Riddle With Holes"],"picked":"Corpse Explosion","floor":10},{"not_picked":["Deadly Poison","Underhanded Strike"],"picked":"Blur","floor":11},{"not_picked":["Setup","PiercingWail"],"picked":"Caltrops","floor":12},{"not_picked":["Prepared","Expertise"],"picked":"Underhanded Strike","floor":14},{"not_picked":["A Thousand Cuts","Adrenaline"],"picked":"Night Terror","floor":16},{"not_picked":["Setup","Underhanded Strike"],"picked":"Backflip","floor":18},{"not_picked":["Deadly Poison","Dagger Throw"],"picked":"PiercingWail","floor":21},{"not_picked":["Underhanded Strike","Slice","Dagger Throw"],"picked":"SKIP","floor":22},{"not_picked":["Bane","Backflip"],"picked":"Footwork+1","floor":23},{"not_picked":["Concentrate","Riddle With Holes","Flechettes"],"picked":"SKIP","floor":25},{"not_picked":["Poisoned Stab","Reflex"],"picked":"Acrobatics","floor":27},{"not_picked":["Caltrops","Choke"],"picked":"After Image","floor":29},{"not_picked":["Dagger Throw","Slice","Sucker Punch"],"picked":"SKIP","floor":31},{"not_picked":["Tools of the Trade+1","Night Terror"],"picked":"After Image+1","floor":33},{"not_picked":["Flying Knee","Masterful Stab+1"],"picked":"Caltrops+1","floor":35},{"not_picked":["Cloak And Dagger","Dagger Throw"],"picked":"Bouncing Flask+1","floor":37},{"not_picked":["Underhanded Strike","Prepared"],"picked":"Acrobatics","floor":39},{"not_picked":["Cloak And Dagger","Acrobatics"],"picked":"Backflip","floor":41}],"player_experience":639545,"relics_obtained":[{"floor":6,"key":"Strawberry"},{"floor":9,"key":"Oddly Smooth Stone"},{"floor":12,"key":"Calipers"},{"floor":14,"key":"Mango"},{"floor":23,"key":"Anchor"},{"floor":26,"key":"Blue Candle"},{"floor":27,"key":"Red Mask"},{"floor":29,"key":"Frozen Egg 2"},{"floor":37,"key":"Pocketwatch"},{"floor":41,"key":"Bag of Preparation"},{"floor":43,"key":"Art of War"}],"event_choices":[{"damage_healed":0,"gold_gain":200,"player_choice":"Gold","damage_taken":0,"max_hp_gain":0,"max_hp_loss":0,"event_name":"Wheel of Change","floor":19,"gold_loss":0},{"damage_healed":0,"gold_gain":0,"player_choice":"Fought Bandits","damage_taken":0,"max_hp_gain":0,"max_hp_loss":0,"event_name":"Masked Bandits","floor":27,"gold_loss":0},{"damage_healed":0,"gold_gain":222,"player_choice":"Wore Mask","damage_taken":0,"max_hp_gain":0,"max_hp_loss":0,"event_name":"Tomb of Lord Red Mask","floor":36,"gold_loss":0},{"damage_healed":0,"gold_gain":0,"player_choice":"Fight","damage_taken":0,"max_hp_gain":0,"max_hp_loss":0,"event_name":"MindBloom","floor":37,"gold_loss":0},{"cards_removed":["Strike_G"],"damage_healed":0,"gold_gain":0,"player_choice":"Removed Attack","damage_taken":0,"max_hp_gain":0,"max_hp_loss":0,"event_name":"Falling","floor":38,"gold_loss":0},{"damage_healed":0,"gold_gain":0,"player_choice":"Ignored","damage_taken":0,"max_hp_gain":0,"max_hp_loss":0,"event_name":"Mysterious Sphere","floor":42,"gold_loss":0}],"is_beta":false,"boss_relics":[{"not_picked":["Tiny House","Pandora\u0027s Box"],"picked":"Sozu"},{"not_picked":["White Beast Statue","Empty Cage"],"picked":"Philosopher\u0027s Stone"}],"items_purged_floors":[20],"is_endless":false,"potions_floor_spawned":[3,8,11,12,14,18,21,27,35,41],"killed_by":"Giant Head","ascension_level":12}