{"gold_per_floor":[412,424,5,24,35,68,68,99,172,201,201,201,213,213,213,314,314,333,333,346,418,418],"floor_reached":22,"playtime":1838,"items_purged":["Normality"],"score":194,"play_id":"8dd76a5e-8d7b-42fc-8c3d-253104035133","local_time":"20190131092450","is_ascension_mode":false,"campfire_choices":[{"floor":7.0,"key":"REST"},{"floor":11.0,"key":"REST"},{"floor":15.0,"key":"REST"}],"neow_cost":"CURSE","seed_source_timestamp":0,"circlet_count":0,"master_deck":["Strike_R","Strike_R","Strike_R","Strike_R","Strike_R","Defend_R","Defend_R","Defend_R","Defend_R","Bash","Rampage","Thunderclap","True Grit","Perfected Strike","Demon Form+1","Sword Boomerang","Battle Trance","Shockwave","Fiend Fire","Flex","Dual Wield"],"special_seed":0,"relics":["Black Blood","Old Coin","PreservedInsect","HandDrill","Torii","Unceasing Top","Frozen Egg 2","Odd Mushroom","Bottled Flame"],"potions_floor_usage":[20,22,22,22,22,22],"damage_taken":[{"damage":1.0,"enemies":"Cultist","floor":1.0,"turns":3.0},{"damage":6.0,"enemies":"Jaw Worm","floor":2.0,"turns":3.0},{"damage":9.0,"enemies":"Small Slimes","floor":4.0,"turns":4.0},{"damage":10.0,"enemies":"Looter","floor":5.0,"turns":4.0},{"damage":31.0,"enemies":"3 Sentries","floor":6.0,"turns":5.0},{"damage":14.0,"enemies":"Gremlin Nob","floor":8.0,"turns":3.0},{"damage":31.0,"enemies":"The Mushroom Lair","floor":10.0,"turns":4.0},{"damage":1.0,"enemies":"Exordium Wildlife","floor":13.0,"turns":3.0},{"damage":58.0,"enemies":"Hexaghost","floor":16.0,"turns":9.0},{"damage":29,"enemies":"Shell Parasite","floor":18,"turns":7},{"damage":59,"enemies":"3 Byrds","floor":20,"turns":6},{"damage":32,"enemies":"Cultist and Chosen","floor":22,"turns":8}],"seed_played":"665844662914194760","potions_obtained":[{"floor":2.0,"key":"Fruit Juice"},{"floor":6.0,"key":"PowerPotion"},{"floor":13.0,"key":"Ancient Potion"},{"floor":18,"key":"EntropicBrew"}],"is_trial":false,"path_per_floor":["M","M","?","?","?","?","T"],"character_chosen":"IRONCLAD","items_purchased":["PreservedInsect","HandDrill"],"campfire_rested":3,"item_purchase_floors":[3,3],"current_hp_per_floor":[80,80,85,82,78,53,78,70,70,45,70,70,75,75,85,33,85,66,66,17,17,0],"gold":418,"neow_bonus":"ONE_RARE_RELIC","is_prod":false,"is_daily":false,"chose_seed":false,"campfire_upgraded":0,"win_rate":0,"timestamp":1548923090,"path_taken":["M","?","$","?","M","E","R","E","T","?","R","?","M","?","R","BOSS","M","?","M","?","M"],"build_version":"2019-01-23","purchased_purges":1,"victory":false,"max_hp_per_floor":[80,80,85,85,85,85,85,85,85,85,85,85,85,85,85,85,85,85,85,85,85,85],"card_choices":[{"not_picked":["Entrench","Armaments"],"picked":"Rampage","floor":1.0},{"not_picked":["Rampage","Headbutt"],"picked":"Thunderclap","floor":2.0},{"not_picked":["Entrench","Warcry"],"picked":"True Grit","floor":4.0},{"not_picked":["Twin Strike","Heavy Blade"],"picked":"Perfected Strike","floor":5.0},{"not_picked":["Offering","Shrug It Off"],"picked":"Demon Form","floor":6.0},{"not_picked":["Seeing Red","Warcry"],"picked":"Sword Boomerang","floor":8.0},{"not_picked":["Feel No Pain+1","True Grit"],"picked":"Battle Trance","floor":10.0},{"not_picked":["Wild Strike","Carnage"],"picked":"Shockwave","floor":13.0},{"not_picked":["Offering","Reaper"],"picked":"Fiend Fire","floor":16.0},{"not_picked":["Perfected Strike","Wild Strike"],"picked":"Flex","floor":18},{"not_picked":["Thunderclap","Havoc"],"picked":"Dual Wield","floor":20}],"player_experience":49775,"relics_obtained":[{"floor":6.0,"key":"Torii"},{"floor":8.0,"key":"Unceasing Top"},{"floor":9.0,"key":"Frozen Egg 2"},{"floor":10.0,"key":"Odd Mushroom"},{"floor":21,"key":"Bottled Flame"}],"event_choices":[{"damage_healed":0.0,"max_hp_gain":0.0,"max_hp_loss":0.0,"gold_gain":0.0,"event_name":"Mushrooms","player_choice":"Fought Mushrooms","floor":10.0,"gold_loss":0.0,"damage_taken":0.0},{"damage_healed":0.0,"max_hp_gain":0.0,"max_hp_loss":0.0,"gold_gain":0.0,"event_name":"Golden Wing","player_choice":"Ignored","floor":12.0,"gold_loss":0.0,"damage_taken":0.0},{"damage_healed":0.0,"max_hp_gain":0.0,"max_hp_loss":0.0,"gold_gain":0.0,"event_name":"Living Wall","player_choice":"Grow","floor":14.0,"gold_loss":0.0,"damage_taken":0.0,"cards_upgraded":["Demon Form"]},{"damage_healed":0,"gold_gain":0,"player_choice":"Ignored","damage_taken":0,"max_hp_gain":0,"max_hp_loss":0,"event_name":"Ghosts","floor":19,"gold_loss":0}],"is_beta":false,"boss_relics":[{"not_picked":["Orrery","Velvet Choker"],"picked":"Black Blood"}],"items_purged_floors":[3],"is_endless":false,"potions_floor_spawned":[2,6,13,18],"killed_by":"Cultist and Chosen","ascension_level":0}