{"path_per_floor":["M","?","M","?","M","R","$","M","T","R","M","M","R","?","R","B",null,"M","T","M","M","?"],"character_chosen":"DEFECT","items_purchased":[],"gold_per_floor":[19,19,35,35,52,52,52,70,94,94,110,127,127,77,77,177,177,190,190,203,218,218,218],"floor_reached":23,"campfire_rested":1,"playtime":943,"current_hp_per_floor":[75,80,75,75,68,68,68,60,60,60,41,28,67,67,67,38,80,79,79,60,36,36,0],"items_purged":[],"gold":218,"score":210,"play_id":"c0bb4cd5-606b-4569-8b2c-b30f23aa86f2","local_time":"20180510194452","is_prod":false,"is_daily":false,"chose_seed":false,"is_ascension_mode":true,"campfire_upgraded":3,"timestamp":1525999492,"path_taken":["M","?","M","?","M","R","?","M","T","R","?","M","R","?","R","BOSS","M","?","M","M","?","E"],"build_version":"2018-05-10","seed_source_timestamp":159513188067848,"purchased_purges":0,"victory":false,"master_deck":["Strike_B","Strike_B","Strike_B","Defend_B","Defend_B","Defend_B","Defend_B","Zap+1","Dualcast","Multi-Cast","Static Discharge+1","White Noise+1","Storm+1","Nova","Streamline+1","Redo+1"],"max_hp_per_floor":[75,80,80,80,80,80,80,80,80,80,80,80,80,80,80,80,80,80,80,80,80,80,80],"relics":["Cracked Core","Regal Pillow","Sozu","Vajra"],"card_choices":[{"not_picked":["All For One","Echo Form"],"picked":"Multi-Cast","floor":0.0},{"not_picked":["Capacitor","Go for the Eyes"],"picked":"Static Discharge","floor":1.0},{"not_picked":["Rebound","Axe Kick"],"picked":"White Noise","floor":3.0},{"not_picked":["Chill","Consume"],"picked":"Storm","floor":11.0},{"not_picked":["Fusion","Seek"],"picked":"Nova","floor":16.0},{"not_picked":["Blizzard","Beam Cell"],"picked":"Streamline","floor":18.0},{"not_picked":["Recycle","Tempest"],"picked":"Redo","floor":20.0}],"player_experience":81040,"potions_floor_usage":[],"damage_taken":[{"damage":0.0,"enemies":"2 Louse","floor":1.0,"turns":3.0},{"damage":5.0,"enemies":"Small Slimes","floor":3.0,"turns":4.0},{"damage":7.0,"enemies":"Jaw Worm","floor":5.0,"turns":3.0},{"damage":8.0,"enemies":"Red Slaver","floor":8.0,"turns":4.0},{"damage":19.0,"enemies":"Large Slime","floor":11.0,"turns":5.0},{"damage":13.0,"enemies":"Exordium Wildlife","floor":12.0,"turns":4.0},{"damage":29.0,"enemies":"Hexaghost","floor":16.0,"turns":7.0},{"damage":1.0,"enemies":"Spheric Guardian","floor":18.0,"turns":3.0},{"damage":19.0,"enemies":"Shell Parasite","floor":20.0,"turns":3.0},{"damage":24.0,"enemies":"Centurion and Healer","floor":21.0,"turns":4.0},{"damage":37,"enemies":"Slavers","floor":23,"turns":3}],"event_choices":[{"event_name":"Big Fish","player_choice":"Donut","floor":2.0,"damage_taken":0.0},{"event_name":"Upgrade Shrine","player_choice":"Upgraded","floor":4.0,"damage_taken":0.0},{"event_name":"The Cleric","player_choice":"Card Removal","floor":14.0,"damage_taken":0.0},{"event_name":"Beggar","player_choice":"Ignored","floor":22.0,"damage_taken":0.0}],"boss_relics":[],"potions_floor_spawned":[3,5,12,16,20,21],"seed_played":"2682757358801864656","killed_by":"Slavers","ascension_level":3,"is_trial":false}