{"gold_per_floor":[118,128,36,36,51,80,80,91,91,57,232,264,279,279],"floor_reached":14,"playtime":798,"items_purged":[],"score":170,"play_id":"7b55320a-9ef1-4151-b16b-4d553efa2a27","local_time":"20190316130758","is_ascension_mode":true,"campfire_choices":[{"data":"Envenom","floor":7.0,"key":"SMITH"}],"neow_cost":"NONE","seed_source_timestamp":53587931177551,"circlet_count":0,"master_deck":["AscendersBane","Defend_G","Defend_G","Defend_G","Defend_G","Defend_G","Strike_G","Strike_G","Strike_G","Strike_G","Strike_G","Survivor","Neutralize","Backflip","Deadly Poison","Jack Of All Trades+1","Envenom+1","Dash","Footwork","Well Laid Plans","Doubt","Venomology","Deadly Poison"],"special_seed":0,"relics":["Ring of the Snake","Question Card","Bottled Flame","Ornamental Fan"],"potions_floor_usage":[12,13,14],"damage_taken":[{"damage":2.0,"enemies":"Cultist","floor":1.0,"turns":5.0},{"damage":3.0,"enemies":"Jaw Worm","floor":2.0,"turns":6.0},{"damage":0.0,"enemies":"Small Slimes","floor":5.0,"turns":6.0},{"damage":26.0,"enemies":"Lagavulin","floor":6.0,"turns":11.0},{"damage":9.0,"enemies":"3 Louse","floor":8.0,"turns":5.0},{"damage":16,"enemies":"3 Sentries","floor":12,"turns":7},{"damage":1,"enemies":"Looter","floor":13,"turns":4},{"damage":10,"enemies":"Large Slime","floor":14,"turns":5}],"seed_played":"3731268576552833705","potions_obtained":[{"floor":6.0,"key":"Strength Potion"},{"floor":8.0,"key":"PowerPotion"},{"floor":13,"key":"Poison Potion"}],"is_trial":false,"path_per_floor":["M","M","$","?","M","E","R","M","T","$","?","E","M","M"],"character_chosen":"THE_SILENT","items_purchased":["Jack Of All Trades","Well Laid Plans"],"campfire_rested":0,"item_purchase_floors":[3,10],"current_hp_per_floor":[63,60,60,60,60,34,34,25,25,25,25,9,8,0],"gold":279,"neow_bonus":"TEN_PERCENT_HP_BONUS","is_prod":false,"is_daily":false,"chose_seed":false,"campfire_upgraded":1,"win_rate":0,"timestamp":1552766878,"path_taken":["M","M","?","?","?","E","R","M","T","?","?","E","M","M"],"build_version":"2019-01-23","purchased_purges":0,"victory":false,"max_hp_per_floor":[72,72,72,72,72,72,72,72,72,72,72,72,72,72],"card_choices":[{"not_picked":["Expertise","Flying Knee"],"picked":"Backflip","floor":1.0},{"not_picked":["Concentrate","PiercingWail"],"picked":"Deadly Poison","floor":2.0},{"not_picked":["Masterful Stab","Terror"],"picked":"Envenom","floor":5.0},{"not_picked":["Dodge and Roll","Terror"],"picked":"Dash","floor":6.0},{"not_picked":["Slice","Underhanded Strike","Acrobatics"],"picked":"Footwork","floor":8.0},{"not_picked":["Prepared","Masterful Stab","Bane"],"picked":"Venomology","floor":12},{"not_picked":["Caltrops","Predator","Dagger Throw"],"picked":"Deadly Poison","floor":13}],"player_experience":660541,"relics_obtained":[{"floor":6.0,"key":"Question Card"},{"floor":9.0,"key":"Bottled Flame"},{"floor":12,"key":"Ornamental Fan"}],"event_choices":[{"damage_healed":0.0,"max_hp_gain":0.0,"max_hp_loss":0.0,"gold_gain":0.0,"event_name":"Upgrade Shrine","player_choice":"Upgraded","floor":4.0,"gold_loss":0.0,"damage_taken":0.0,"cards_upgraded":["Jack Of All Trades"]},{"damage_healed":0.0,"max_hp_gain":0.0,"max_hp_loss":0.0,"gold_gain":175.0,"event_name":"Liars Game","player_choice":"AGREE","floor":11.0,"gold_loss":0.0,"damage_taken":0.0,"cards_obtained":["Doubt"]}],"is_beta":false,"boss_relics":[],"items_purged_floors":[],"is_endless":false,"potions_floor_spawned":[6,8,13],"killed_by":"Large Slime","ascension_level":14}