{"gold_per_floor":[113,113,113,113,113,140,159,159,186,217,228,248,282,85,85,188,188,205,205,220,145,155,155,245,264,264,281,281,281,281,281,281,385,385,398,398,398,398,160,160,160],"floor_reached":41,"playtime":7052,"items_purged":["Pain"],"score":430,"play_id":"2b7d9b3e-2427-41b3-9be5-5579db3a5fd0","local_time":"20190320235935","is_ascension_mode":false,"campfire_choices":[{"data":"Footwork","floor":8.0,"key":"SMITH"},{"data":"Envenom","floor":15.0,"key":"SMITH"},{"floor":23,"key":"REST"},{"floor":28,"key":"REST"},{"floor":30,"key":"REST"},{"data":"Noxious Fumes","floor":32,"key":"SMITH"},{"floor":40,"key":"REST"}],"neow_cost":"NONE","seed_source_timestamp":0,"circlet_count":0,"master_deck":["Defend_G+1","Defend_G+1","Defend_G+1","Defend_G+1","Defend_G+1","Strike_G+1","Strike_G+1","Strike_G+1","Strike_G+1","Survivor","Neutralize","Footwork+1","Envenom+1","PiercingWail","Backflip","PiercingWail","A Thousand Cuts","Malaise","Noxious Fumes+1","After Image","Madness","Madness"],"special_seed":0,"relics":["Ring of the Serpent","NeowsBlessing","Thread and Needle","Omamori","Orichalcum","Bag of Marbles","Blood Vial","Lee\u0027s Waffle","Calling Bell","Regal Pillow","Dodecahedron","Dead Branch","Question Card","Mercury Hourglass"],"potions_floor_usage":[35,41,41],"damage_taken":[{"damage":0.0,"enemies":"Cultist","floor":1.0,"turns":1.0},{"damage":0.0,"enemies":"Lagavulin","floor":6.0,"turns":1.0},{"damage":0.0,"enemies":"Jaw Worm","floor":7.0,"turns":1.0},{"damage":8.0,"enemies":"3 Sentries","floor":10.0,"turns":15.0},{"damage":0.0,"enemies":"2 Louse","floor":11.0,"turns":4.0},{"damage":0.0,"enemies":"Large Slime","floor":12.0,"turns":10.0},{"damage":43.0,"enemies":"Lagavulin","floor":13.0,"turns":15.0},{"damage":25,"enemies":"The Guardian","floor":16,"turns":20},{"damage":62,"enemies":"3 Byrds","floor":18,"turns":10},{"damage":4,"enemies":"Chosen","floor":20,"turns":7},{"damage":2,"enemies":"Shelled Parasite and Fungi","floor":22,"turns":11},{"damage":26,"enemies":"3 Cultists","floor":25,"turns":9},{"damage":2,"enemies":"Snake Plant","floor":27,"turns":7},{"damage":70,"enemies":"Automaton","floor":33,"turns":14},{"damage":13,"enemies":"3 Darklings","floor":35,"turns":8},{"damage":142,"enemies":"Giant Head","floor":41,"turns":12}],"seed_played":"3062193257296514787","potions_obtained":[{"floor":11.0,"key":"Regen Potion"},{"floor":16,"key":"Strength Potion"},{"floor":20,"key":"Regen Potion"},{"floor":25,"key":"Strength Potion"},{"floor":35,"key":"FairyPotion"}],"is_trial":false,"path_per_floor":["M","$","?","?","?","E","M","R","T","E","M","M","E","$","R","B",null,"M","?","M","$","M","R","?","M","T","M","R","?","R","?","R","B",null,"M","?","?","?","$","R","E"],"character_chosen":"THE_SILENT","items_purchased":["Lee\u0027s Waffle","Mercury Hourglass"],"campfire_rested":4,"item_purchase_floors":[14,39],"current_hp_per_floor":[70,70,67,72,72,72,72,72,72,64,64,64,36,82,82,57,82,20,20,18,18,18,57,41,17,17,17,56,56,82,82,82,12,82,82,82,72,72,72,82,0],"gold":160,"neow_bonus":"THREE_ENEMY_KILL","is_prod":false,"is_daily":false,"chose_seed":false,"campfire_upgraded":3,"win_rate":0.0,"timestamp":1553122775,"path_taken":["M","?","?","?","?","E","M","R","T","E","M","M","E","?","R","BOSS","M","?","M","$","M","R","?","?","T","M","R","?","R","?","R","BOSS","M","?","?","?","$","R","E"],"build_version":"2019-01-23","purchased_purges":1,"victory":false,"max_hp_per_floor":[70,70,70,75,75,75,75,75,75,75,75,75,75,82,82,82,82,82,82,82,82,82,82,82,82,82,82,82,82,82,82,82,82,82,82,82,82,82,82,82,82],"card_choices":[{"not_picked":["Prepared","Outmaneuver","Dagger Spray"],"picked":"SKIP","floor":1.0},{"not_picked":["Acrobatics","Sucker Punch"],"picked":"Footwork","floor":6.0},{"not_picked":["Heel Hook","Sucker Punch"],"picked":"Envenom","floor":7.0},{"not_picked":["Distraction","Dagger Throw"],"picked":"PiercingWail","floor":10.0},{"not_picked":["Prepared","Eviscerate"],"picked":"Backflip","floor":11.0},{"not_picked":["Deflect","Noxious Fumes"],"picked":"PiercingWail","floor":12.0},{"not_picked":["Crippling Poison","Terror"],"picked":"A Thousand Cuts","floor":13.0},{"not_picked":["Doppelganger","Night Terror"],"picked":"Malaise","floor":16},{"not_picked":["Poisoned Stab","Eviscerate","Backflip"],"picked":"SKIP","floor":18},{"not_picked":["Well Laid Plans","Underhanded Strike"],"picked":"Noxious Fumes","floor":20},{"not_picked":["Quick Slash+1","Deadly Poison+1","Sucker Punch"],"picked":"SKIP","floor":22},{"not_picked":["Underhanded Strike","Backflip+1","PiercingWail"],"picked":"SKIP","floor":25},{"not_picked":["Bullet Time","Terror+1","Blade Dance","Endless Agony"],"picked":"SKIP","floor":27},{"not_picked":["Envenom","Night Terror","Glass Knife"],"picked":"After Image","floor":33},{"not_picked":["Dash","Footwork","Deadly Poison","Predator"],"picked":"SKIP","floor":35}],"player_experience":87129,"relics_obtained":[{"floor":6.0,"key":"Omamori"},{"floor":9.0,"key":"Orichalcum"},{"floor":10.0,"key":"Bag of Marbles"},{"floor":13.0,"key":"Blood Vial"},{"floor":17,"key":"Regal Pillow"},{"floor":17,"key":"Dodecahedron"},{"floor":17,"key":"Dead Branch"},{"floor":26,"key":"Question Card"}],"event_choices":[{"damage_healed":0.0,"max_hp_gain":0.0,"max_hp_loss":0.0,"gold_gain":0.0,"event_name":"Scrap Ooze","player_choice":"Success","floor":3.0,"gold_loss":0.0,"damage_taken":3.0,"relics_obtained":["Thread and Needle"]},{"damage_healed":0.0,"max_hp_gain":5.0,"max_hp_loss":0.0,"gold_gain":0.0,"event_name":"Big Fish","player_choice":"Donut","floor":4.0,"gold_loss":0.0,"damage_taken":0.0},{"damage_healed":0.0,"max_hp_gain":0.0,"max_hp_loss":0.0,"gold_gain":0.0,"event_name":"The Cleric","player_choice":"Leave","floor":5.0,"gold_loss":0.0,"damage_taken":0.0},{"damage_healed":0,"gold_gain":0,"player_choice":"Simplicity","damage_taken":0,"max_hp_gain":0,"max_hp_loss":0,"event_name":"Back to Basics","floor":19,"gold_loss":0,"cards_upgraded":["Defend_G","Defend_G","Defend_G","Defend_G","Defend_G","Strike_G","Strike_G","Strike_G","Strike_G","Strike_G"]},{"damage_healed":0,"gold_gain":90,"player_choice":"GOLD ","damage_taken":16,"max_hp_gain":0,"max_hp_loss":0,"event_name":"Knowing Skull","floor":24,"potions_obtained":[],"gold_loss":0,"cards_obtained":[]},{"damage_healed":0,"gold_gain":0,"player_choice":"Ignored","damage_taken":0,"max_hp_gain":0,"max_hp_loss":0,"event_name":"Beggar","floor":29,"gold_loss":0},{"damage_healed":0,"gold_gain":0,"player_choice":"Ignored","damage_taken":0,"max_hp_gain":0,"max_hp_loss":0,"event_name":"Ghosts","floor":31,"gold_loss":0},{"damage_healed":0,"gold_gain":0,"player_choice":"Ignored","damage_taken":0,"max_hp_gain":0,"max_hp_loss":0,"event_name":"Tomb of Lord Red Mask","floor":36,"gold_loss":0},{"damage_healed":0,"gold_gain":0,"player_choice":"Embrace Madness","damage_taken":10,"max_hp_gain":0,"max_hp_loss":0,"event_name":"Winding Halls","floor":37,"gold_loss":0,"cards_obtained":["Madness","Madness"]},{"cards_removed":["Strike_G"],"damage_healed":0,"gold_gain":0,"player_choice":"Removed Attack","damage_taken":0,"max_hp_gain":0,"max_hp_loss":0,"event_name":"Falling","floor":38,"gold_loss":0}],"is_beta":false,"boss_relics":[{"not_picked":["Eternal Feather","Orrery"],"picked":"Calling Bell"},{"not_picked":["Fusion Hammer","Black Star"],"picked":"Ring of the Serpent"}],"items_purged_floors":[21],"is_endless":false,"potions_floor_spawned":[11,16,20,25,35],"killed_by":"Giant Head","ascension_level":0}