{"gold_per_floor":[20,31,43,3,22,51,51,51,51,67,80,80,92,112,112,214,214,231,246,4,4,104,104,104],"floor_reached":24,"playtime":992,"items_purged":[],"score":250,"play_id":"ea9b6c33-ef06-40a8-8066-323999cf9a5a","local_time":"20190319215340","is_ascension_mode":true,"campfire_choices":[{"data":"Steam","floor":7,"key":"SMITH"},{"floor":12,"key":"REST"},{"floor":15,"key":"REST"},{"floor":23,"key":"REST"}],"neow_cost":"NO_GOLD","seed_source_timestamp":422416518398205,"circlet_count":0,"master_deck":["Strike_B","Defend_B","Defend_B","Defend_B","Defend_B","Zap","Dualcast","Leap","Ball Lightning","Sweeping Beam","Gash","Steam+1","Go for the Eyes+1","Compile Driver+1","Cold Snap+1","Cold Snap+1","Echo Form","Barrage+1","Self Repair","Defragment","Barrage+1","Buffer","Self Repair","Redo"],"relics":["Cracked Core","Nunchaku","Bottled Lightning","Molten Egg 2","Black Star","PreservedInsect","Unceasing Top","Bottled Tornado"],"potions_floor_usage":[19,22,22,22,22,22],"damage_taken":[{"damage":3,"enemies":"2 Louse","floor":1,"turns":3},{"damage":0,"enemies":"Jaw Worm","floor":2,"turns":3},{"damage":0,"enemies":"Cultist","floor":3,"turns":3},{"damage":3,"enemies":"Blue Slaver","floor":5,"turns":3},{"damage":19,"enemies":"Gremlin Nob","floor":6,"turns":4},{"damage":0,"enemies":"Looter","floor":10,"turns":3},{"damage":13,"enemies":"Large Slime","floor":11,"turns":4},{"damage":8,"enemies":"3 Louse","floor":13,"turns":2},{"damage":5,"enemies":"Red Slaver","floor":14,"turns":3},{"damage":5,"enemies":"Slime Boss","floor":16,"turns":12},{"damage":10,"enemies":"Chosen","floor":18,"turns":4},{"damage":4,"enemies":"3 Byrds","floor":19,"turns":4},{"damage":40,"enemies":"Colosseum Slavers","floor":22,"turns":7},{"damage":1,"enemies":"Colosseum Nobs","floor":22,"turns":3},{"damage":66,"enemies":"Gremlin Leader","floor":24,"turns":6}],"seed_played":"5208732698220065845","potions_obtained":[{"floor":2,"key":"LiquidBronze"},{"floor":5,"key":"Block Potion"},{"floor":11,"key":"Poison Potion"},{"floor":13,"key":"Fire Potion"},{"floor":16,"key":"EntropicBrew"},{"floor":19,"key":"Regen Potion"}],"is_trial":false,"path_per_floor":["?","?","M","?","?"],"character_chosen":"DEFECT","items_purchased":["Defragment","PreservedInsect","Barrage+1"],"campfire_rested":3,"item_purchase_floors":[20,20,20],"current_hp_per_floor":[72,72,72,72,69,50,50,50,50,50,37,59,51,46,68,63,72,62,58,58,58,40,62,0],"gold":104,"neow_bonus":"ONE_RARE_RELIC","is_prod":false,"is_daily":false,"chose_seed":false,"campfire_upgraded":1,"win_rate":0,"timestamp":1553028820,"path_taken":["M","M","M","?","M","E","R","?","T","?","M","R","M","M","R","BOSS","M","M","$","?","?","R","E"],"build_version":"2019-01-23","purchased_purges":0,"victory":false,"max_hp_per_floor":[75,75,75,75,75,75,75,75,75,75,75,75,75,75,75,75,75,75,75,75,75,75,75,75],"card_choices":[{"not_picked":["Compile Driver","Hologram"],"picked":"Leap","floor":1},{"not_picked":["Static Discharge","Rebound"],"picked":"Ball Lightning","floor":2},{"not_picked":["Hologram","Streamline"],"picked":"Sweeping Beam","floor":3},{"not_picked":["Core Surge","Rebound"],"picked":"Gash","floor":5},{"not_picked":["Cold Snap","Lockon"],"picked":"Steam","floor":6},{"not_picked":["Fusion","Double Energy"],"picked":"Go for the Eyes+1","floor":10},{"not_picked":["Ball Lightning+1","Stack"],"picked":"Compile Driver+1","floor":11},{"not_picked":["Sweeping Beam+1","Rebound+1"],"picked":"Cold Snap+1","floor":13},{"not_picked":["Stack","Conserve Battery"],"picked":"Cold Snap+1","floor":14},{"not_picked":["Reboot","Core Surge+1"],"picked":"Echo Form","floor":16},{"not_picked":["Stack+1","Lockon+1"],"picked":"Barrage+1","floor":18},{"not_picked":["Redo","Stack"],"picked":"Self Repair","floor":19},{"not_picked":["Scrape+1","Barrage+1"],"picked":"Redo","floor":22}],"player_experience":424018,"relics_obtained":[{"floor":6,"key":"Bottled Lightning"},{"floor":9,"key":"Molten Egg 2"},{"floor":22,"key":"Unceasing Top"},{"floor":22,"key":"Bottled Tornado"}],"event_choices":[{"damage_healed":0,"gold_gain":0,"player_choice":"Left Gold","damage_taken":0,"max_hp_gain":0,"max_hp_loss":0,"event_name":"World of Goop","floor":4,"gold_loss":40},{"cards_removed":["Strike_B"],"damage_healed":0,"gold_gain":0,"player_choice":"Offered Basic","damage_taken":0,"max_hp_gain":0,"max_hp_loss":0,"event_name":"Bonfire Elementals","floor":8,"gold_loss":0},{"damage_healed":0,"gold_gain":0,"cards_transformed":["Strike_B","Strike_B"],"player_choice":"Became Test Subject","damage_taken":0,"max_hp_gain":0,"max_hp_loss":0,"event_name":"Drug Dealer","floor":21,"gold_loss":0,"cards_obtained":["Buffer","Self Repair"]},{"damage_healed":0,"gold_gain":0,"player_choice":"Fight","damage_taken":0,"max_hp_gain":0,"max_hp_loss":0,"event_name":"Colosseum","floor":22,"gold_loss":0},{"damage_healed":0,"gold_gain":0,"player_choice":"Fought Nobs","damage_taken":0,"max_hp_gain":0,"max_hp_loss":0,"event_name":"Colosseum","floor":22,"gold_loss":0}],"is_beta":false,"boss_relics":[{"not_picked":["Coffee Dripper","Nuclear Battery"],"picked":"Black Star"}],"items_purged_floors":[],"is_endless":false,"potions_floor_spawned":[2,5,11,13,16,19,22],"killed_by":"Gremlin Leader","ascension_level":5}