{"gold_per_floor":[110,35,35,45,45,84,97,97,97,23,46,46,66,66,66,187,187,205,205,105,105,136,148,199,86,86,107,145,244,244,244,244,373,373,397,51,71,71,404,432,432,465,489,489,16,29,29,48,48,48],"floor_reached":51,"playtime":2489,"items_purged":["Strike_R","Strike_R","Strike_R","Defend_R"],"score":979,"play_id":"04d09c0d-0c20-45b7-925f-70d24e0f8f2f","local_time":"20190208143832","is_ascension_mode":true,"campfire_choices":[{"floor":12.0,"key":"REST"},{"data":"Armaments","floor":15.0,"key":"SMITH"},{"floor":23.0,"key":"REST"},{"data":"Armaments","floor":30.0,"key":"SMITH"},{"floor":32,"key":"REST"},{"data":"Juggernaut","floor":41,"key":"SMITH"},{"floor":44,"key":"REST"},{"floor":49,"key":"REST"}],"neow_cost":"NONE","seed_source_timestamp":80730135109333,"circlet_count":0,"master_deck":["Defend_R","Defend_R","Defend_R","Bash","Shrug It Off+1","Body Slam","Ghostly Armor","Metallicize","Body Slam","Armaments+1","Juggernaut+1","Armaments+1","Pommel Strike","Flame Barrier","Impervious","Body Slam","Flame Barrier+1","Flame Barrier","Entrench+1","Body Slam","Entrench","Entrench"],"special_seed":0,"relics":["Burning Blood","Sundial","Matryoshka","Ancient Tea Set","Letter Opener","Runic Pyramid","MawBank","Incense Burner","Question Card","Dodecahedron","Self Forming Clay","Enchiridion","Orrery","TheAbacus","Red Skull","Pear","Strawberry","Oddly Smooth Stone","Lee\u0027s Waffle"],"potions_floor_usage":[42,42,42,50,50],"damage_taken":[{"damage":4.0,"enemies":"2 Louse","floor":1.0,"turns":4.0},{"damage":1.0,"enemies":"Cultist","floor":4.0,"turns":4.0},{"damage":36.0,"enemies":"Lagavulin","floor":6.0,"turns":9.0},{"damage":0.0,"enemies":"Jaw Worm","floor":7.0,"turns":3.0},{"damage":1.0,"enemies":"Looter","floor":11.0,"turns":5.0},{"damage":0.0,"enemies":"Blue Slaver","floor":13.0,"turns":5.0},{"damage":4.0,"enemies":"Hexaghost","floor":16.0,"turns":12.0},{"damage":3.0,"enemies":"Shell Parasite","floor":18.0,"turns":5.0},{"damage":25.0,"enemies":"2 Thieves","floor":22.0,"turns":5.0},{"damage":0.0,"enemies":"Book of Stabbing","floor":24.0,"turns":4.0},{"damage":0.0,"enemies":"Cultist and Chosen","floor":27.0,"turns":5.0},{"damage":9.0,"enemies":"Gremlin Leader","floor":28.0,"turns":5.0},{"damage":0,"enemies":"Automaton","floor":33,"turns":4},{"damage":2,"enemies":"3 Shapes","floor":35,"turns":5},{"damage":6,"enemies":"3 Darklings","floor":37,"turns":5},{"damage":15,"enemies":"Giant Head","floor":40,"turns":8},{"damage":61,"enemies":"Reptomancer","floor":42,"turns":7},{"damage":0,"enemies":"4 Shapes","floor":46,"turns":3},{"damage":15,"enemies":"Writhing Mass","floor":48,"turns":6},{"damage":27,"enemies":"Time Eater","floor":50,"turns":10}],"seed_played":"-131092903232903466","potions_obtained":[{"floor":0.0,"key":"EntropicBrew"},{"floor":0.0,"key":"Strength Potion"},{"floor":0.0,"key":"Block Potion"},{"floor":6.0,"key":"GamblersBrew"},{"floor":22.0,"key":"FearPotion"},{"floor":27.0,"key":"Fire Potion"},{"floor":28.0,"key":"BloodPotion"},{"floor":46,"key":"BloodPotion"}],"is_trial":false,"path_per_floor":["?","M","?","?","T","?","T","M","$","?","?","?","?","?"],"character_chosen":"IRONCLAD","items_purchased":["Metallicize","TheAbacus","Oddly Smooth Stone","Lee\u0027s Waffle","Entrench","Energy Potion"],"campfire_rested":5,"item_purchase_floors":[10,36,45,45,45,45],"current_hp_per_floor":[80,80,80,80,74,44,50,43,43,43,48,70,74,74,74,74,74,74,74,74,74,55,74,74,74,74,74,71,71,71,55,74,74,74,74,74,74,74,74,65,65,27,34,61,98,98,93,84,93,81],"gold":48,"neow_bonus":"THREE_SMALL_POTIONS","is_prod":false,"is_daily":false,"chose_seed":false,"campfire_upgraded":3,"win_rate":0,"timestamp":1549633112,"path_taken":["M","$","?","?","?","E","M","?","T","$","M","R","M","?","R","BOSS","M","?","$","?","?","R","E","?","T","M","E","?","R","?","R","BOSS","M","$","M","?","?","E","R","E","T","R","$","M","?","M","R","BOSS"],"build_version":"2019-01-23","purchased_purges":4,"victory":true,"max_hp_per_floor":[80,80,80,80,74,74,74,74,74,74,74,74,74,74,74,74,74,74,74,74,74,74,74,74,74,74,74,74,74,74,74,74,74,74,74,74,74,74,74,74,74,84,91,91,98,98,93,93,93,93],"card_choices":[{"not_picked":["Wild Strike","Power Through"],"picked":"Shrug It Off","floor":1.0},{"not_picked":["Twin Strike","Sword Boomerang","Warcry"],"picked":"SKIP","floor":4.0},{"not_picked":["Sword Boomerang","Shockwave"],"picked":"Body Slam","floor":6.0},{"not_picked":["Thunderclap","Sword Boomerang"],"picked":"Ghostly Armor","floor":7.0},{"not_picked":["Pommel Strike","Clothesline"],"picked":"Body Slam","floor":11.0},{"not_picked":["Cleave","Feel No Pain"],"picked":"Armaments","floor":13.0},{"not_picked":["Reaper","Double Tap"],"picked":"Juggernaut","floor":16.0},{"not_picked":["Burning Pact","Fire Breathing"],"picked":"Armaments","floor":18.0},{"not_picked":["Thunderclap","Sentinel+1"],"picked":"Flame Barrier","floor":22.0},{"not_picked":["Intimidate+1","Battle Trance","Twin Strike+1"],"picked":"SKIP","floor":24.0},{"not_picked":["Armaments","Cleave","Rage","Anger"],"picked":"SKIP","floor":27.0},{"not_picked":["Burning Pact","Shockwave","Pummel","Dual Wield+1"],"picked":"SKIP","floor":28.0},{"not_picked":["Feed","Double Tap","Brutality"],"picked":"Impervious","floor":33},{"not_picked":["Heavy Blade","Reckless Charge+1","Dropkick"],"picked":"Body Slam","floor":34},{"not_picked":["Clash","Second Wind","Blood for Blood"],"picked":"Flame Barrier+1","floor":34},{"not_picked":["Seeing Red+1","Iron Wave+1","Clash"],"picked":"Flame Barrier","floor":34},{"not_picked":["Seeing Red+1","Immolate","Cleave"],"picked":"Entrench+1","floor":35},{"not_picked":["Combust","Evolve","Twin Strike","Dropkick"],"picked":"SKIP","floor":37},{"not_picked":["Thunderclap+1","Clothesline","Pommel Strike","Feel No Pain"],"picked":"SKIP","floor":40},{"not_picked":["Battle Trance+1","Rage","Dual Wield+1"],"picked":"Body Slam","floor":42},{"not_picked":["Havoc+1","Cleave","Pummel"],"picked":"Entrench","floor":46},{"not_picked":["Sentinel+1","Wild Strike","Sword Boomerang+1","Perfected Strike"],"picked":"SKIP","floor":48}],"player_experience":124797,"relics_obtained":[{"floor":6.0,"key":"Sundial"},{"floor":9.0,"key":"Matryoshka"},{"floor":14.0,"key":"Ancient Tea Set"},{"floor":14.0,"key":"Letter Opener"},{"floor":21.0,"key":"MawBank"},{"floor":21.0,"key":"Incense Burner"},{"floor":24.0,"key":"Question Card"},{"floor":26.0,"key":"Dodecahedron"},{"floor":28.0,"key":"Self Forming Clay"},{"floor":31,"key":"Enchiridion"},{"floor":40,"key":"Red Skull"},{"floor":42,"key":"Pear"},{"floor":43,"key":"Strawberry"}],"event_choices":[{"damage_healed":0.0,"max_hp_gain":0.0,"max_hp_loss":0.0,"gold_gain":0.0,"event_name":"Accursed Blacksmith","player_choice":"Forge","floor":3.0,"gold_loss":0.0,"damage_taken":0.0,"cards_upgraded":["Shrug It Off"]},{"damage_healed":0.0,"max_hp_gain":0.0,"max_hp_loss":6.0,"gold_gain":0.0,"event_name":"Golden Idol","player_choice":"Lose Max HP","floor":5.0,"gold_loss":0.0,"damage_taken":0.0,"relics_obtained":["Golden Idol"]},{"cards_removed":["Strike_R"],"damage_healed":0.0,"max_hp_gain":0.0,"max_hp_loss":0.0,"gold_gain":0.0,"event_name":"Golden Wing","player_choice":"Card Removal","floor":8.0,"gold_loss":0.0,"damage_taken":7.0},{"damage_healed":0.0,"max_hp_gain":0.0,"max_hp_loss":0.0,"gold_gain":0.0,"cards_transformed":["Strike_R"],"event_name":"Transmorgrifier","player_choice":"Transformed","floor":19.0,"gold_loss":0.0,"damage_taken":0.0,"cards_obtained":["Pommel Strike"]},{"damage_healed":0.0,"max_hp_gain":0.0,"max_hp_loss":0.0,"gold_gain":99.0,"event_name":"Nest","player_choice":"Stole From Cult","floor":29.0,"gold_loss":0.0,"damage_taken":0.0},{"damage_healed":0,"gold_gain":0,"player_choice":"Obtained Book","damage_taken":16,"max_hp_gain":0,"max_hp_loss":0,"event_name":"Cursed Tome","floor":31,"gold_loss":0},{"damage_healed":0,"gold_gain":0,"player_choice":"Ignored","damage_taken":0,"max_hp_gain":0,"max_hp_loss":0,"event_name":"Mysterious Sphere","floor":38,"gold_loss":0},{"damage_healed":0,"gold_gain":333,"player_choice":"Gave Idol","damage_taken":0,"max_hp_gain":0,"max_hp_loss":0,"event_name":"The Moai Head","floor":39,"relics_lost":["Golden Idol"],"gold_loss":0},{"damage_healed":0,"gold_gain":0,"player_choice":"Max HP","damage_taken":0,"max_hp_gain":0,"max_hp_loss":5,"event_name":"Winding Halls","floor":47,"gold_loss":0}],"is_beta":false,"boss_relics":[{"not_picked":["Sozu","Eternal Feather"],"picked":"Runic Pyramid"},{"not_picked":["Runic Dome","Tiny House"],"picked":"Orrery"}],"items_purged_floors":[2,20,25,36],"is_endless":false,"potions_floor_spawned":[6,22,27,28,37,46],"ascension_level":3}