{"gold_per_floor":[118,118,138,138,155,155,170,170,170,19,19,19,19,36,36,136,136,155,169,180,194,194],"floor_reached":22,"playtime":712,"items_purged":[],"score":178,"play_id":"c682a8c0-c7a9-41f0-a84f-c99bec4a945b","local_time":"20180810021120","is_ascension_mode":false,"campfire_choices":[{"data":"Rage","floor":6.0,"key":"SMITH"},{"data":"Clash","floor":11.0,"key":"SMITH"},{"data":"True Grit","floor":13.0,"key":"SMITH"},{"data":"Bash","floor":15.0,"key":"SMITH"}],"neow_cost":"NONE","seed_source_timestamp":2252304727165322,"circlet_count":0,"master_deck":["Strike_R","Strike_R","Strike_R","Defend_R","Defend_R","Defend_R","Bash+1","Rage+1","Clash+1","Thunderclap","True Grit+1","Fiend Fire","Searing Blow","Demon Form","Sever Soul","Clash","Dropkick+1"],"special_seed":0,"relics":["Empty Cage"],"potions_floor_usage":[16,19,21],"damage_taken":[{"damage":2.0,"enemies":"2 Louse","floor":1.0,"turns":3.0},{"damage":0.0,"enemies":"Cultist","floor":3.0,"turns":3.0},{"damage":5.0,"enemies":"Jaw Worm","floor":5.0,"turns":5.0},{"damage":2.0,"enemies":"Exordium Thugs","floor":7.0,"turns":3.0},{"damage":2.0,"enemies":"Blue Slaver","floor":14.0,"turns":2.0},{"damage":64,"enemies":"Hexaghost","floor":16,"turns":10},{"damage":10,"enemies":"Chosen","floor":18,"turns":4},{"damage":15,"enemies":"3 Byrds","floor":19,"turns":5},{"damage":15,"enemies":"Snecko","floor":20,"turns":4},{"damage":28,"enemies":"Snake Plant","floor":21,"turns":5},{"damage":26,"enemies":"Cultist and Chosen","floor":22,"turns":4}],"seed_played":"4167223637770959511","potions_obtained":[{"floor":3.0,"key":"AttackPotion"},{"floor":16,"key":"Poison Potion"},{"floor":19,"key":"FearPotion"},{"floor":21,"key":"Dexterity Potion"}],"is_trial":false,"path_per_floor":["M","?","M","?","M","R","M","?","T","$","R","$","R","M","R","B",null,"M","M","M","M"],"character_chosen":"IRONCLAD","items_purchased":["Fiend Fire"],"campfire_rested":0,"item_purchase_floors":[10],"current_hp_per_floor":[78,78,78,78,73,73,71,76,76,76,76,76,76,74,74,10,80,70,55,40,12,0],"gold":194,"neow_bonus":"BOSS_RELIC","is_prod":false,"is_daily":false,"chose_seed":false,"campfire_upgraded":4,"win_rate":0,"timestamp":1533888680,"path_taken":["M","?","M","?","M","R","M","?","T","$","R","$","R","M","R","BOSS","M","M","M","M","M"],"build_version":"2018-08-09","purchased_purges":0,"victory":false,"max_hp_per_floor":[80,80,80,80,80,80,80,80,80,80,80,80,80,80,80,80,80,80,80,80,80,80],"card_choices":[{"not_picked":["True Grit","Havoc"],"picked":"Rage","floor":1.0},{"not_picked":["Pommel Strike","Heavy Blade"],"picked":"Clash","floor":3.0},{"not_picked":["Heavy Blade","Feel No Pain"],"picked":"Thunderclap","floor":5.0},{"not_picked":["Iron Wave","Body Slam"],"picked":"True Grit","floor":7.0},{"not_picked":["Perfected Strike","True Grit"],"picked":"Searing Blow","floor":14.0},{"not_picked":["Barricade","Immolate"],"picked":"Demon Form","floor":16},{"not_picked":["Body Slam","Metallicize"],"picked":"Sever Soul","floor":18},{"not_picked":["Havoc","Flex"],"picked":"Clash","floor":19},{"not_picked":["Heavy Blade","Clash"],"picked":"Dropkick+1","floor":20},{"not_picked":["Blood for Blood","Heavy Blade","Warcry"],"picked":"SKIP","floor":21}],"player_experience":371700,"relics_obtained":[],"event_choices":[{"event_name":"WeMeetAgain","player_choice":"Attack","floor":2.0,"damage_taken":0.0},{"event_name":"Transmorgrifier","player_choice":"Transform","floor":4.0,"damage_taken":0.0},{"event_name":"Bonfire Elementals","player_choice":"COMMON","floor":8.0,"damage_taken":0.0}],"is_beta":false,"boss_relics":[{"not_picked":["Astrolabe","Pandora\u0027s Box","Snecko Eye"]}],"items_purged_floors":[],"is_endless":false,"potions_floor_spawned":[3,16,19,21],"killed_by":"Cultist and Chosen","ascension_level":0}