{"gold_per_floor":[114,289,289,564,583,602,602,615,661,661,673,735,753,753,753,753],"floor_reached":16,"playtime":762,"items_purged":[],"score":102,"play_id":"5ec43f42-a1a9-4396-b7a7-de4e1f6232d4","local_time":"20190310175703","is_ascension_mode":false,"campfire_choices":[{"floor":7,"key":"REST"},{"data":"Predator","floor":10,"key":"SMITH"},{"floor":15,"key":"REST"}],"neow_cost":"NONE","seed_source_timestamp":763216062115700,"circlet_count":0,"master_deck":["Defend_G","Defend_G","Defend_G","Defend_G","Defend_G","Strike_G","Strike_G","Strike_G","Strike_G","Strike_G","Survivor","Neutralize","Slice","Regret","Predator+1","Masterful Stab","Predator","Noxious Fumes","Blur","Deadly Poison","Dagger Throw"],"relics":["Ring of the Snake","Dream Catcher","Tiny Chest","Dodecahedron"],"potions_floor_usage":[12],"damage_taken":[{"damage":0,"enemies":"Jaw Worm","floor":1,"turns":4},{"damage":14,"enemies":"Small Slimes","floor":5,"turns":4},{"damage":9,"enemies":"Cultist","floor":6,"turns":3},{"damage":7,"enemies":"Blue Slaver","floor":8,"turns":3},{"damage":9,"enemies":"Red Slaver","floor":11,"turns":2},{"damage":13,"enemies":"3 Sentries","floor":12,"turns":7},{"damage":25,"enemies":"Lots of Slimes","floor":13,"turns":6},{"damage":40,"enemies":"The Guardian","floor":16,"turns":8}],"seed_played":"-6799680714915385839","potions_obtained":[{"floor":6,"key":"GamblersBrew"},{"floor":11,"key":"Block Potion"},{"floor":13,"key":"Weak Potion"}],"is_trial":false,"path_per_floor":["M","?","?","?","M","M","R","M","T","R","M","E","M","T","R","B"],"character_chosen":"THE_SILENT","items_purchased":[],"campfire_rested":2,"item_purchase_floors":[],"current_hp_per_floor":[77,77,70,70,56,47,70,63,63,63,54,41,16,16,39,0],"gold":753,"neow_bonus":"TEN_PERCENT_HP_BONUS","is_prod":false,"is_daily":false,"chose_seed":false,"campfire_upgraded":1,"win_rate":0.0,"timestamp":1552255023,"path_taken":["M","?","?","?","M","M","R","M","T","R","?","E","M","?","R","BOSS"],"build_version":"2019-01-23","purchased_purges":0,"victory":false,"max_hp_per_floor":[77,77,77,77,77,77,77,77,77,77,77,77,77,77,77,77],"card_choices":[{"not_picked":["Well Laid Plans","Dagger Spray"],"picked":"Slice","floor":1},{"not_picked":["Accuracy","Deflect"],"picked":"Predator","floor":5},{"not_picked":["Underhanded Strike","Heel Hook"],"picked":"Masterful Stab","floor":6},{"not_picked":["Outmaneuver","Reflex"],"picked":"Predator","floor":8},{"not_picked":["Heel Hook","A Thousand Cuts"],"picked":"Noxious Fumes","floor":11},{"not_picked":["Distraction","Flechettes"],"picked":"Blur","floor":12},{"not_picked":["Tactician","Acrobatics"],"picked":"Deadly Poison","floor":13},{"not_picked":["Predator","PiercingWail"],"picked":"Dagger Throw","floor":15}],"player_experience":64024,"relics_obtained":[{"floor":9,"key":"Dream Catcher"},{"floor":12,"key":"Tiny Chest"},{"floor":14,"key":"Dodecahedron"}],"event_choices":[{"damage_healed":0,"gold_gain":175,"player_choice":"AGREE","damage_taken":0,"max_hp_gain":0,"max_hp_loss":0,"event_name":"Liars Game","floor":2,"gold_loss":0,"cards_obtained":["Doubt"]},{"cards_removed":["Doubt"],"damage_healed":0,"gold_gain":0,"player_choice":"Card Removal","damage_taken":7,"max_hp_gain":0,"max_hp_loss":0,"event_name":"Golden Wing","floor":3,"gold_loss":0},{"damage_healed":0,"gold_gain":275,"player_choice":"Desecrate","damage_taken":0,"max_hp_gain":0,"max_hp_loss":0,"event_name":"Golden Shrine","floor":4,"gold_loss":0,"cards_obtained":["Regret"]}],"is_beta":false,"boss_relics":[],"items_purged_floors":[],"is_endless":false,"potions_floor_spawned":[6,11,13],"killed_by":"The Guardian","ascension_level":0}