{"gold_per_floor":[217,146,146,165,145,145,177,197,197,197,208,258,275,291,291,367,367,380,104,104,124,124,124,64,164,194,194,207,217,251,262,262,339,339,355,1,12,27,39,72,72,85,85,85,114,128,30,45,45,45],"floor_reached":51,"playtime":3315,"items_purged":["Corruption","Defend_R"],"score":1242,"play_id":"3f643bb0-ccce-484a-9cae-7909a57a8d67","local_time":"20190319233433","is_ascension_mode":true,"campfire_choices":[{"data":"Armaments","floor":6.0,"key":"SMITH"},{"floor":15.0,"key":"REST"},{"floor":23.0,"key":"REST"},{"floor":32.0,"key":"REST"},{"floor":41.0,"key":"REST"},{"data":"Barricade","floor":49,"key":"SMITH"}],"neow_cost":"NONE","seed_source_timestamp":9830804722625,"circlet_count":0,"master_deck":["AscendersBane","Strike_R","Strike_R","Strike_R","Strike_R","Strike_R+1","Defend_R","Defend_R","Defend_R","Bash+1","Pommel Strike","Perfected Strike","Shrug It Off","Armaments+1","Dual Wield+1","Pommel Strike","Perfected Strike","Impervious","Dark Embrace","Ghostly","Ghostly","Ghostly","Feel No Pain","Necronomicurse","Corruption+1","Evolve","Cleave","Barricade+1","Shockwave","Power Through+1","Madness","Madness","Body Slam+1","Body Slam","Shrug It Off+1"],"special_seed":0,"relics":["Burning Blood","Paper Frog","The Courier","Pantograph","Busted Crown","MealTicket","Dream Catcher","Necronomicon","Torii","Ornamental Fan","Tiny Chest","PreservedInsect","Philosopher\u0027s Stone","FossilizedHelix","Bag of Preparation","Ancient Tea Set","Blue Candle","Whetstone"],"potions_floor_usage":[50],"damage_taken":[{"damage":5.0,"enemies":"2 Louse","floor":1.0,"turns":4.0},{"damage":6.0,"enemies":"Jaw Worm","floor":4.0,"turns":4.0},{"damage":56.0,"enemies":"Gremlin Nob","floor":7.0,"turns":5.0},{"damage":0.0,"enemies":"Cultist","floor":8.0,"turns":2.0},{"damage":5.0,"enemies":"2 Fungi Beasts","floor":11.0,"turns":3.0},{"damage":5.0,"enemies":"3 Louse","floor":13.0,"turns":5.0},{"damage":7.0,"enemies":"Exordium Thugs","floor":14.0,"turns":3.0},{"damage":14.0,"enemies":"The Guardian","floor":16.0,"turns":11.0},{"damage":7.0,"enemies":"Chosen","floor":18.0,"turns":3.0},{"damage":17.0,"enemies":"3 Byrds","floor":21.0,"turns":8.0},{"damage":14.0,"enemies":"Colosseum Slavers","floor":25.0,"turns":6.0},{"damage":0.0,"enemies":"Colosseum Nobs","floor":25.0,"turns":5.0},{"damage":0.0,"enemies":"Sentry and Sphere","floor":28.0,"turns":6.0},{"damage":11.0,"enemies":"Shelled Parasite and Fungi","floor":29.0,"turns":5.0},{"damage":19.0,"enemies":"Book of Stabbing","floor":30.0,"turns":4.0},{"damage":0.0,"enemies":"Chosen and Byrds","floor":31.0,"turns":6.0},{"damage":27.0,"enemies":"Collector","floor":33.0,"turns":9.0},{"damage":1.0,"enemies":"3 Shapes","floor":35.0,"turns":5.0},{"damage":13.0,"enemies":"3 Darklings","floor":37.0,"turns":6.0},{"damage":0.0,"enemies":"Maw","floor":38.0,"turns":7.0},{"damage":9.0,"enemies":"Transient","floor":39.0,"turns":5.0},{"damage":1.0,"enemies":"Giant Head","floor":40.0,"turns":7.0},{"damage":0.0,"enemies":"4 Shapes","floor":42.0,"turns":4.0},{"damage":10.0,"enemies":"Reptomancer","floor":45.0,"turns":6.0},{"damage":0,"enemies":"Writhing Mass","floor":46,"turns":5},{"damage":0,"enemies":"Transient","floor":48,"turns":5},{"damage":22,"enemies":"Time Eater","floor":50,"turns":8}],"seed_played":"-7694507944520501591","potions_obtained":[{"floor":4.0,"key":"SpeedPotion"},{"floor":5.0,"key":"Explosive Potion"},{"floor":13.0,"key":"FearPotion"},{"floor":14.0,"key":"PowerPotion"},{"floor":21.0,"key":"SteroidPotion"},{"floor":28.0,"key":"FearPotion"},{"floor":30.0,"key":"Strength Potion"},{"floor":33.0,"key":"BloodPotion"},{"floor":37.0,"key":"Swift Potion"},{"floor":38.0,"key":"SmokeBomb"}],"is_trial":false,"path_per_floor":["M","$","?","M","?","R","E","M","T","?","M","?","M","M","R","B",null,"M","$","?","M","?","R","$","?","T","?","M","M","E","M","R","B",null,"M","$","M","M","M","E","R","M","T","?","E","M","$","M","R","B",null],"character_chosen":"IRONCLAD","items_purchased":["Perfected Strike","Shrug It Off","MealTicket","Dream Catcher","FossilizedHelix","Bag of Preparation","Body Slam"],"campfire_rested":4,"item_purchase_floors":[2,2,19,19,36,36,47],"current_hp_per_floor":[69,69,58,58,58,58,8,14,14,14,15,15,16,15,37,54,70,69,69,37,26,5,16,31,29,29,29,35,30,17,23,34,16,32,37,37,30,36,33,37,37,37,37,30,26,32,37,37,37,24],"gold":45,"neow_bonus":"HUNDRED_GOLD","is_prod":false,"is_daily":false,"chose_seed":false,"campfire_upgraded":2,"win_rate":0,"timestamp":1553006073,"path_taken":["M","$","?","M","?","R","E","?","T","?","M","?","M","M","R","BOSS","M","$","?","M","?","R","$","?","T","?","M","M","E","M","R","BOSS","M","$","M","M","M","E","R","M","T","?","E","M","$","M","R","BOSS"],"build_version":"2019-01-23","purchased_purges":2,"victory":true,"max_hp_per_floor":[75,75,75,75,75,75,75,75,75,75,75,75,75,75,75,75,75,75,75,37,37,37,37,37,37,37,37,37,37,37,37,37,37,37,37,37,37,37,37,37,37,37,37,37,37,37,37,37,37,37],"card_choices":[{"not_picked":["Sword Boomerang","Clothesline"],"picked":"Pommel Strike","floor":1.0},{"not_picked":["Sword Boomerang","Warcry"],"picked":"Armaments","floor":4.0},{"not_picked":["Iron Wave","Power Through","Carnage"],"picked":"SKIP","floor":7.0},{"not_picked":["Heavy Blade","Blood for Blood"],"picked":"Dual Wield","floor":8.0},{"not_picked":["Havoc","Infernal Blade"],"picked":"Pommel Strike","floor":11.0},{"not_picked":["Feel No Pain","Power Through"],"picked":"Perfected Strike","floor":13.0},{"not_picked":["Power Through","Thunderclap"],"picked":"Impervious","floor":14.0},{"not_picked":["Fiend Fire","Limit Break"],"picked":"Dark Embrace","floor":16.0},{"not_picked":[],"picked":"Corruption","floor":18.0},{"not_picked":[],"picked":"Feel No Pain","floor":21.0},{"not_picked":[],"picked":"Corruption+1","floor":23.0},{"not_picked":["Spot Weakness"],"picked":"SKIP","floor":28.0},{"not_picked":["Combust"],"picked":"SKIP","floor":29.0},{"not_picked":["Searing Blow"],"picked":"SKIP","floor":30.0},{"not_picked":["Heavy Blade"],"picked":"SKIP","floor":31.0},{"not_picked":[],"picked":"Cleave","floor":32.0},{"not_picked":[],"picked":"Barricade","floor":33.0},{"not_picked":["Headbutt"],"picked":"SKIP","floor":35.0},{"not_picked":[],"picked":"Shockwave","floor":37.0},{"not_picked":["Iron Wave+1"],"picked":"SKIP","floor":38.0},{"not_picked":["Pummel+1"],"picked":"SKIP","floor":39.0},{"not_picked":["Pummel+1"],"picked":"SKIP","floor":39.0},{"not_picked":["Infernal Blade"],"picked":"SKIP","floor":40.0},{"not_picked":[],"picked":"Power Through+1","floor":41.0},{"not_picked":["Iron Wave"],"picked":"SKIP","floor":42.0},{"not_picked":["Cleave+1"],"picked":"SKIP","floor":45.0},{"not_picked":[],"picked":"Body Slam+1","floor":46},{"not_picked":[],"picked":"Shrug It Off+1","floor":48}],"player_experience":446430,"relics_obtained":[{"floor":7.0,"key":"The Courier"},{"floor":9.0,"key":"Pantograph"},{"floor":22.0,"key":"Necronomicon"},{"floor":25.0,"key":"Torii"},{"floor":25.0,"key":"Ornamental Fan"},{"floor":26.0,"key":"Tiny Chest"},{"floor":30.0,"key":"PreservedInsect"},{"floor":40.0,"key":"Ancient Tea Set"},{"floor":43.0,"key":"Blue Candle"},{"floor":45.0,"key":"Whetstone"}],"event_choices":[{"damage_healed":0.0,"max_hp_gain":0.0,"max_hp_loss":0.0,"gold_gain":0.0,"event_name":"Scrap Ooze","player_choice":"Success","floor":3.0,"gold_loss":0.0,"damage_taken":11.0,"relics_obtained":["Paper Frog"]},{"damage_healed":0.0,"max_hp_gain":0.0,"max_hp_loss":0.0,"gold_gain":0.0,"event_name":"The Woman in Blue","player_choice":"Bought 1 Potion","floor":5.0,"gold_loss":0.0,"damage_taken":0.0},{"damage_healed":0.0,"max_hp_gain":0.0,"max_hp_loss":0.0,"gold_gain":0.0,"event_name":"Living Wall","player_choice":"Grow","floor":10.0,"gold_loss":0.0,"damage_taken":0.0,"cards_upgraded":["Dual Wield"]},{"damage_healed":0.0,"max_hp_gain":0.0,"max_hp_loss":0.0,"gold_gain":50.0,"event_name":"Golden Shrine","player_choice":"Pray","floor":12.0,"gold_loss":0.0,"damage_taken":0.0},{"damage_healed":0.0,"max_hp_gain":0.0,"max_hp_loss":38.0,"gold_gain":0.0,"event_name":"Ghosts","player_choice":"Became a Ghost","floor":20.0,"gold_loss":0.0,"damage_taken":0.0,"cards_obtained":["Ghostly","Ghostly","Ghostly"]},{"damage_healed":0.0,"max_hp_gain":0.0,"max_hp_loss":0.0,"gold_gain":0.0,"event_name":"Cursed Tome","player_choice":"Obtained Book","floor":22.0,"gold_loss":0.0,"damage_taken":21.0},{"damage_healed":0.0,"max_hp_gain":0.0,"max_hp_loss":0.0,"gold_gain":0.0,"event_name":"Colosseum","player_choice":"Fight","floor":25.0,"gold_loss":0.0,"damage_taken":0.0},{"damage_healed":0.0,"max_hp_gain":0.0,"max_hp_loss":0.0,"gold_gain":0.0,"event_name":"Colosseum","player_choice":"Fought Nobs","floor":25.0,"gold_loss":0.0,"damage_taken":0.0},{"damage_healed":0.0,"max_hp_gain":0.0,"max_hp_loss":0.0,"gold_gain":0.0,"event_name":"The Library","player_choice":"Read","floor":27.0,"gold_loss":0.0,"damage_taken":0.0,"cards_obtained":["Evolve"]},{"damage_healed":0.0,"max_hp_gain":0.0,"max_hp_loss":0.0,"gold_gain":0.0,"event_name":"Winding Halls","player_choice":"Embrace Madness","floor":44.0,"gold_loss":0.0,"damage_taken":7.0,"cards_obtained":["Madness","Madness"]}],"is_beta":false,"boss_relics":[{"not_picked":["Cursed Key","Runic Dome"],"picked":"Busted Crown"},{"not_picked":["Sozu","Lizard Tail"],"picked":"Philosopher\u0027s Stone"}],"items_purged_floors":[24,47],"is_endless":false,"potions_floor_spawned":[4,13,14,21,28,30,33,37,38,39,46],"ascension_level":15}