{"gold_per_floor":[319,93,111,124,49,77,77,105,105,105,124,24,47,77,77,77],"floor_reached":16,"playtime":570,"items_purged":["Strike_R","Strike_R"],"score":121,"play_id":"fa2be6dd-2ecf-4c4d-8c1e-ef5fee514180","local_time":"20180717115654","is_ascension_mode":true,"campfire_choices":[{"data":"Flex","floor":7,"key":"SMITH"},{"data":"Barricade","floor":15,"key":"SMITH"}],"neow_cost":"NO_GOLD","seed_source_timestamp":214374443657670,"circlet_count":0,"master_deck":["Strike_R","Strike_R","Strike_R","Defend_R","Defend_R","Defend_R+1","Defend_R","Bash","Battle Trance+1","Flex+1","Sword Boomerang","Armaments","Shrug It Off","Barricade+1","Sword Boomerang","Shrug It Off"],"relics":["Burning Blood","Old Coin","ClockworkSouvenir","Sundial","Dodecahedron","Bird Faced Urn","Golden Idol","War Paint"],"potions_floor_usage":[6,8,8,11],"damage_taken":[{"damage":0,"enemies":"2 Louse","floor":1,"turns":2},{"damage":1,"enemies":"Cultist","floor":3,"turns":3},{"damage":0,"enemies":"Small Slimes","floor":4,"turns":2},{"damage":35,"enemies":"Lagavulin","floor":6,"turns":6},{"damage":13,"enemies":"Gremlin Nob","floor":8,"turns":4},{"damage":0,"enemies":"Red Slaver","floor":11,"turns":1},{"damage":2,"enemies":"Gremlin Gang","floor":13,"turns":3},{"damage":44,"enemies":"The Guardian","floor":16,"turns":8}],"seed_played":"-8019589226313555068","potions_obtained":[{"floor":1,"key":"GamblersBrew"},{"floor":4,"key":"FearPotion"},{"floor":6,"key":"Block Potion"},{"floor":8,"key":"Explosive Potion"},{"floor":11,"key":"Ancient Potion"}],"is_trial":false,"path_per_floor":["M","$","M","M","$","E","R","E","T","?","M","$","M","?","R"],"character_chosen":"IRONCLAD","items_purchased":["ClockworkSouvenir","Flex"],"campfire_rested":0,"item_purchase_floors":[2,2],"current_hp_per_floor":[80,80,80,80,80,51,51,44,44,24,30,30,34,34,34,0],"gold":77,"neow_bonus":"ONE_RARE_RELIC","is_prod":false,"is_daily":false,"chose_seed":false,"campfire_upgraded":2,"win_rate":0,"timestamp":1531850214,"path_taken":["M","$","M","M","$","E","R","E","T","?","M","$","?","?","R","BOSS"],"build_version":"2018-07-12","purchased_purges":2,"victory":false,"max_hp_per_floor":[80,80,80,80,80,80,80,80,80,80,80,80,80,80,80,80],"card_choices":[{"not_picked":["Corruption","Sword Boomerang"],"picked":"Battle Trance","floor":1},{"not_picked":["Entrench","Iron Wave"],"picked":"Sword Boomerang","floor":3},{"not_picked":["Evolve","True Grit"],"picked":"Armaments","floor":4},{"not_picked":["Sword Boomerang","Flex"],"picked":"Shrug It Off","floor":6},{"not_picked":["Metallicize","Reckless Charge"],"picked":"Barricade","floor":8},{"not_picked":["Iron Wave","Headbutt"],"picked":"Sword Boomerang","floor":11},{"not_picked":["Carnage","Armaments"],"picked":"Shrug It Off","floor":13}],"player_experience":219381,"relics_obtained":[{"floor":6,"key":"Sundial"},{"floor":8,"key":"Dodecahedron"},{"floor":9,"key":"Bird Faced Urn"}],"event_choices":[{"event_name":"Golden Idol","player_choice":"Take Damage","floor":10,"damage_taken":0},{"event_name":"Dead Adventurer","player_choice":"Searched \u00272\u0027 times","floor":14,"damage_taken":0}],"boss_relics":[],"items_purged_floors":[5,12],"is_endless":false,"potions_floor_spawned":[1,4,6,8,11],"killed_by":"The Guardian","ascension_level":2}