{"gold_per_floor":[110,110,129,129,129,129,179,24,95,110,125,145,145,95,95,196,196,210,210,61,0,0,0],"floor_reached":23,"playtime":1198,"items_purged":["Strike_R"],"score":177,"play_id":"9ffcc1a7-798f-425c-acac-93e7cb7f7861","local_time":"20190204142449","is_ascension_mode":false,"campfire_choices":[{"floor":6,"key":"REST"},{"data":"Body Slam","floor":13,"key":"SMITH"},{"data":"Iron Wave","floor":15,"key":"SMITH"}],"neow_cost":"NONE","seed_source_timestamp":14482402502845,"circlet_count":0,"master_deck":["Strike_R","Strike_R","Defend_R","Defend_R","Defend_R","Defend_R","Bash","Iron Wave+1","Body Slam+1","Second Wind","Shrug It Off+1","Metallicize","Ghostly Armor"],"relics":["Burning Blood","Happy Flower","Torii","Dream Catcher","Paper Frog","Black Star","Juzu Bracelet"],"potions_floor_usage":[],"damage_taken":[{"damage":0,"enemies":"Small Slimes","floor":1,"turns":3},{"damage":10,"enemies":"Cultist","floor":3,"turns":4},{"damage":1,"enemies":"2 Louse","floor":10,"turns":3},{"damage":1,"enemies":"Blue Slaver","floor":11,"turns":4},{"damage":1,"enemies":"2 Fungi Beasts","floor":12,"turns":4},{"damage":57,"enemies":"The Guardian","floor":16,"turns":17},{"damage":1,"enemies":"Chosen","floor":18,"turns":5},{"damage":84,"enemies":"Book of Stabbing","floor":23,"turns":10}],"seed_played":"5904709616209852289","potions_obtained":[{"floor":3,"key":"Poison Potion"},{"floor":12,"key":"LiquidBronze"},{"floor":18,"key":"FearPotion"},{"floor":22,"key":"SteroidPotion"},{"floor":22,"key":"EntropicBrew"}],"is_trial":false,"path_per_floor":["?","M","?","?","T","?","?","$","?","?"],"character_chosen":"IRONCLAD","items_purchased":["Second Wind","Metallicize","Ghostly Armor"],"campfire_rested":1,"item_purchase_floors":[8,20,20],"current_hp_per_floor":[80,80,76,73,66,80,80,80,80,80,80,80,80,80,80,29,80,80,80,80,80,80,0],"gold":0,"neow_bonus":"RANDOM_COMMON_RELIC","is_prod":false,"is_daily":false,"chose_seed":false,"campfire_upgraded":2,"win_rate":0,"timestamp":1549286689,"path_taken":["M","?","?","?","?","R","?","$","T","M","M","M","R","?","R","BOSS","M","?","?","?","?","E"],"build_version":"2019-01-23","purchased_purges":1,"victory":false,"max_hp_per_floor":[80,80,80,80,80,80,80,80,80,80,80,80,80,80,80,80,80,80,80,80,80,80,80],"card_choices":[{"not_picked":["Wild Strike","Disarm"],"picked":"Iron Wave","floor":1},{"not_picked":["Ghostly Armor","Hemokinesis"],"picked":"Body Slam","floor":3},{"not_picked":["Cleave","Perfected Strike","Headbutt"],"picked":"SKIP","floor":10},{"not_picked":["Headbutt","Havoc","Flex"],"picked":"SKIP","floor":11},{"not_picked":["Warcry","Anger","Flex"],"picked":"SKIP","floor":12},{"not_picked":["Thunderclap","Clothesline+1"],"picked":"Shrug It Off+1","floor":18}],"player_experience":89322,"relics_obtained":[{"floor":7,"key":"Dream Catcher"},{"floor":9,"key":"Paper Frog"}],"event_choices":[{"damage_healed":0,"gold_gain":0,"player_choice":"1 cards matched","damage_taken":0,"max_hp_gain":0,"max_hp_loss":0,"event_name":"Match and Keep!","floor":2,"gold_loss":0,"cards_obtained":["Panacea"]},{"damage_healed":0,"gold_gain":0,"player_choice":"1 cards matched","damage_taken":0,"max_hp_gain":0,"max_hp_loss":0,"event_name":"Match and Keep!","floor":2,"gold_loss":0,"cards_obtained":["Panacea"]},{"damage_healed":0,"gold_gain":0,"player_choice":"Success","damage_taken":3,"relics_obtained":["Torii"],"max_hp_gain":0,"max_hp_loss":0,"event_name":"Scrap Ooze","floor":4,"gold_loss":0},{"cards_removed":["Strike_R"],"damage_healed":0,"gold_gain":0,"player_choice":"Card Removal","damage_taken":7,"max_hp_gain":0,"max_hp_loss":0,"event_name":"Golden Wing","floor":5,"gold_loss":0},{"cards_removed":["Strike_R"],"damage_healed":0,"gold_gain":0,"player_choice":"Card Removal","damage_taken":0,"max_hp_gain":0,"max_hp_loss":0,"event_name":"The Cleric","floor":14,"gold_loss":50},{"cards_removed":["Panacea"],"damage_healed":0,"gold_gain":0,"player_choice":"Gave Card","damage_taken":0,"relics_obtained":["Juzu Bracelet"],"max_hp_gain":0,"max_hp_loss":0,"event_name":"WeMeetAgain","floor":19,"gold_loss":0},{"damage_healed":0,"gold_gain":0,"player_choice":"Paid Fearfully","damage_taken":0,"max_hp_gain":0,"max_hp_loss":0,"event_name":"Masked Bandits","floor":21,"gold_loss":61},{"damage_healed":0,"gold_gain":0,"player_choice":"Got Potions","damage_taken":0,"max_hp_gain":0,"max_hp_loss":0,"event_name":"Lab","floor":22,"gold_loss":0}],"is_beta":false,"boss_relics":[{"not_picked":["Mark of Pain","Coffee Dripper"],"picked":"Black Star"}],"items_purged_floors":[8],"is_endless":false,"potions_floor_spawned":[3,12,18],"killed_by":"Book of Stabbing","ascension_level":0}