{"gold_per_floor":[119,132,146,158,56,56,70,135,135,470,484,501,501,515,515,617,617,631,730,730,730],"floor_reached":21,"playtime":2476,"items_purged":[],"score":183,"play_id":"05dabad6-44d5-4fb0-b7bd-199c9244ba71","local_time":"20180627010113","is_ascension_mode":false,"campfire_choices":[{"data":"Finisher","floor":6,"key":"SMITH"},{"floor":13,"key":"REST"},{"floor":15,"key":"REST"}],"neow_cost":"NONE","seed_source_timestamp":28556116776898,"circlet_count":0,"master_deck":["Defend_G","Defend_G","Defend_G","Defend_G","Defend_G","Strike_G","Strike_G","Strike_G","Strike_G","Strike_G","Survivor","Neutralize","Deflect","Dagger Throw","Underhanded Strike","Sucker Punch","Finisher+1","Quick Slash","Deadly Poison","Sucker Punch","Footwork","Flying Knee","Flying Knee","Flechettes","Tactician","Dodge and Roll"],"relics":["Ring of the Snake","Tough Bandages","Old Coin","White Beast Statue"],"potions_floor_usage":[12,16,18,18,21,21,21],"damage_taken":[{"damage":0,"enemies":"Cultist","floor":1,"turns":5},{"damage":3,"enemies":"2 Louse","floor":2,"turns":3},{"damage":16,"enemies":"Jaw Worm","floor":3,"turns":5},{"damage":10,"enemies":"Large Slime","floor":4,"turns":9},{"damage":16,"enemies":"Exordium Wildlife","floor":7,"turns":4},{"damage":15,"enemies":"Lagavulin","floor":10,"turns":8},{"damage":0,"enemies":"Blue Slaver","floor":11,"turns":4},{"damage":3,"enemies":"2 Fungi Beasts","floor":12,"turns":6},{"damage":8,"enemies":"Exordium Thugs","floor":14,"turns":5},{"damage":31,"enemies":"Hexaghost","floor":16,"turns":15},{"damage":43,"enemies":"3 Byrds","floor":18,"turns":9},{"damage":36,"enemies":"Chosen","floor":21,"turns":6}],"seed_played":"8872069015640821698","potions_obtained":[{"floor":2,"key":"EntropicBrew"},{"floor":7,"key":"PowerPotion"},{"floor":10,"key":"Regen Potion"},{"floor":11,"key":"Dexterity Potion"},{"floor":16,"key":"GhostInAJar"},{"floor":18,"key":"Dexterity Potion"}],"is_trial":false,"path_per_floor":["M","M","M","M","$","R","M","?","T","E","M","M","R","M","R","B",null,"M","?","?"],"character_chosen":"THE_SILENT","items_purchased":["Quick Slash","Deadly Poison"],"campfire_rested":2,"item_purchase_floors":[5,5],"current_hp_per_floor":[70,67,51,41,41,41,25,25,25,10,10,22,43,35,56,25,70,27,27,27,0],"gold":730,"neow_bonus":"THREE_CARDS","is_prod":false,"is_daily":false,"chose_seed":false,"campfire_upgraded":1,"win_rate":0.0,"timestamp":1530082873,"path_taken":["M","M","M","M","$","R","M","?","T","E","?","M","R","M","R","BOSS","M","?","?","M"],"build_version":"2018-06-21v2","purchased_purges":0,"victory":false,"max_hp_per_floor":[70,70,70,70,70,70,70,70,70,70,70,70,70,70,70,70,70,70,70,70,70],"card_choices":[{"not_picked":["Dagger Spray","Sucker Punch"],"picked":"Deflect","floor":0},{"not_picked":["Dodge and Roll","Malaise"],"picked":"Dagger Throw","floor":1},{"not_picked":["Predator","Eviscerate"],"picked":"Underhanded Strike","floor":2},{"not_picked":["Prepared","Backflip"],"picked":"Sucker Punch","floor":3},{"not_picked":["Endless Agony","Dagger Spray"],"picked":"Finisher","floor":4},{"not_picked":["Prepared","PiercingWail"],"picked":"Sucker Punch","floor":7},{"not_picked":["Slice","Dagger Spray"],"picked":"Footwork","floor":10},{"not_picked":["Prepared","Outmaneuver"],"picked":"Flying Knee","floor":11},{"not_picked":["Choke","PiercingWail"],"picked":"Flying Knee","floor":12},{"not_picked":["Backflip","Adrenaline"],"picked":"Flechettes","floor":14},{"not_picked":["Wraith Form v2","After Image"],"picked":"Tactician","floor":16},{"not_picked":["Slice","Blur"],"picked":"Dodge and Roll","floor":18}],"player_experience":3404,"relics_obtained":[{"floor":9,"key":"Tough Bandages"},{"floor":10,"key":"Old Coin"}],"event_choices":[{"event_name":"Golden Wing","player_choice":"Gained Gold","floor":8,"damage_taken":0},{"event_name":"Nest","player_choice":"Stole From Cult","floor":19,"damage_taken":0},{"event_name":"Drug Dealer","player_choice":"Ignored","floor":20,"damage_taken":0}],"boss_relics":[{"not_picked":["Calling Bell","Snecko Eye"],"picked":"White Beast Statue"}],"items_purged_floors":[],"is_endless":false,"potions_floor_spawned":[2,7,10,11,16,18],"killed_by":"Chosen","ascension_level":0}