{"gold_per_floor":[111,186,186,9,23,23,23,64,113,132,27,46,46,120,132,272,284,311,323,376,35,56,100,100,25,25,48,48,0,19,37,37,37],"floor_reached":33,"playtime":965,"items_purged":["Strike_R","Evolve"],"score":263,"play_id":"e0e04fc5-c02b-45ac-8362-2836a7f4586e","local_time":"20180729234644","is_ascension_mode":false,"campfire_choices":[{"data":"Flex","floor":6,"key":"SMITH"},{"data":"Uppercut","floor":13,"key":"SMITH"},{"floor":15,"key":"REST"},{"data":"Immolate","floor":24,"key":"SMITH"},{"data":"Barricade","floor":28,"key":"SMITH"},{"data":"Defend_R","floor":32,"key":"SMITH"}],"neow_cost":"NONE","seed_source_timestamp":1293225614937564,"circlet_count":0,"master_deck":["Strike_R","Strike_R","Defend_R+1","Defend_R","Defend_R","Defend_R","Bash+1","Uppercut+1","Clash","Flex+1","Thunderclap","Sword Boomerang","Seeing Red","Flash of Steel","Twin Strike","Immolate+1","Spot Weakness","Barricade+1","Body Slam","Dropkick","Pummel+1"],"relics":["Burning Blood","Golden Idol","Boot","Potion Belt","MawBank","Coffee Dripper","Red Mask","Ornamental Fan","Bottled Lightning","Mango"],"potions_floor_usage":[14,16,33,33,33,33,33],"damage_taken":[{"damage":12,"enemies":"Small Slimes","floor":1,"turns":4},{"damage":5,"enemies":"Jaw Worm","floor":5,"turns":3},{"damage":39,"enemies":"Lagavulin","floor":8,"turns":6},{"damage":0,"enemies":"Cultist","floor":10,"turns":2},{"damage":0,"enemies":"Large Slime","floor":12,"turns":4},{"damage":11,"enemies":"Gremlin Nob","floor":14,"turns":3},{"damage":28,"enemies":"The Guardian","floor":16,"turns":11},{"damage":10,"enemies":"2 Thieves","floor":18,"turns":2},{"damage":36,"floor":20,"turns":4},{"damage":0,"enemies":"3 Byrds","floor":22,"turns":3},{"damage":29,"enemies":"Book of Stabbing","floor":23,"turns":5},{"damage":11,"enemies":"Centurion and Healer","floor":27,"turns":3},{"damage":22,"enemies":"Snake Plant","floor":30,"turns":3},{"damage":6,"enemies":"3 Cultists","floor":31,"turns":4},{"damage":26,"enemies":"Champ","floor":33,"turns":7}],"seed_played":"-3591564242159190841","potions_obtained":[{"floor":10,"key":"Swift Potion"},{"floor":14,"key":"SkillPotion"},{"floor":22,"key":"AttackPotion"},{"floor":23,"key":"Strength Potion"},{"floor":27,"key":"SkillPotion"},{"floor":30,"key":"Block Potion"},{"floor":31,"key":"SpeedPotion"}],"is_trial":false,"path_per_floor":["M","?","?","$","M","R","?","E","T","M","$","M","R","?","R","B",null,"M","?","?","$","M","E","R","$","T","M","R","$","M","M","R"],"character_chosen":"IRONCLAD","items_purchased":["Clash","Flex","Flash of Steel","Ornamental Fan","Spot Weakness","Body Slam"],"campfire_rested":1,"item_purchase_floors":[4,4,11,21,25,29],"current_hp_per_floor":[74,63,43,43,44,44,44,11,11,17,17,23,23,18,42,20,80,76,76,46,46,52,29,29,29,43,38,38,38,22,22,22,0],"gold":37,"neow_bonus":"UPGRADE_CARD","is_prod":false,"is_daily":false,"chose_seed":false,"campfire_upgraded":5,"win_rate":0,"timestamp":1532929604,"path_taken":["M","?","?","$","M","R","?","E","T","M","$","?","R","?","R","BOSS","M","?","?","$","M","E","R","$","T","M","R","$","M","M","R","BOSS"],"build_version":"2018-07-26","purchased_purges":2,"victory":false,"max_hp_per_floor":[80,80,80,80,80,80,80,80,80,80,80,80,80,80,80,80,80,80,80,80,80,80,80,80,80,94,94,94,94,94,94,94,94],"card_choices":[{"not_picked":["Iron Wave","Shockwave"],"picked":"Uppercut","floor":1},{"not_picked":["Flex","Warcry"],"picked":"Thunderclap","floor":5},{"not_picked":["Carnage","Disarm"],"picked":"Sword Boomerang","floor":8},{"not_picked":["Shrug It Off","Sever Soul"],"picked":"Seeing Red","floor":10},{"not_picked":["Flex","Warcry"],"picked":"Twin Strike","floor":12},{"not_picked":["Bludgeon","Exhume"],"picked":"Immolate","floor":16},{"not_picked":["Twin Strike","Havoc+1","Pommel Strike"],"picked":"SKIP","floor":18},{"not_picked":["Clothesline","Thunderclap","Heavy Blade+1"],"picked":"SKIP","floor":22},{"not_picked":["Searing Blow","Entrench","Clash"],"picked":"SKIP","floor":23},{"not_picked":["Infernal Blade","Shockwave+1"],"picked":"Barricade","floor":27},{"not_picked":["Pommel Strike","Perfected Strike+1"],"picked":"Dropkick","floor":30},{"not_picked":["Perfected Strike+1","Clothesline","Pummel+1"],"picked":"SKIP","floor":31},{"not_picked":["Perfected Strike+1","Clothesline"],"picked":"Pummel+1","floor":31}],"player_experience":291241,"relics_obtained":[{"floor":8,"key":"Boot"},{"floor":9,"key":"Potion Belt"},{"floor":14,"key":"MawBank"},{"floor":20,"key":"Red Mask"},{"floor":23,"key":"Bottled Lightning"},{"floor":26,"key":"Mango"}],"event_choices":[{"event_name":"World of Goop","player_choice":"Gather Gold","floor":2,"damage_taken":0},{"event_name":"Golden Idol","player_choice":"Take Damage","floor":3,"damage_taken":0},{"event_name":"Transmorgrifier","player_choice":"Transform","floor":7,"damage_taken":0},{"event_name":"Dead Adventurer","player_choice":"Searched \u00271\u0027 times","floor":14,"damage_taken":0},{"event_name":"Back to Basics","player_choice":"Elegance","floor":19,"damage_taken":0},{"event_name":"Masked Bandits","player_choice":"Fought over 335 gold","floor":20,"damage_taken":0}],"is_beta":false,"boss_relics":[{"not_picked":["Velvet Choker","Snecko Eye"],"picked":"Coffee Dripper"}],"items_purged_floors":[4,21],"is_endless":false,"potions_floor_spawned":[10,14,22,23,27,30,31],"killed_by":"Champ","ascension_level":0}