{"gold_per_floor":[215,225,107,125,225,225,260,273,273,303,303,73,73,93,93,195,195,215,248,24,42,58,58,83,83,83,93,104,114,114,134,134,230,230,244,1,223,234,250,250,284,296,384,406,432,454,466,490,502,514],"floor_reached":51,"playtime":11223,"items_purged":["Pain"],"score":763,"play_id":"c2c50c39-16e0-4293-8c60-65616cb77281","local_time":"20190316151634","is_ascension_mode":false,"campfire_choices":[{"data":"Feel No Pain","floor":6,"key":"SMITH"},{"floor":15,"key":"REST"},{"floor":23,"key":"REST"},{"floor":30,"key":"REST"},{"data":"Immolate","floor":32,"key":"SMITH"},{"floor":40,"key":"REST"},{"floor":42,"key":"REST"},{"floor":49,"key":"REST"}],"neow_cost":"NONE","seed_source_timestamp":496118080768,"circlet_count":0,"master_deck":["Strike_R","Strike_R","Strike_R","Strike_R","Strike_R","Defend_R","Defend_R","Defend_R","Defend_R","Bash","Anger","Feel No Pain+1","Havoc","Burning Pact","Offering","Armaments","Immolate+1","Dramatic Entrance","Limit Break","Discovery","Armaments","Double Tap","Spot Weakness","True Grit+1","Battle Trance","Pummel","Uppercut","Demon Form","Disarm","Sword Boomerang"],"relics":["Burning Blood","Thread and Needle","Pear","Gremlin Horn","Red Skull","Runic Cube","Red Mask","Ancient Tea Set","MutagenicStrength","Singing Bowl","Snecko Eye","Mummified Hand","MawBank","Bottled Tornado"],"potions_floor_usage":[16,50,50],"damage_taken":[{"damage":10,"enemies":"Small Slimes","floor":1,"turns":3},{"damage":5,"enemies":"Cultist","floor":2,"turns":4},{"damage":8,"enemies":"Jaw Worm","floor":4,"turns":3},{"damage":38,"enemies":"Gremlin Nob","floor":7,"turns":5},{"damage":6,"enemies":"Blue Slaver","floor":8,"turns":4},{"damage":6,"enemies":"3 Sentries","floor":10,"turns":14},{"damage":10,"enemies":"Exordium Thugs","floor":14,"turns":3},{"damage":65,"enemies":"The Guardian","floor":16,"turns":15},{"damage":30,"enemies":"Spheric Guardian","floor":18,"turns":4},{"damage":10,"enemies":"Masked Bandits","floor":19,"turns":2},{"damage":19,"enemies":"2 Thieves","floor":21,"turns":3},{"damage":0,"enemies":"Chosen and Byrds","floor":22,"turns":4},{"damage":21,"enemies":"Slavers","floor":24,"turns":3},{"damage":29,"enemies":"Centurion and Healer","floor":27,"turns":7},{"damage":6,"enemies":"3 Cultists","floor":28,"turns":3},{"damage":6,"enemies":"Snake Plant","floor":29,"turns":2},{"damage":8,"enemies":"Chosen and Byrds","floor":31,"turns":3},{"damage":62,"enemies":"Automaton","floor":33,"turns":7},{"damage":28,"enemies":"3 Shapes","floor":35,"turns":4},{"damage":22,"enemies":"3 Darklings","floor":38,"turns":4},{"damage":1,"enemies":"Jaw Worm Horde","floor":39,"turns":3},{"damage":47,"enemies":"Nemesis","floor":41,"turns":7},{"damage":6,"enemies":"4 Shapes","floor":44,"turns":1},{"damage":50,"enemies":"Transient","floor":45,"turns":5},{"damage":0,"enemies":"Writhing Mass","floor":46,"turns":3},{"damage":0,"enemies":"Sphere and 2 Shapes","floor":48,"turns":3},{"damage":84,"enemies":"Awakened One","floor":50,"turns":9}],"seed_played":"2476728929453944945","potions_obtained":[{"floor":2,"key":"Dexterity Potion"},{"floor":8,"key":"Weak Potion"},{"floor":14,"key":"FearPotion"},{"floor":21,"key":"Dexterity Potion"},{"floor":22,"key":"SpeedPotion"},{"floor":41,"key":"FairyPotion"},{"floor":45,"key":"Fire Potion"}],"is_trial":false,"path_per_floor":["M","M","$","M","?","R","E","M","T","E","?","$","?","M","R","B",null,"M","?","$","M","M","R","E","?","T","M","M","M","R","M","R","B",null,"M","$","?","M","M","R","E","R","T","M","M","M","?","M","R","B",null],"character_chosen":"IRONCLAD","items_purchased":["Feel No Pain","Havoc","Red Skull","Dramatic Entrance","Battle Trance","Pummel","Mummified Hand"],"campfire_rested":6,"item_purchase_floors":[3,3,12,12,20,20,36],"current_hp_per_floor":[76,77,77,75,75,75,43,43,53,53,53,53,53,49,76,17,90,66,62,62,49,55,82,67,67,67,44,46,48,76,76,76,22,98,78,78,78,64,71,102,61,92,92,94,52,60,60,68,101,23],"gold":526,"neow_bonus":"HUNDRED_GOLD","is_prod":false,"is_daily":false,"chose_seed":false,"campfire_upgraded":2,"win_rate":0.0,"timestamp":1552745794,"path_taken":["M","M","$","M","?","R","E","?","T","E","?","$","?","?","R","BOSS","M","?","$","M","M","R","E","?","T","M","M","M","R","M","R","BOSS","M","$","?","M","M","R","E","R","T","M","M","M","?","M","R","BOSS"],"build_version":"2019-01-23","purchased_purges":1,"victory":true,"max_hp_per_floor":[80,80,80,80,80,80,80,80,90,90,90,90,90,90,90,90,90,90,90,90,90,90,90,90,90,90,90,92,94,94,96,96,98,98,100,100,100,102,104,104,104,104,104,106,108,110,110,112,112,112],"card_choices":[{"not_picked":["Thunderclap","Pommel Strike","Clothesline"],"picked":"SKIP","floor":1},{"not_picked":["Heavy Blade","Wild Strike"],"picked":"Anger","floor":2},{"not_picked":["Entrench","Disarm"],"picked":"Burning Pact","floor":4},{"not_picked":["Metallicize","Carnage"],"picked":"Offering","floor":7},{"not_picked":["Warcry","Wild Strike"],"picked":"Armaments","floor":8},{"not_picked":["Carnage","Iron Wave"],"picked":"Immolate","floor":10},{"not_picked":["Headbutt","Carnage","Cleave"],"picked":"SKIP","floor":14},{"not_picked":["Feed","Immolate"],"picked":"Double Tap","floor":16},{"not_picked":["Reckless Charge","Dual Wield+1"],"picked":"Spot Weakness","floor":18},{"not_picked":["Anger","Armaments"],"picked":"True Grit+1","floor":19},{"not_picked":["Clash","Burning Pact+1","Cleave"],"picked":"SKIP","floor":21},{"not_picked":["Armaments","Headbutt"],"picked":"Uppercut","floor":22},{"not_picked":["Twin Strike","Shrug It Off"],"picked":"Demon Form","floor":24},{"not_picked":["Twin Strike","Combust+1"],"picked":"Disarm","floor":27},{"not_picked":["Battle Trance","Armaments","Bloodletting"],"picked":"Singing Bowl","floor":28},{"not_picked":["Reckless Charge","Evolve","Havoc+1"],"picked":"Singing Bowl","floor":29},{"not_picked":["Dropkick","Rage","Combust"],"picked":"Singing Bowl","floor":31},{"not_picked":["Berserk","Bludgeon","Brutality"],"picked":"Singing Bowl","floor":33},{"not_picked":["Reckless Charge+1","Feel No Pain","Clothesline+1"],"picked":"Singing Bowl","floor":35},{"not_picked":["Rupture+1","Perfected Strike","True Grit"],"picked":"Singing Bowl","floor":38},{"not_picked":["Sentinel+1","Flex","Hemokinesis+1"],"picked":"Singing Bowl","floor":39},{"not_picked":["Twin Strike","Anger"],"picked":"Sword Boomerang","floor":41},{"not_picked":["Heavy Blade","Flex+1","Wild Strike+1"],"picked":"Singing Bowl","floor":44},{"not_picked":["Dual Wield+1","Heavy Blade","Flex+1"],"picked":"Singing Bowl","floor":45},{"not_picked":["Headbutt+1","Spot Weakness","Anger+1"],"picked":"Singing Bowl","floor":46},{"not_picked":["Pummel","Rupture+1","Armaments"],"picked":"Singing Bowl","floor":48}],"player_experience":70882,"relics_obtained":[{"floor":7,"key":"Thread and Needle"},{"floor":9,"key":"Pear"},{"floor":10,"key":"Gremlin Horn"},{"floor":19,"key":"Red Mask"},{"floor":24,"key":"Ancient Tea Set"},{"floor":26,"key":"Singing Bowl"},{"floor":41,"key":"MawBank"},{"floor":43,"key":"Bottled Tornado"}],"event_choices":[{"damage_healed":0,"gold_gain":100,"player_choice":"Pray","damage_taken":0,"max_hp_gain":0,"max_hp_loss":0,"event_name":"Golden Shrine","floor":5,"gold_loss":0},{"damage_healed":0,"gold_gain":0,"player_choice":"Ignored","damage_taken":0,"max_hp_gain":0,"max_hp_loss":0,"event_name":"Golden Idol","floor":11,"gold_loss":0},{"damage_healed":0,"gold_gain":0,"player_choice":"4 cards matched","damage_taken":0,"max_hp_gain":0,"max_hp_loss":0,"event_name":"Match and Keep!","floor":13,"gold_loss":0,"cards_obtained":["Limit Break","Discovery","Armaments","Pain"]},{"damage_healed":0,"gold_gain":0,"player_choice":"Fought Bandits","damage_taken":0,"max_hp_gain":0,"max_hp_loss":0,"event_name":"Masked Bandits","floor":19,"gold_loss":0},{"damage_healed":0,"gold_gain":0,"player_choice":"Inject Mutagens","damage_taken":0,"relics_obtained":["MutagenicStrength"],"max_hp_gain":0,"max_hp_loss":0,"event_name":"Drug Dealer","floor":25,"gold_loss":0},{"damage_healed":0,"gold_gain":222,"player_choice":"Wore Mask","damage_taken":0,"max_hp_gain":0,"max_hp_loss":0,"event_name":"Tomb of Lord Red Mask","floor":37,"gold_loss":0},{"damage_healed":0,"gold_gain":0,"player_choice":"Ignored","damage_taken":0,"max_hp_gain":0,"max_hp_loss":0,"event_name":"Mysterious Sphere","floor":47,"gold_loss":0}],"is_beta":false,"boss_relics":[{"not_picked":["Runic Dome","Runic Pyramid"],"picked":"Runic Cube"},{"not_picked":["Black Star","Lizard Tail"],"picked":"Snecko Eye"}],"items_purged_floors":[20],"is_endless":false,"potions_floor_spawned":[2,8,14,21,22,28,31,38,39,41,45],"ascension_level":0}