{"gold_per_floor":[216,234,234,31,48,48,81,94,94,94,17,29,42,62,62,165,165,182,282,52,63,80,109,121,155,155,181,181,181,96,114,114,209,209,229,281,297,30,43,76,76,107,107,207,222,31,65,79,79,79],"floor_reached":51,"playtime":2329,"items_purged":["Strike_R","Strike_R","Defend_R"],"score":1270,"play_id":"d2b03dfb-0cdb-4585-86d5-81dacf736ef8","local_time":"20181109004748","is_ascension_mode":true,"campfire_choices":[{"data":"Whirlwind","floor":6.0,"key":"SMITH"},{"data":"Limit Break","floor":10.0,"key":"SMITH"},{"data":"Flex","floor":15.0,"key":"SMITH"},{"data":"Strike_R","floor":29,"key":"PURGE"},{"data":"Defend_R","floor":32,"key":"PURGE"},{"data":"Armaments","floor":41,"key":"SMITH"},{"data":"Panacea","floor":49,"key":"SMITH"}],"neow_cost":"NONE","seed_source_timestamp":3117922992398408,"circlet_count":0,"master_deck":["Strike_R","Strike_R","Defend_R","Defend_R","Bash","Thunderclap","Limit Break+1","Whirlwind+1","Panacea+1","Shrug It Off","Sword Boomerang","Flex+1","Inflame","Shockwave","Battle Trance","Offering","Headbutt","Sentinel+1","Shrug It Off","Headbutt+1","Secret Weapon","Impatience","Armaments+1","Twin Strike+1","Master of Strategy+1","Inflame+1"],"special_seed":0,"relics":["Burning Blood","Bag of Preparation","Mercury Hourglass","FossilizedHelix","Busted Crown","Peace Pipe","Meat on the Bone","Lantern","Pocketwatch","Molten Egg 2","The Courier","Potion Belt","Smiling Mask","Sozu","Charon\u0027s Ashes","Orichalcum","Toxic Egg 2","Singing Bowl","Du-Vu Doll","Gremlin Horn"],"potions_floor_usage":[50,50],"damage_taken":[{"damage":7.0,"enemies":"Small Slimes","floor":1.0,"turns":4.0},{"damage":6.0,"enemies":"Cultist","floor":2.0,"turns":4.0},{"damage":2.0,"enemies":"2 Louse","floor":5.0,"turns":2.0},{"damage":10.0,"enemies":"Gremlin Nob","floor":7.0,"turns":3.0},{"damage":0.0,"enemies":"Large Slime","floor":8.0,"turns":4.0},{"damage":4.0,"enemies":"Lots of Slimes","floor":12.0,"turns":2.0},{"damage":6.0,"enemies":"Looter","floor":13.0,"turns":3.0},{"damage":0.0,"enemies":"Blue Slaver","floor":14.0,"turns":2.0},{"damage":0.0,"enemies":"Slime Boss","floor":16.0,"turns":5.0},{"damage":0.0,"enemies":"Chosen","floor":18.0,"turns":1.0},{"damage":6.0,"enemies":"Colosseum Slavers","floor":19.0,"turns":2.0},{"damage":0.0,"enemies":"Colosseum Nobs","floor":19.0,"turns":1.0},{"damage":17.0,"enemies":"Shell Parasite","floor":21.0,"turns":3.0},{"damage":4.0,"enemies":"Cultist and Chosen","floor":22.0,"turns":3.0},{"damage":10,"enemies":"Book of Stabbing","floor":23,"turns":3},{"damage":2,"enemies":"3 Cultists","floor":24,"turns":4},{"damage":4,"enemies":"Slavers","floor":25,"turns":3},{"damage":0,"enemies":"Gremlin Leader","floor":27,"turns":4},{"damage":0,"enemies":"Snake Plant","floor":31,"turns":2},{"damage":2,"enemies":"Champ","floor":33,"turns":4},{"damage":22,"enemies":"3 Darklings","floor":35,"turns":3},{"damage":22,"enemies":"2 Orb Walkers","floor":36,"turns":2},{"damage":0,"enemies":"Orb Walker","floor":37,"turns":3},{"damage":0,"enemies":"Spire Growth","floor":39,"turns":4},{"damage":16,"enemies":"Nemesis","floor":40,"turns":3},{"damage":19,"enemies":"Giant Head","floor":42,"turns":6},{"damage":0,"enemies":"Mind Bloom Boss Battle","floor":44,"turns":3},{"damage":0,"enemies":"Jaw Worm Horde","floor":45,"turns":1},{"damage":16,"enemies":"Nemesis","floor":47,"turns":3},{"damage":0,"enemies":"Transient","floor":48,"turns":5},{"damage":40,"enemies":"Awakened One","floor":50,"turns":8}],"seed_played":"6180273842230883911","potions_obtained":[{"floor":2.0,"key":"Energy Potion"},{"floor":8.0,"key":"Energy Potion"},{"floor":13.0,"key":"Explosive Potion"},{"floor":16.0,"key":"Energy Potion"},{"floor":18.0,"key":"SteroidPotion"},{"floor":22.0,"key":"SpeedPotion"},{"floor":24,"key":"Dexterity Potion"},{"floor":31,"key":"Dexterity Potion"}],"is_trial":false,"path_per_floor":["M","M","?","$","M","R","E","M","T","R","$","M","M","M","R","B",null,"M","?","$","M","M","E","M","E","T","E","?","R","?","M","R","B",null,"M","?","M","$","M","E","R","E","T","?","M","$","E","M","R","B",null],"character_chosen":"IRONCLAD","items_purchased":["Shrug It Off","Bag of Preparation","Inflame","Lantern","Secret Weapon","Impatience","Master of Strategy+1"],"campfire_rested":0,"item_purchase_floors":[4,4,11,20,38,38,46],"current_hp_per_floor":[71,71,71,71,75,75,71,77,77,77,77,79,79,80,80,80,80,80,80,80,69,71,67,71,73,73,79,79,79,79,80,80,80,80,64,48,54,54,60,50,50,49,49,57,65,65,57,63,63,41],"gold":79,"neow_bonus":"HUNDRED_GOLD","is_prod":false,"is_daily":false,"chose_seed":false,"campfire_upgraded":5,"win_rate":0,"timestamp":1541749668,"path_taken":["M","M","?","$","M","R","E","M","T","R","?","M","M","M","R","BOSS","M","?","$","M","M","E","M","E","T","E","?","R","?","M","R","BOSS","M","?","M","$","M","E","R","E","T","?","M","$","E","M","R","BOSS"],"build_version":"2018-11-08","purchased_purges":3,"victory":true,"max_hp_per_floor":[80,80,80,80,80,80,80,80,80,80,80,80,80,80,80,80,80,80,80,80,80,80,80,80,80,80,80,80,80,80,80,80,80,80,80,80,80,80,80,80,80,80,80,82,84,84,86,86,86,86],"card_choices":[{"not_picked":["Wild Strike","Perfected Strike"],"picked":"Thunderclap","floor":1.0},{"not_picked":["Twin Strike","Anger"],"picked":"Limit Break","floor":2.0},{"not_picked":["Iron Wave","Cleave","Clash"],"picked":"SKIP","floor":5.0},{"not_picked":["Body Slam","Pommel Strike"],"picked":"Sword Boomerang","floor":7.0},{"not_picked":["Offering","Body Slam"],"picked":"Flex","floor":8.0},{"not_picked":["Iron Wave","Clash","Warcry"],"picked":"SKIP","floor":12.0},{"not_picked":["Body Slam","Second Wind"],"picked":"Shockwave","floor":13.0},{"not_picked":["Clash","Body Slam"],"picked":"Battle Trance","floor":14.0},{"not_picked":["Feed","Impervious"],"picked":"Offering","floor":16.0},{"not_picked":["Pommel Strike"],"picked":"SKIP","floor":18.0},{"not_picked":[],"picked":"Headbutt","floor":21.0},{"not_picked":[],"picked":"Sentinel+1","floor":22.0},{"not_picked":["Body Slam"],"picked":"SKIP","floor":23},{"not_picked":[],"picked":"Shrug It Off","floor":24},{"not_picked":["Shrug It Off"],"picked":"SKIP","floor":25},{"not_picked":["Searing Blow+1"],"picked":"SKIP","floor":27},{"not_picked":[],"picked":"Headbutt+1","floor":31},{"not_picked":["Iron Wave+1"],"picked":"SKIP","floor":35},{"not_picked":["Clash+1"],"picked":"SKIP","floor":37},{"not_picked":[],"picked":"Armaments","floor":39},{"not_picked":[],"picked":"Twin Strike+1","floor":40},{"not_picked":["Fire Breathing"],"picked":"SKIP","floor":42},{"not_picked":["Heavy Blade+1"],"picked":"Singing Bowl","floor":44},{"not_picked":["Sword Boomerang+1"],"picked":"Singing Bowl","floor":45},{"not_picked":["Heavy Blade+1"],"picked":"Singing Bowl","floor":47},{"not_picked":[],"picked":"Inflame+1","floor":48}],"player_experience":566670,"relics_obtained":[{"floor":7.0,"key":"Mercury Hourglass"},{"floor":9.0,"key":"FossilizedHelix"},{"floor":19.0,"key":"Peace Pipe"},{"floor":19.0,"key":"Meat on the Bone"},{"floor":23,"key":"Pocketwatch"},{"floor":25,"key":"Molten Egg 2"},{"floor":26,"key":"The Courier"},{"floor":27,"key":"Potion Belt"},{"floor":36,"key":"Charon\u0027s Ashes"},{"floor":40,"key":"Orichalcum"},{"floor":42,"key":"Toxic Egg 2"},{"floor":43,"key":"Singing Bowl"},{"floor":44,"key":"Du-Vu Doll"},{"floor":47,"key":"Gremlin Horn"}],"event_choices":[{"damage_healed":0.0,"max_hp_gain":0.0,"max_hp_loss":0.0,"gold_gain":0.0,"event_name":"Match and Keep!","player_choice":"2 cards matched","floor":3.0,"gold_loss":0.0,"damage_taken":0.0,"cards_obtained":["Whirlwind","Panacea"]},{"damage_healed":0.0,"max_hp_gain":0.0,"max_hp_loss":0.0,"gold_gain":0.0,"event_name":"Colosseum","player_choice":"Fight","floor":19.0,"gold_loss":0.0,"damage_taken":0.0},{"damage_healed":0.0,"max_hp_gain":0.0,"max_hp_loss":0.0,"gold_gain":0.0,"event_name":"Colosseum","player_choice":"Fought Nobs","floor":19.0,"gold_loss":0.0,"damage_taken":0.0},{"damage_healed":0,"gold_gain":0,"player_choice":"Ignored","damage_taken":0,"max_hp_gain":0,"max_hp_loss":0,"event_name":"Ghosts","floor":28,"gold_loss":0},{"damage_healed":0,"gold_gain":0,"player_choice":"Obtained Relic","damage_taken":0,"relics_obtained":["Smiling Mask"],"max_hp_gain":0,"max_hp_loss":0,"event_name":"Addict","floor":30,"gold_loss":85},{"damage_healed":0,"gold_gain":0,"player_choice":"Fight","damage_taken":0,"max_hp_gain":0,"max_hp_loss":0,"event_name":"Mysterious Sphere","floor":36,"gold_loss":0},{"damage_healed":0,"gold_gain":0,"player_choice":"Fight","damage_taken":0,"max_hp_gain":0,"max_hp_loss":0,"event_name":"MindBloom","floor":44,"gold_loss":0}],"is_beta":false,"boss_relics":[{"not_picked":["Cursed Key","Orrery"],"picked":"Busted Crown"},{"not_picked":["White Beast Statue","Runic Pyramid"],"picked":"Sozu"}],"items_purged_floors":[20,38,46],"is_endless":false,"potions_floor_spawned":[2,8,13,16,18,22,24,31,35,36,44,47,48],"ascension_level":9}