{"gold_per_floor":[368,443,443,28,39,39,52,65,65,65,65,65,76,76,76,177,177,190,90,109,24,41,41,41,41,65,76,148,168,179,199,199,295,295,307,318,193,213,213,213,230,245,317,332,332,182,282,293,293,293],"floor_reached":51,"playtime":1714,"items_purged":["Strike_R","Strike_R","Defend_R","Strike_R"],"score":818,"play_id":"403656c2-7348-49a0-9c62-d418a3e8b77d","local_time":"20180710164712","is_ascension_mode":false,"campfire_choices":[{"data":"Inflame","floor":6,"key":"SMITH"},{"data":"Bash","floor":10,"key":"SMITH"},{"data":"Dropkick","floor":15,"key":"SMITH"},{"data":"Defend_R","floor":23,"key":"SMITH"},{"data":"Defend_R","floor":25,"key":"SMITH"},{"data":"Defend_R","floor":32,"key":"SMITH"},{"floor":40,"key":"REST"},{"floor":45,"key":"REST"},{"floor":49,"key":"REST"}],"neow_cost":"FIFTY_PERCENT_DAMAGE","seed_source_timestamp":770798885913900,"circlet_count":0,"master_deck":["Defend_R+1","Defend_R+1","Defend_R+1","Bash+1","Inflame+1","Dropkick+1","Thunderclap+1"],"relics":["Burning Blood","TheAbacus","Molten Egg 2","Orichalcum","Sozu","Gremlin Horn","Bronze Scales","Matryoshka","Fusion Hammer","Shuriken","Pear"],"potions_floor_usage":[50],"damage_taken":[{"damage":0,"enemies":"Small Slimes","floor":1,"turns":3},{"damage":2,"enemies":"2 Louse","floor":5,"turns":3},{"damage":1,"enemies":"Cultist","floor":7,"turns":4},{"damage":6,"enemies":"Large Slime","floor":8,"turns":7},{"damage":3,"enemies":"Gremlin Gang","floor":13,"turns":4},{"damage":30,"enemies":"Slime Boss","floor":16,"turns":13},{"damage":14,"enemies":"Shell Parasite","floor":18,"turns":4},{"damage":9,"enemies":"Spheric Guardian","floor":20,"turns":5},{"damage":22,"enemies":"Chosen and Byrds","floor":22,"turns":8},{"damage":3,"enemies":"Snake Plant","floor":27,"turns":3},{"damage":0,"enemies":"Snecko","floor":29,"turns":3},{"damage":3,"enemies":"Centurion and Healer","floor":30,"turns":4},{"damage":15,"enemies":"Snake Plant","floor":31,"turns":3},{"damage":31,"enemies":"Collector","floor":33,"turns":12},{"damage":1,"enemies":"3 Darklings","floor":35,"turns":5},{"damage":13,"enemies":"Orb Walker","floor":36,"turns":5},{"damage":4,"enemies":"3 Darklings","floor":38,"turns":5},{"damage":1,"enemies":"Sphere and 2 Shapes","floor":41,"turns":4},{"damage":12,"enemies":"4 Shapes","floor":42,"turns":5},{"damage":0,"enemies":"3 Darklings","floor":44,"turns":3},{"damage":3,"enemies":"Maw","floor":48,"turns":7},{"damage":75,"enemies":"Time Eater","floor":50,"turns":12}],"seed_played":"4999629265580375738","potions_obtained":[{"floor":1,"key":"BloodPotion"},{"floor":7,"key":"Dexterity Potion"}],"is_trial":false,"path_per_floor":["M","?","?","$","M","R","M","M","T","R","?","?","M","$","R","B",null,"M","$","M","?","M","R","?","R","T","M","T","M","M","M","R","B",null,"M","M","$","M","?","R","M","M","T","M","R","$","?","M","R","B"],"character_chosen":"IRONCLAD","items_purchased":["TheAbacus","Inflame","Dropkick"],"campfire_rested":3,"item_purchase_floors":[4,4,4],"current_hp_per_floor":[46,35,35,35,39,39,44,44,44,44,44,37,40,40,40,16,80,72,72,69,69,53,53,53,53,53,56,56,62,65,56,56,31,80,80,73,73,75,75,80,80,74,84,90,90,90,90,90,90,21],"gold":293,"neow_bonus":"TWO_FIFTY_GOLD","is_prod":false,"is_daily":false,"chose_seed":false,"campfire_upgraded":6,"win_rate":0,"timestamp":1531262832,"path_taken":["M","?","?","$","M","R","M","M","T","R","?","?","M","$","R","BOSS","M","$","M","?","M","R","?","R","T","?","?","M","M","M","R","BOSS","M","M","$","M","?","R","?","M","T","?","R","$","?","M","R","BOSS"],"build_version":"2018-07-05","purchased_purges":4,"victory":true,"max_hp_per_floor":[80,80,80,80,80,80,80,80,80,80,80,80,80,80,80,80,80,80,80,80,80,80,80,80,80,80,80,80,80,80,80,80,80,80,80,80,80,80,80,80,80,80,90,90,90,90,90,90,90,90],"card_choices":[{"not_picked":["Spot Weakness","Flame Barrier","Wild Strike"],"picked":"SKIP","floor":1},{"not_picked":["Rage","Cleave","Iron Wave"],"picked":"SKIP","floor":5},{"not_picked":["Searing Blow","Sword Boomerang","Inflame"],"picked":"SKIP","floor":7},{"not_picked":["Warcry","Battle Trance","Heavy Blade"],"picked":"SKIP","floor":8},{"not_picked":["Warcry","Battle Trance","Heavy Blade"],"picked":"SKIP","floor":8},{"not_picked":["Hemokinesis+1","Iron Wave+1","Dual Wield"],"picked":"SKIP","floor":13},{"not_picked":["Body Slam+1","Sword Boomerang+1","Anger+1"],"picked":"SKIP","floor":18},{"not_picked":["Seeing Red+1","Havoc","Anger+1"],"picked":"SKIP","floor":20},{"not_picked":["Iron Wave+1","Anger+1"],"picked":"Thunderclap+1","floor":22},{"not_picked":["Fire Breathing","Second Wind+1","Twin Strike+1"],"picked":"SKIP","floor":27},{"not_picked":["Wild Strike+1","Rampage+1","Headbutt+1"],"picked":"SKIP","floor":29},{"not_picked":["Havoc+1","Disarm","Warcry"],"picked":"SKIP","floor":30},{"not_picked":["Twin Strike+1","Shrug It Off","Body Slam+1"],"picked":"SKIP","floor":31},{"not_picked":["Body Slam+1","Armaments","Thunderclap+1"],"picked":"SKIP","floor":35},{"not_picked":["Body Slam+1","Barricade","Wild Strike+1"],"picked":"SKIP","floor":36},{"not_picked":["Perfected Strike+1","Seeing Red+1","Body Slam+1"],"picked":"SKIP","floor":38},{"not_picked":["Perfected Strike+1","True Grit","Heavy Blade+1"],"picked":"SKIP","floor":41},{"not_picked":["Pommel Strike+1","Dropkick+1","Sword Boomerang+1"],"picked":"SKIP","floor":42},{"not_picked":["Sword Boomerang+1","Armaments+1","Fire Breathing+1"],"picked":"SKIP","floor":44},{"not_picked":["Infernal Blade+1","Anger+1","Disarm+1"],"picked":"SKIP","floor":48}],"player_experience":186514,"relics_obtained":[{"floor":9,"key":"Molten Egg 2"},{"floor":26,"key":"Bronze Scales"},{"floor":28,"key":"Matryoshka"},{"floor":43,"key":"Shuriken"},{"floor":43,"key":"Pear"}],"event_choices":[{"event_name":"World of Goop","player_choice":"Gather Gold","floor":2,"damage_taken":0},{"event_name":"Purifier","player_choice":"One Purge","floor":3,"damage_taken":0},{"event_name":"Living Wall","player_choice":"Forget","floor":11,"damage_taken":0},{"event_name":"Scrap Ooze","player_choice":"success","floor":12,"damage_taken":7},{"event_name":"Addict","player_choice":"Obtained Relic","floor":21,"damage_taken":0},{"event_name":"Vampires","player_choice":"Ignored","floor":24,"damage_taken":0},{"event_name":"Tomb of Lord Red Mask","player_choice":"Ignored","floor":39,"damage_taken":0},{"event_name":"Golden Shrine","player_choice":"Pray","floor":47,"damage_taken":0}],"boss_relics":[{"not_picked":["Black Star","Calling Bell"],"picked":"Sozu"},{"not_picked":["Orrery","Cursed Key"],"picked":"Fusion Hammer"}],"items_purged_floors":[4,19,37,46],"is_endless":false,"potions_floor_spawned":[1,7,18,22,30,35,41,42],"ascension_level":0}