{"gold_per_floor":[114,129,143,243,48,83,83,96,96,114,114,124,124,135,135,236,236,255,354,340,359,382,382,3,3],"floor_reached":25,"playtime":5024,"items_purged":["Decay"],"score":205,"play_id":"6c1ecf97-8406-41c1-89e9-e734b6ffe4e5","local_time":"20190318201654","is_ascension_mode":false,"campfire_choices":[{"floor":7.0,"key":"REST"},{"floor":15.0,"key":"REST"}],"neow_cost":"NONE","seed_source_timestamp":0,"circlet_count":0,"master_deck":["Defend_G","Defend_G","Defend_G","Defend_G","Defend_G","Strike_G","Strike_G","Strike_G","Strike_G","Strike_G","Survivor","Neutralize","Prepared","Infinite Blades","Terror","Flying Knee","Leg Sweep","Deflect+1","Tactician","Dodge and Roll+1","Bullet Time+1","Outmaneuver+1","Endless Agony+1"],"special_seed":0,"relics":["Ring of the Serpent","NeowsBlessing","TheAbacus","Dodecahedron","Question Card","Toxic Egg 2","Bag of Marbles","Strawberry","Regal Pillow"],"potions_floor_usage":[21,25,25],"damage_taken":[{"damage":0.0,"enemies":"Small Slimes","floor":1.0,"turns":1.0},{"damage":0.0,"enemies":"Cultist","floor":2.0,"turns":1.0},{"damage":0.0,"enemies":"Jaw Worm","floor":3.0,"turns":1.0},{"damage":30.0,"enemies":"Lagavulin","floor":6.0,"turns":10.0},{"damage":9.0,"enemies":"Red Slaver","floor":8.0,"turns":5.0},{"damage":0.0,"enemies":"Exordium Wildlife","floor":10.0,"turns":4.0},{"damage":1.0,"enemies":"Large Slime","floor":12.0,"turns":8.0},{"damage":2.0,"enemies":"3 Louse","floor":14.0,"turns":5.0},{"damage":41.0,"enemies":"The Guardian","floor":16.0,"turns":16.0},{"damage":2,"enemies":"Shell Parasite","floor":18,"turns":9},{"damage":20,"enemies":"2 Thieves","floor":20,"turns":4},{"damage":23,"enemies":"Snake Plant","floor":21,"turns":7},{"damage":50,"enemies":"3 Cultists","floor":25,"turns":7}],"seed_played":"2098118123479397355","potions_obtained":[{"floor":8.0,"key":"Ancient Potion"},{"floor":10.0,"key":"PowerPotion"},{"floor":14.0,"key":"GhostInAJar"},{"floor":18,"key":"SkillPotion"},{"floor":20,"key":"Weak Potion"}],"is_trial":false,"path_per_floor":["M","M","M","?","$","E","R","M","T","M","?","M","T","M","R","B",null,"M","?","M","M","T","?","$","M"],"character_chosen":"THE_SILENT","items_purchased":["TheAbacus","Strawberry","Regal Pillow"],"campfire_rested":2,"item_purchase_floors":[5,24,24],"current_hp_per_floor":[70,70,70,70,70,40,61,52,52,52,52,51,51,49,70,29,70,68,68,48,25,25,25,32,0],"gold":3,"neow_bonus":"THREE_ENEMY_KILL","is_prod":false,"is_daily":false,"chose_seed":false,"campfire_upgraded":0,"win_rate":0.0,"timestamp":1552936614,"path_taken":["M","M","M","?","$","E","R","M","T","?","?","?","?","M","R","BOSS","M","?","M","M","?","?","$","?"],"build_version":"2019-01-23","purchased_purges":1,"victory":false,"max_hp_per_floor":[70,70,70,70,70,70,70,70,70,70,70,70,70,70,70,70,70,70,70,70,70,70,70,77,77],"card_choices":[{"not_picked":["Sucker Punch","Slice"],"picked":"Prepared","floor":1.0},{"not_picked":["Well Laid Plans","Dash"],"picked":"Infinite Blades","floor":2.0},{"not_picked":["Finisher","Leg Sweep"],"picked":"Terror","floor":3.0},{"not_picked":["Infinite Blades","Dagger Spray"],"picked":"Flying Knee","floor":6.0},{"not_picked":["Riddle With Holes","Calculated Gamble"],"picked":"Leg Sweep","floor":8.0},{"not_picked":["Blur","Quick Slash","Leg Sweep"],"picked":"Deflect","floor":10.0},{"not_picked":["Leg Sweep","Backflip","Quick Slash"],"picked":"Tactician","floor":12.0},{"not_picked":["Crippling Poison+1","Endless Agony","Tools of the Trade"],"picked":"Dodge and Roll+1","floor":14.0},{"not_picked":["Venomology+1","Night Terror+1","After Image"],"picked":"Bullet Time+1","floor":16.0},{"not_picked":["Slice","Dagger Throw","Predator+1"],"picked":"Outmaneuver+1","floor":18},{"not_picked":["Slice","Dagger Throw","Terror+1"],"picked":"Endless Agony+1","floor":20},{"not_picked":["Dagger Throw","Skewer","Dagger Spray","Dodge and Roll+1"],"picked":"SKIP","floor":21}],"player_experience":82105,"relics_obtained":[{"floor":6.0,"key":"Dodecahedron"},{"floor":9.0,"key":"Question Card"},{"floor":13.0,"key":"Toxic Egg 2"},{"floor":22,"key":"Bag of Marbles"}],"event_choices":[{"damage_healed":0.0,"max_hp_gain":0.0,"max_hp_loss":0.0,"gold_gain":100.0,"event_name":"Golden Shrine","player_choice":"Pray","floor":4.0,"gold_loss":0.0,"damage_taken":0.0},{"damage_healed":0.0,"max_hp_gain":0.0,"max_hp_loss":0.0,"gold_gain":0.0,"event_name":"Upgrade Shrine","player_choice":"Upgraded","floor":11.0,"gold_loss":0.0,"damage_taken":0.0,"cards_upgraded":["Deflect"]},{"damage_healed":0,"gold_gain":99,"player_choice":"Stole From Cult","damage_taken":0,"max_hp_gain":0,"max_hp_loss":0,"event_name":"Nest","floor":19,"gold_loss":0},{"damage_healed":0,"gold_gain":0,"player_choice":"Cursed","damage_taken":0,"max_hp_gain":0,"max_hp_loss":0,"event_name":"Wheel of Change","floor":23,"gold_loss":0,"cards_obtained":["Decay"]}],"is_beta":false,"boss_relics":[{"not_picked":["White Beast Statue","Sozu"],"picked":"Ring of the Serpent"}],"items_purged_floors":[24],"is_endless":false,"potions_floor_spawned":[8,10,14,18,20],"killed_by":"3 Cultists","ascension_level":0}