{"gold_per_floor":[364,382,397,397,181,181,62,62,113,13,24,199,199,219,219,323,323,335,335,335,350,350,350,202,202,202,77,77,88,88,100,100,197,197,215,65,92,92,110,110,121,121,121,121,147,147,147,160,160,160],"floor_reached":51,"playtime":4791,"items_purged":["Strike_R","Defend_R","Strike_R","Doubt"],"score":636,"play_id":"09b7dbd5-d498-4d82-97bb-5d2c53a13b64","local_time":"20190307131959","is_ascension_mode":false,"campfire_choices":[{"floor":6,"key":"RECALL"},{"data":"Inflame","floor":8,"key":"SMITH"},{"data":"Shrug It Off","floor":13,"key":"SMITH"},{"data":"Heavy Blade","floor":15,"key":"SMITH"},{"floor":23,"key":"REST"},{"data":"Shrug It Off","floor":25,"key":"SMITH"},{"data":"Heavy Blade","floor":28,"key":"SMITH"},{"data":"Armaments","floor":30,"key":"SMITH"},{"data":"Sword Boomerang","floor":32,"key":"SMITH"},{"data":"Pommel Strike","floor":40,"key":"SMITH"},{"floor":42,"key":"REST"},{"data":"Bash","floor":44,"key":"SMITH"},{"data":"Armaments","floor":47,"key":"SMITH"},{"floor":49,"key":"REST"}],"neow_cost":"TEN_PERCENT_HP_LOSS","seed_source_timestamp":160742549514222,"circlet_count":0,"master_deck":["Strike_R","Strike_R","Defend_R","Defend_R","Defend_R","Bash+1","Heavy Blade+1","Shrug It Off+1","Clothesline","Inflame+1","Pommel Strike+1","Shrug It Off+1","Flame Barrier","Good Instincts+1","Heavy Blade+1","Feed","Sword Boomerang+1","Flex+1","Immolate","Armaments+1","Thunderclap","Spot Weakness+1","Thunderclap+1","Shrug It Off+1","Armaments+1"],"relics":["Burning Blood","Velvet Choker","Enchiridion","Red Skull","Runic Pyramid","Bronze Scales","Paper Frog","PreservedInsect"],"potions_floor_usage":[18,33,33,50],"damage_taken":[{"damage":0,"enemies":"2 Louse","floor":1,"turns":2},{"damage":9,"enemies":"Cultist","floor":2,"turns":4},{"damage":7,"enemies":"Small Slimes","floor":3,"turns":4},{"damage":2,"enemies":"Blue Slaver","floor":11,"turns":4},{"damage":3,"enemies":"Large Slime","floor":14,"turns":4},{"damage":53,"enemies":"Slime Boss","floor":16,"turns":14},{"damage":5,"enemies":"Chosen","floor":18,"turns":6},{"damage":14,"enemies":"Spheric Guardian","floor":21,"turns":4},{"damage":18,"enemies":"Snake Plant","floor":29,"turns":3},{"damage":0,"enemies":"Snecko","floor":31,"turns":2},{"damage":25,"enemies":"Champ","floor":33,"turns":8},{"damage":23,"enemies":"3 Darklings","floor":35,"turns":4},{"damage":3,"enemies":"Orb Walker","floor":39,"turns":3},{"damage":34,"enemies":"Spire Growth","floor":41,"turns":3},{"damage":2,"enemies":"Giant Head","floor":45,"turns":5},{"damage":26,"enemies":"Sphere and 2 Shapes","floor":48,"turns":4},{"damage":58,"enemies":"Time Eater","floor":50,"turns":10}],"seed_played":"3817348536189239991","potions_obtained":[{"floor":1,"key":"EntropicBrew"},{"floor":11,"key":"Swift Potion"},{"floor":16,"key":"Strength Potion"},{"floor":31,"key":"SteroidPotion"},{"floor":39,"key":"EssenceOfSteel"},{"floor":41,"key":"GamblersBrew"}],"is_trial":false,"path_per_floor":["?","$","?","?","?","?","$","M","T","?","M","$","M"],"character_chosen":"IRONCLAD","items_purchased":["Inflame","Pommel Strike","Shrug It Off","Flame Barrier","Good Instincts","Immolate"],"campfire_rested":3,"item_purchase_floors":[5,5,5,7,7,24],"current_hp_per_floor":[72,69,68,68,68,68,68,68,68,68,72,72,72,72,72,25,72,72,56,43,35,35,58,58,58,58,58,58,49,49,55,55,36,80,67,67,67,67,74,74,46,72,72,72,79,79,79,59,86,34],"gold":160,"neow_bonus":"TWO_FIFTY_GOLD","is_prod":false,"is_daily":false,"chose_seed":false,"campfire_upgraded":10,"win_rate":0,"timestamp":1551961199,"path_taken":["M","M","M","?","?","R","$","R","T","$","M","?","R","M","R","BOSS","M","?","?","M","?","R","?","R","T","$","R","?","R","M","R","BOSS","M","$","?","?","M","R","?","R","T","R","E","?","R","?","R","BOSS"],"build_version":"2019-01-23","purchased_purges":4,"victory":true,"max_hp_per_floor":[72,72,72,72,72,72,72,72,72,72,72,72,72,72,72,72,72,72,72,77,77,77,77,77,77,77,77,77,80,80,80,80,80,80,84,84,84,84,88,88,88,88,88,88,91,91,91,91,91,91],"card_choices":[{"not_picked":["Wild Strike","Dual Wield"],"picked":"Heavy Blade","floor":1},{"not_picked":["Warcry","Headbutt"],"picked":"Shrug It Off","floor":2},{"not_picked":["Feel No Pain","Evolve"],"picked":"Clothesline","floor":3},{"not_picked":["Shrug It Off","Twin Strike"],"picked":"Heavy Blade","floor":11},{"not_picked":["True Grit","Warcry","Pommel Strike"],"picked":"SKIP","floor":14},{"not_picked":["Exhume","Dark Embrace"],"picked":"Feed","floor":16},{"not_picked":["Evolve","Dual Wield+1"],"picked":"Sword Boomerang","floor":18},{"not_picked":["Warcry","Battle Trance"],"picked":"Flex+1","floor":21},{"not_picked":["Rampage","Pommel Strike+1"],"picked":"Armaments","floor":29},{"not_picked":["Blood for Blood","Rage"],"picked":"Thunderclap","floor":31},{"not_picked":["Armaments+1","Body Slam"],"picked":"Spot Weakness+1","floor":35},{"not_picked":["Warcry+1","Whirlwind"],"picked":"Thunderclap+1","floor":39},{"not_picked":["Cleave","Rupture"],"picked":"Shrug It Off+1","floor":41},{"not_picked":["Barricade","Infernal Blade"],"picked":"Armaments","floor":45},{"not_picked":["Ghostly Armor","Bloodletting","Clothesline"],"picked":"SKIP","floor":48}],"player_experience":157748,"relics_obtained":[{"floor":19,"key":"Enchiridion"},{"floor":26,"key":"Red Skull"},{"floor":37,"key":"Bronze Scales"},{"floor":43,"key":"Paper Frog"},{"floor":45,"key":"PreservedInsect"}],"event_choices":[{"cards_removed":["Strike_R"],"damage_healed":0,"gold_gain":0,"player_choice":"Purged","damage_taken":0,"max_hp_gain":0,"max_hp_loss":0,"event_name":"Purifier","floor":4,"gold_loss":0},{"damage_healed":0,"gold_gain":175,"player_choice":"AGREE","damage_taken":0,"max_hp_gain":0,"max_hp_loss":0,"event_name":"Liars Game","floor":12,"gold_loss":0,"cards_obtained":["Doubt"]},{"damage_healed":0,"gold_gain":0,"player_choice":"Obtained Book","damage_taken":16,"max_hp_gain":0,"max_hp_loss":0,"event_name":"Cursed Tome","floor":19,"gold_loss":0},{"damage_healed":0,"gold_gain":0,"player_choice":"Shed Blood","damage_taken":18,"max_hp_gain":5,"max_hp_loss":0,"event_name":"Forgotten Altar","floor":20,"gold_loss":0},{"damage_healed":0,"gold_gain":0,"player_choice":"Ignored","damage_taken":0,"max_hp_gain":0,"max_hp_loss":0,"event_name":"Vampires","floor":22,"gold_loss":0},{"damage_healed":0,"gold_gain":0,"player_choice":"Forge","damage_taken":0,"max_hp_gain":0,"max_hp_loss":0,"event_name":"Accursed Blacksmith","floor":38,"gold_loss":0,"cards_upgraded":["Good Instincts"]}],"is_beta":false,"boss_relics":[{"not_picked":["Ectoplasm","Black Star"],"picked":"Velvet Choker"},{"not_picked":["Runic Dome","Cursed Key"],"picked":"Runic Pyramid"}],"items_purged_floors":[5,10,27,36],"is_endless":false,"potions_floor_spawned":[1,11,16,31,39,41],"ascension_level":0}