{"gold_per_floor":[109,59,59,33,53,84,97,97,97,107,140,140,150,161,161,161],"floor_reached":16,"playtime":613,"items_purged":[],"score":168,"play_id":"d889679b-31cc-42ab-a824-1a06c906805c","local_time":"20180825013036","is_ascension_mode":true,"campfire_choices":[{"data":"Blizzard","floor":8,"key":"SMITH"},{"data":"Fusion","floor":15,"key":"SMITH"}],"neow_cost":"NONE","seed_source_timestamp":484650110654837,"circlet_count":0,"master_deck":["Strike_B","Strike_B","Defend_B+1","Defend_B","Zap","Dualcast+1","AscendersBane","Chaos+1","Rip and Tear+1","Glacier+1","Ball Lightning","Rebound","Blizzard+1","Self Repair","Fusion+1","Darkness","Blizzard","Creative AI+1"],"relics":["Astrolabe","Ornamental Fan","Frozen Egg 2","Vajra","Turnip"],"potions_floor_usage":[16,16,16],"damage_taken":[{"damage":0,"enemies":"Cultist","floor":1,"turns":3},{"damage":0,"enemies":"Small Slimes","floor":5,"turns":2},{"damage":5,"enemies":"3 Sentries","floor":6,"turns":8},{"damage":1,"enemies":"2 Louse","floor":7,"turns":3},{"damage":4,"enemies":"Looter","floor":10,"turns":4},{"damage":10,"enemies":"Gremlin Nob","floor":11,"turns":4},{"damage":0,"enemies":"2 Fungi Beasts","floor":13,"turns":4},{"damage":2,"enemies":"Red Slaver","floor":14,"turns":3},{"damage":50,"enemies":"Hexaghost","floor":16,"turns":9}],"seed_played":"-6046264901529253340","potions_obtained":[{"floor":6,"key":"Ancient Potion"},{"floor":7,"key":"Ancient Potion"},{"floor":11,"key":"Explosive Potion"}],"is_trial":false,"path_per_floor":["M","?","?","$","M","E","M","R","T","M","E","?","M","M","R"],"character_chosen":"DEFECT","items_purchased":["Rebound"],"campfire_rested":0,"item_purchase_floors":[4],"current_hp_per_floor":[68,68,53,53,53,48,47,47,47,50,40,37,44,49,49,0],"gold":161,"neow_bonus":"BOSS_RELIC","is_prod":false,"is_daily":false,"chose_seed":false,"campfire_upgraded":2,"win_rate":0,"timestamp":1535182236,"path_taken":["M","?","?","$","M","E","M","R","T","M","E","?","M","?","R","BOSS"],"build_version":"2018-08-23v2","purchased_purges":0,"victory":false,"max_hp_per_floor":[75,75,75,75,75,75,75,75,75,75,75,75,75,75,75,75],"card_choices":[{"not_picked":["Leap","Cold Snap"],"picked":"Ball Lightning","floor":1},{"not_picked":["Compile Driver","Gash","Reprogram"],"picked":"SKIP","floor":5},{"not_picked":["Double Energy","Reboot"],"picked":"Blizzard","floor":6},{"not_picked":["Steam","Redo"],"picked":"Self Repair","floor":7},{"not_picked":["Barrage","Redo"],"picked":"Fusion","floor":10},{"not_picked":["Compile Driver","Genetic Algorithm"],"picked":"Darkness","floor":11},{"not_picked":["Auto Shields","Rebound"],"picked":"Blizzard","floor":13},{"not_picked":["Stack","Tempest"],"picked":"Creative AI+1","floor":14}],"player_experience":426105,"relics_obtained":[{"floor":6,"key":"Ornamental Fan"},{"floor":9,"key":"Frozen Egg 2"},{"floor":11,"key":"Vajra"}],"event_choices":[{"event_name":"The Cleric","player_choice":"Card Removal","floor":2,"damage_taken":0},{"event_name":"Shining Light","player_choice":"Entered Light","floor":3,"damage_taken":0},{"event_name":"Scrap Ooze","player_choice":"success","floor":12,"damage_taken":3}],"is_beta":false,"boss_relics":[],"items_purged_floors":[],"is_endless":false,"potions_floor_spawned":[6,7,11],"killed_by":"Hexaghost","ascension_level":10}