{"gold_per_floor":[115,215,228,246,246,246,281,281,306,306,335,345,295,330,330,432,432,443,74,74,90,9,9,9,9,9,20,34,34,34,49,49,145,145,159,47,61,61,79,79,105,32,32,32,32,32,46,46,46,46],"floor_reached":50,"playtime":1878,"items_purged":["Strike_B"],"score":560,"play_id":"dd17a294-819f-4b47-a491-c7b8d9075750","local_time":"20190312194503","is_ascension_mode":true,"campfire_choices":[{"data":"Static Discharge","floor":6,"key":"SMITH"},{"floor":8,"key":"REST"},{"floor":15,"key":"REST"},{"data":"Storm","floor":23,"key":"SMITH"},{"data":"Double Energy","floor":25,"key":"SMITH"},{"floor":32,"key":"REST"},{"floor":40,"key":"REST"},{"floor":44,"key":"REST"},{"floor":49,"key":"REST"}],"neow_cost":"NONE","seed_source_timestamp":39763392685507,"circlet_count":0,"master_deck":["Strike_B+1","Defend_B+1","Defend_B+1","Zap+1","Dualcast+1","Static Discharge+1","Double Energy+1","Leap+1","Steam+1","Glacier+1","Loop+1","Storm+1","Electrodynamics+1","Steam+1","Loop+1","Defragment+1","Storm+1","Leap+1","BootSequence+1","Conserve Battery+1","Ball Lightning+1","Amplify+1","Redo+1","Storm+1","Ball Lightning+1","Leap+1","Steam+1","Turbo+1","Auto Shields+1","Echo Form+1","Ball Lightning+1","Conserve Battery+1"],"relics":["FrozenCore","Potion Belt","Vajra","Symbiotic Virus","Mango","PreservedInsect","Anchor","GremlinMask","Dream Catcher","Oddly Smooth Stone","MutagenicStrength","Bottled Tornado","Lizard Tail","DataDisk","Pear","Mark of the Bloom"],"potions_floor_usage":[16,39,50,50,50,50],"damage_taken":[{"damage":5,"enemies":"Small Slimes","floor":1,"turns":4},{"damage":0,"enemies":"Cultist","floor":3,"turns":4},{"damage":0,"enemies":"2 Louse","floor":4,"turns":2},{"damage":17,"enemies":"Gremlin Nob","floor":7,"turns":4},{"damage":13,"enemies":"Lagavulin","floor":11,"turns":8},{"damage":0,"enemies":"Red Slaver","floor":12,"turns":4},{"damage":19,"enemies":"Gremlin Nob","floor":14,"turns":4},{"damage":26,"enemies":"Hexaghost","floor":16,"turns":8},{"damage":10,"enemies":"Shell Parasite","floor":18,"turns":8},{"damage":2,"enemies":"3 Byrds","floor":21,"turns":3},{"damage":4,"enemies":"Sentry and Sphere","floor":27,"turns":4},{"damage":3,"enemies":"Snake Plant","floor":28,"turns":3},{"damage":0,"enemies":"Centurion and Healer","floor":31,"turns":5},{"damage":46,"enemies":"Champ","floor":33,"turns":11},{"damage":34,"enemies":"3 Darklings","floor":35,"turns":4},{"damage":0,"enemies":"3 Shapes","floor":37,"turns":3},{"damage":13,"enemies":"Jaw Worm Horde","floor":39,"turns":2},{"damage":47,"enemies":"Nemesis","floor":41,"turns":7},{"damage":0,"enemies":"Spire Growth","floor":47,"turns":6},{"damage":61,"enemies":"Awakened One","floor":50,"turns":9}],"seed_played":"-6823128060230628964","potions_obtained":[{"floor":1,"key":"Energy Potion"},{"floor":3,"key":"Weak Potion"},{"floor":7,"key":"SpeedPotion"},{"floor":12,"key":"Ancient Potion"},{"floor":14,"key":"GamblersBrew"},{"floor":28,"key":"FearPotion"},{"floor":31,"key":"LiquidBronze"},{"floor":35,"key":"Block Potion"}],"is_trial":false,"path_per_floor":["?","M","?","?","M","?","?","M","$","?","M","?","T","?","$","?","?"],"character_chosen":"DEFECT","items_purchased":["PreservedInsect","Loop","Anchor","Storm","Leap","Storm","Auto Shields"],"campfire_rested":6,"item_purchase_floors":[19,19,19,22,22,36,42],"current_hp_per_floor":[70,70,70,70,70,70,53,75,75,75,62,62,62,57,83,57,89,79,79,79,77,77,77,77,77,77,73,70,70,70,70,89,43,89,55,55,55,55,42,68,21,21,31,60,60,60,60,60,60,0],"gold":46,"neow_bonus":"TRANSFORM_CARD","is_prod":false,"is_daily":false,"chose_seed":false,"campfire_upgraded":3,"win_rate":0,"timestamp":1552416303,"path_taken":["M","?","?","M","?","R","E","R","T","?","E","?","?","E","R","BOSS","M","$","?","?","?","R","?","R","T","M","?","?","?","M","R","BOSS","M","$","M","?","M","R","E","?","T","R","$","?","M","?","R","BOSS"],"build_version":"2019-01-23","purchased_purges":1,"victory":false,"max_hp_per_floor":[75,75,75,75,75,75,75,75,75,75,75,75,75,89,89,89,89,89,89,89,89,89,89,89,89,89,89,89,89,89,89,89,89,89,89,89,89,89,89,89,89,89,99,99,99,94,94,94,94,94],"card_choices":[{"not_picked":["Fusion","Coolheaded"],"picked":"Double Energy","floor":1},{"not_picked":["Glacier","Turbo"],"picked":"Leap","floor":3},{"not_picked":["Streamline","Reprogram","Sunder"],"picked":"SKIP","floor":4},{"not_picked":["Fusion","Cold Snap"],"picked":"Steam","floor":7},{"not_picked":["Gash","Beam Cell"],"picked":"Glacier","floor":11},{"not_picked":["Storm","Stack"],"picked":"Loop","floor":12},{"not_picked":["Steam","Seek"],"picked":"Storm","floor":14},{"not_picked":["Meteor Strike","Core Surge"],"picked":"Electrodynamics","floor":16},{"not_picked":["Gash+1","Hologram"],"picked":"Steam","floor":18},{"not_picked":["Stack+1","Conserve Battery"],"picked":"Defragment+1","floor":21},{"not_picked":["Compile Driver","Loop"],"picked":"BootSequence+1","floor":27},{"not_picked":["Rip and Tear","Buffer"],"picked":"Conserve Battery+1","floor":28},{"not_picked":["Loop","Cold Snap"],"picked":"Ball Lightning","floor":31},{"not_picked":["Echo Form","Buffer"],"picked":"Amplify","floor":33},{"not_picked":["Turbo+1","Hologram+1"],"picked":"Redo+1","floor":35},{"not_picked":["Double Energy+1","Scrape+1"],"picked":"Ball Lightning+1","floor":37},{"not_picked":["Heatsinks","Doom and Gloom"],"picked":"Leap","floor":39},{"not_picked":["Compile Driver+1","Heatsinks+1"],"picked":"Steam+1","floor":40},{"not_picked":["Hologram+1","Beam Cell"],"picked":"Turbo","floor":41},{"not_picked":["Compile Driver+1","Undo"],"picked":"Echo Form","floor":44},{"not_picked":["Leap+1","Turbo+1"],"picked":"Ball Lightning+1","floor":47},{"not_picked":["Hologram+1","Recycle"],"picked":"Conserve Battery+1","floor":49}],"player_experience":241657,"relics_obtained":[{"floor":7,"key":"Potion Belt"},{"floor":9,"key":"Vajra"},{"floor":11,"key":"Symbiotic Virus"},{"floor":14,"key":"Mango"},{"floor":26,"key":"Oddly Smooth Stone"},{"floor":30,"key":"Bottled Tornado"},{"floor":41,"key":"DataDisk"},{"floor":43,"key":"Pear"}],"event_choices":[{"damage_healed":0,"gold_gain":100,"player_choice":"Gold","damage_taken":0,"max_hp_gain":0,"max_hp_loss":0,"event_name":"Wheel of Change","floor":2,"gold_loss":0},{"damage_healed":0,"gold_gain":0,"player_choice":"Ignored","damage_taken":0,"max_hp_gain":0,"max_hp_loss":0,"event_name":"Liars Game","floor":5,"gold_loss":0},{"cards_removed":["Strike_B"],"damage_healed":0,"gold_gain":0,"player_choice":"Offered Basic","damage_taken":0,"max_hp_gain":0,"max_hp_loss":0,"event_name":"Bonfire Elementals","floor":10,"gold_loss":0},{"cards_removed":["Defend_B"],"damage_healed":0,"gold_gain":0,"player_choice":"Card Removal","damage_taken":0,"max_hp_gain":0,"max_hp_loss":0,"event_name":"The Cleric","floor":13,"gold_loss":50},{"damage_healed":0,"gold_gain":0,"player_choice":"Trade","damage_taken":0,"relics_obtained":["GremlinMask"],"max_hp_gain":0,"max_hp_loss":0,"event_name":"FaceTrader","floor":20,"gold_loss":0},{"damage_healed":0,"gold_gain":0,"player_choice":"Gave Potion","damage_taken":0,"relics_obtained":["Dream Catcher"],"max_hp_gain":0,"max_hp_loss":0,"event_name":"WeMeetAgain","floor":24,"gold_loss":0},{"damage_healed":0,"gold_gain":0,"player_choice":"Inject Mutagens","damage_taken":0,"relics_obtained":["MutagenicStrength"],"max_hp_gain":0,"max_hp_loss":0,"event_name":"Drug Dealer","floor":29,"gold_loss":0},{"cards_removed":["Defend_B"],"damage_healed":0,"gold_gain":0,"player_choice":"Purged","damage_taken":0,"max_hp_gain":0,"max_hp_loss":0,"event_name":"Purifier","floor":38,"gold_loss":0},{"damage_healed":0,"gold_gain":0,"player_choice":"Max HP","damage_taken":0,"max_hp_gain":0,"max_hp_loss":5,"event_name":"Winding Halls","floor":46,"gold_loss":0},{"damage_healed":0,"gold_gain":0,"player_choice":"Upgrade","damage_taken":0,"relics_obtained":["Mark of the Bloom"],"max_hp_gain":0,"max_hp_loss":0,"event_name":"MindBloom","floor":48,"gold_loss":0,"cards_upgraded":["Strike_B","Defend_B","Defend_B","Zap","Dualcast","Leap","Steam","Glacier","Loop","Electrodynamics","Steam","Loop","Storm","Leap","Ball Lightning","Amplify","Storm","Leap","Turbo","Auto Shields","Echo Form"]}],"is_beta":false,"boss_relics":[{"not_picked":["White Beast Statue","Snecko Eye"],"picked":"FrozenCore"},{"not_picked":["Tiny House","Coffee Dripper"],"picked":"Lizard Tail"}],"items_purged_floors":[36],"is_endless":false,"potions_floor_spawned":[1,3,7,12,14,28,31,35],"killed_by":"Awakened One","ascension_level":1}