{"gold_per_floor":[210,210,131,148,19,19,38,69,69,69,101,101,120,120,120,225,225,225],"floor_reached":18,"playtime":519,"items_purged":[],"score":202,"play_id":"cea63a96-648e-4036-baa0-309441a75581","local_time":"20190316115223","is_ascension_mode":true,"campfire_choices":[{"data":"Defragment","floor":6,"key":"SMITH"},{"data":"Zap","floor":12,"key":"SMITH"},{"floor":15,"key":"REST"}],"neow_cost":"NONE","seed_source_timestamp":127610950442710,"circlet_count":0,"master_deck":["Strike_B","Strike_B","Strike_B","Defend_B","Defend_B","Defend_B","Defend_B","Zap+1","Dualcast","Heatsinks","Loop","Redo","Defragment+1","Conserve Battery","Self Repair","Capacitor","Steam","Thunder Strike"],"relics":["Cracked Core","Omamori","Pear","StoneCalendar","Boot","Philosopher\u0027s Stone"],"potions_floor_usage":[8,18],"damage_taken":[{"damage":1,"enemies":"2 Louse","floor":1,"turns":3},{"damage":1,"enemies":"Cultist","floor":4,"turns":3},{"damage":2,"enemies":"Small Slimes","floor":7,"turns":4},{"damage":33,"enemies":"3 Sentries","floor":8,"turns":5},{"damage":38,"enemies":"Lagavulin","floor":11,"turns":6},{"damage":10,"enemies":"Looter","floor":13,"turns":4},{"damage":17,"enemies":"The Guardian","floor":16,"turns":9},{"damage":94,"enemies":"3 Byrds","floor":18,"turns":4}],"seed_played":"1264559514320134929","potions_obtained":[{"floor":7,"key":"Fire Potion"},{"floor":11,"key":"Swift Potion"},{"floor":16,"key":"PowerPotion"}],"is_trial":false,"path_per_floor":["?","M","?","?"],"character_chosen":"DEFECT","items_purchased":["Loop","Defragment","Conserve Battery"],"campfire_rested":1,"item_purchase_floors":[3,5,5],"current_hp_per_floor":[74,74,74,73,73,73,71,45,55,83,52,52,49,24,49,39,85,0],"gold":225,"neow_bonus":"HUNDRED_GOLD","is_prod":false,"is_daily":false,"chose_seed":false,"campfire_upgraded":2,"win_rate":0,"timestamp":1552733543,"path_taken":["M","?","$","?","$","R","M","E","T","?","E","R","M","?","R","BOSS","M"],"build_version":"2019-01-23","purchased_purges":0,"victory":false,"max_hp_per_floor":[75,75,75,75,75,75,75,75,85,85,85,85,85,85,85,85,85,85],"card_choices":[{"not_picked":["Cold Snap","Turbo"],"picked":"Heatsinks","floor":1},{"not_picked":["Aggregate","Streamline"],"picked":"Redo","floor":4},{"not_picked":["Rebound","Barrage"],"picked":"Self Repair","floor":7},{"not_picked":["Tempest","Stack"],"picked":"Capacitor","floor":8},{"not_picked":["Hologram","Beam Cell","Compile Driver"],"picked":"SKIP","floor":11},{"not_picked":["Rip and Tear","Tempest"],"picked":"Steam","floor":13},{"not_picked":["All For One","Amplify"],"picked":"Thunder Strike","floor":16}],"player_experience":337982,"relics_obtained":[{"floor":8,"key":"Omamori"},{"floor":9,"key":"Pear"},{"floor":11,"key":"StoneCalendar"}],"event_choices":[{"cards_removed":["Strike_B"],"damage_healed":0,"gold_gain":0,"player_choice":"Offered Basic","damage_taken":0,"max_hp_gain":0,"max_hp_loss":0,"event_name":"Bonfire Elementals","floor":2,"gold_loss":0},{"damage_healed":28,"gold_gain":0,"player_choice":"Banana","damage_taken":0,"max_hp_gain":0,"max_hp_loss":0,"event_name":"Big Fish","floor":10,"gold_loss":0},{"damage_healed":0,"gold_gain":0,"player_choice":"Success","damage_taken":25,"relics_obtained":["Boot"],"max_hp_gain":0,"max_hp_loss":0,"event_name":"Scrap Ooze","floor":14,"gold_loss":0}],"is_beta":false,"boss_relics":[{"not_picked":["Sozu","Lizard Tail"],"picked":"Philosopher\u0027s Stone"}],"items_purged_floors":[],"is_endless":false,"potions_floor_spawned":[7,11,16],"killed_by":"3 Byrds","ascension_level":4}