{"gold_per_floor":[113,113,136,155,155,155,196,196,220,220,68,107,128,152,152,271,271,291,311,327,31,31,31,62,62,62,24,53,69,95,110,110,206,206,221,56,69,120,120,120,135,135,189,200,200,200,200,227,227,227],"floor_reached":51,"playtime":2429,"items_purged":["Strike_G"],"score":948,"play_id":"1a760d26-05e5-487e-86a5-c7c9456fa76e","local_time":"20181012021419","is_ascension_mode":true,"campfire_choices":[{"data":"Terror","floor":6.0,"key":"SMITH"},{"floor":8.0,"key":"REST"},{"data":"All Out Attack","floor":10.0,"key":"SMITH"},{"data":"Unload","floor":15.0,"key":"SMITH"},{"data":"Caltrops","floor":23.0,"key":"SMITH"},{"floor":25.0,"key":"REST"},{"data":"Backstab","floor":32.0,"key":"SMITH"},{"data":"Panache","floor":40,"key":"SMITH"},{"data":"Blur","floor":42,"key":"SMITH"},{"data":"Die Die Die","floor":45,"key":"SMITH"},{"data":"Blur","floor":47,"key":"SMITH"},{"floor":49,"key":"REST"}],"neow_cost":"NONE","seed_source_timestamp":700531536457634,"circlet_count":0,"master_deck":["Defend_G","Defend_G","Defend_G+1","Defend_G+1","Defend_G","Strike_G","Survivor","Neutralize","Caltrops+1","All Out Attack+1","Terror+1","Cloak And Dagger","Unload+1","Riddle With Holes","Expertise","Bullet Time","Dagger Spray+1","Backstab+1","Dodge and Roll","PiercingWail+1","Venomology","Dagger Throw","Calculated Gamble+1","Die Die Die+1","Panache+1","Blur+1","Blur+1","Backflip","Madness","Madness","Malaise","Backstab"],"special_seed":0,"relics":["Ring of the Snake","Happy Flower","Bloody Idol","Boot","Art of War","Anchor","Regal Pillow","Velvet Choker","Membership Card","War Paint","Mercury Hourglass","Bronze Scales","Pen Nib","PreservedInsect","Empty Cage","Blood Vial","Ice Cream","Oddly Smooth Stone","Dream Catcher"],"potions_floor_usage":[33,33,33,37,38,38,41,44,48,50,50,50,50],"damage_taken":[{"damage":1.0,"enemies":"Jaw Worm","floor":1.0,"turns":6.0},{"damage":0.0,"enemies":"Small Slimes","floor":3.0,"turns":4.0},{"damage":0.0,"enemies":"Cultist","floor":4.0,"turns":3.0},{"damage":15.0,"enemies":"Lagavulin","floor":7.0,"turns":7.0},{"damage":10.0,"enemies":"3 Sentries","floor":12.0,"turns":6.0},{"damage":0.0,"enemies":"Exordium Wildlife","floor":13.0,"turns":2.0},{"damage":0.0,"enemies":"2 Fungi Beasts","floor":14.0,"turns":2.0},{"damage":26.0,"enemies":"The Guardian","floor":16.0,"turns":13.0},{"damage":0.0,"enemies":"3 Byrds","floor":18.0,"turns":4.0},{"damage":5.0,"enemies":"2 Thieves","floor":19.0,"turns":3.0},{"damage":13.0,"enemies":"Cultist and Chosen","floor":20.0,"turns":6.0},{"damage":12.0,"enemies":"Book of Stabbing","floor":24.0,"turns":5.0},{"damage":0.0,"enemies":"Slavers","floor":28.0,"turns":3.0},{"damage":11.0,"enemies":"Snake Plant","floor":29.0,"turns":3.0},{"damage":8.0,"enemies":"Gremlin Leader","floor":30.0,"turns":5.0},{"damage":6.0,"enemies":"Snecko","floor":31.0,"turns":4.0},{"damage":52,"enemies":"Automaton","floor":33,"turns":9},{"damage":2,"enemies":"3 Darklings","floor":35,"turns":3},{"damage":0,"enemies":"Orb Walker","floor":37,"turns":2},{"damage":19,"enemies":"Mysterious Sphere","floor":38,"turns":3},{"damage":18,"enemies":"Maw","floor":41,"turns":5},{"damage":0,"enemies":"Reptomancer","floor":44,"turns":4},{"damage":28,"enemies":"Giant Head","floor":48,"turns":7},{"damage":54,"enemies":"Time Eater","floor":50,"turns":14}],"seed_played":"1824495782550354041","potions_obtained":[{"floor":1.0,"key":"Swift Potion"},{"floor":3.0,"key":"Poison Potion"},{"floor":4.0,"key":"Dexterity Potion"},{"floor":12.0,"key":"Fruit Juice"},{"floor":19.0,"key":"Swift Potion"},{"floor":24.0,"key":"Strength Potion"},{"floor":28.0,"key":"SkillPotion"},{"floor":29.0,"key":"Block Potion"},{"floor":35,"key":"Swift Potion"},{"floor":38,"key":"SkillPotion"},{"floor":41,"key":"Block Potion"}],"is_trial":false,"path_per_floor":["M","?","M","M","?","R","E","R","T","R","$","E","M","M","R","B",null,"M","M","M","$","?","R","E","R","T","$","E","M","E","M","R","B",null,"M","$","M","?","?","R","M","R","T","M","R","?","R","E","R","B"],"character_chosen":"THE_SILENT","items_purchased":["Anchor","Membership Card","War Paint","Dodge and Roll","Panache","Blood Vial"],"campfire_rested":3,"item_purchase_floors":[11,21,21,21,36,36],"current_hp_per_floor":[69,52,52,52,45,45,30,51,51,51,51,41,46,46,46,20,61,61,56,43,43,43,43,36,73,73,73,75,69,66,65,65,18,61,64,64,71,59,59,59,48,48,53,60,60,51,51,30,67,15],"gold":227,"neow_bonus":"RANDOM_COMMON_RELIC","is_prod":false,"is_daily":false,"chose_seed":false,"campfire_upgraded":9,"win_rate":0,"timestamp":1539332059,"path_taken":["M","?","M","M","?","R","E","R","T","R","$","E","M","M","R","BOSS","M","M","M","$","?","R","E","R","T","$","E","M","E","M","R","BOSS","M","$","M","?","?","R","M","R","T","M","R","?","R","E","R","BOSS"],"build_version":"2018-10-11","purchased_purges":1,"victory":true,"max_hp_per_floor":[70,70,70,70,70,70,70,70,70,70,70,70,75,75,75,75,75,75,75,75,75,75,75,75,75,75,75,75,75,75,75,75,75,75,75,75,75,75,75,75,75,75,75,75,75,75,75,75,75,75],"card_choices":[{"not_picked":["Slice","Flying Knee"],"picked":"Caltrops","floor":1.0},{"not_picked":["Caltrops","Finisher"],"picked":"All Out Attack","floor":3.0},{"not_picked":["Outmaneuver","Dodge and Roll"],"picked":"Terror","floor":4.0},{"not_picked":["Accuracy","Dagger Spray"],"picked":"Cloak And Dagger","floor":7.0},{"not_picked":["Flying Knee","Venomology"],"picked":"Unload","floor":12.0},{"not_picked":["Caltrops","Finisher"],"picked":"Riddle With Holes","floor":13.0},{"not_picked":["Dagger Spray","Infinite Blades"],"picked":"Expertise","floor":14.0},{"not_picked":["Burst","Doppelganger"],"picked":"Bullet Time","floor":16.0},{"not_picked":["Endless Agony","Slice"],"picked":"Dagger Spray+1","floor":18.0},{"not_picked":["Dagger Throw","Dagger Spray"],"picked":"Backstab","floor":19.0},{"not_picked":["Catalyst+1","Bane"],"picked":"Escape Plan","floor":20.0},{"not_picked":["Concentrate","Caltrops"],"picked":"PiercingWail+1","floor":24.0},{"not_picked":["Dagger Throw","Slice"],"picked":"Venomology","floor":28.0},{"not_picked":["Blade Dance","Reflex"],"picked":"Dagger Throw","floor":29.0},{"not_picked":["Quick Slash","Bane"],"picked":"Calculated Gamble+1","floor":30.0},{"not_picked":["Slice","Sucker Punch","Terror+1"],"picked":"SKIP","floor":31.0},{"not_picked":["Wraith Form v2","Phantasmal Killer"],"picked":"Die Die Die","floor":33},{"not_picked":["Blade Dance","PiercingWail","Deadly Poison"],"picked":"SKIP","floor":35},{"not_picked":["Choke+1","Dagger Spray+1"],"picked":"Blur","floor":37},{"not_picked":["Dagger Spray+1","Bane+1"],"picked":"Blur","floor":38},{"not_picked":["Eviscerate+1","Terror"],"picked":"Backflip","floor":41},{"not_picked":["Infinite Blades+1","Calculated Gamble+1","Sucker Punch+1"],"picked":"SKIP","floor":44},{"not_picked":["Deflect+1","Dagger Throw+1"],"picked":"Malaise","floor":48},{"not_picked":["Deadly Poison+1","Cloak And Dagger"],"picked":"Backstab","floor":49}],"player_experience":511622,"relics_obtained":[{"floor":7.0,"key":"Boot"},{"floor":9.0,"key":"Art of War"},{"floor":12.0,"key":"Regal Pillow"},{"floor":24.0,"key":"Mercury Hourglass"},{"floor":26.0,"key":"Bronze Scales"},{"floor":28.0,"key":"Pen Nib"},{"floor":30.0,"key":"PreservedInsect"},{"floor":38,"key":"Ice Cream"},{"floor":43,"key":"Oddly Smooth Stone"},{"floor":48,"key":"Dream Catcher"}],"event_choices":[{"event_name":"Golden Idol","player_choice":"Take Damage","floor":2.0,"damage_taken":0.0},{"event_name":"Golden Wing","player_choice":"Card Removal","floor":5.0,"damage_taken":0.0},{"event_name":"Forgotten Altar","player_choice":"Gave Idol","floor":22.0,"damage_taken":0.0},{"event_name":"Mysterious Sphere","player_choice":"Fight","floor":38,"damage_taken":0},{"event_name":"Falling","player_choice":"Removed Skill","floor":39,"damage_taken":0},{"event_name":"Winding Halls","player_choice":"Embrace Madness","floor":46,"damage_taken":0}],"is_beta":false,"boss_relics":[{"not_picked":["Fusion Hammer","Eternal Feather"],"picked":"Velvet Choker"},{"not_picked":["White Beast Statue","HoveringKite"],"picked":"Empty Cage"}],"items_purged_floors":[27],"is_endless":false,"potions_floor_spawned":[1,3,4,12,19,24,28,29,35,38,41],"ascension_level":5}