{"gold_per_floor":[113,113,113,128,147,147,185,185,185,185,70,114,138,238,238,362,362,387,486,486,486,502,502,517,517,517,517,538,538,559,600,600,724,724,740,740,758,758,758,791,815,815,892,892],"floor_reached":44,"playtime":2665,"items_purged":[],"score":513,"play_id":"f81a68cf-93e4-4ab4-999f-80e6ac3e3ccd","local_time":"20190308231133","is_ascension_mode":true,"campfire_choices":[{"data":"Flying Knee","floor":6.0,"key":"SMITH"},{"floor":8.0,"key":"REST"},{"data":"Dagger Throw","floor":10.0,"key":"SMITH"},{"data":"Noxious Fumes","floor":15.0,"key":"SMITH"},{"data":"Dagger Throw","floor":23.0,"key":"SMITH"},{"floor":25.0,"key":"REST"},{"floor":27.0,"key":"RECALL"},{"floor":32.0,"key":"REST"}],"neow_cost":"NONE","seed_source_timestamp":272159417363111,"circlet_count":0,"master_deck":["Defend_G+1","Defend_G+1","Defend_G+1","Defend_G+1","Strike_G+1","Strike_G+1","Strike_G+1","Strike_G+1","Strike_G+1","Survivor+1","Neutralize+1","Dagger Throw+1","Flying Knee+1","Dagger Throw+1","Deadly Poison+1","Noxious Fumes+1","Backstab+1","Acrobatics+1","Deflect+1","Crippling Poison+1","Backflip+1","Deadly Poison+1","Flying Knee+1","Blur+1","Deadly Poison+1"],"special_seed":0,"relics":["Ring of the Snake","Golden Idol","Toxic Egg 2","Ornamental Fan","Centennial Puzzle","Philosopher\u0027s Stone","War Paint","Molten Egg 2","Whetstone","Sozu","Strawberry","Dodecahedron","Bottled Lightning"],"potions_floor_usage":[41],"damage_taken":[{"damage":0.0,"enemies":"Small Slimes","floor":1.0,"turns":3.0},{"damage":6.0,"enemies":"Jaw Worm","floor":4.0,"turns":4.0},{"damage":0.0,"enemies":"Cultist","floor":5.0,"turns":4.0},{"damage":15.0,"enemies":"Gremlin Nob","floor":7.0,"turns":4.0},{"damage":4.0,"enemies":"3 Sentries","floor":12.0,"turns":6.0},{"damage":0.0,"enemies":"2 Fungi Beasts","floor":13.0,"turns":2.0},{"damage":25.0,"enemies":"Slime Boss","floor":16.0,"turns":9.0},{"damage":2.0,"enemies":"Chosen","floor":18.0,"turns":4.0},{"damage":14.0,"enemies":"3 Byrds","floor":22.0,"turns":5.0},{"damage":7.0,"enemies":"Snake Plant","floor":24.0,"turns":4.0},{"damage":0.0,"enemies":"Chosen and Byrds","floor":28.0,"turns":5.0},{"damage":0.0,"enemies":"Centurion and Healer","floor":30.0,"turns":4.0},{"damage":0.0,"enemies":"Slavers","floor":31.0,"turns":5.0},{"damage":54.0,"enemies":"Champ","floor":33.0,"turns":13.0},{"damage":11,"enemies":"3 Darklings","floor":35,"turns":3},{"damage":0,"enemies":"Orb Walker","floor":37,"turns":3},{"damage":54,"enemies":"Nemesis","floor":40,"turns":7},{"damage":6,"enemies":"Jaw Worm Horde","floor":41,"turns":3},{"damage":18,"enemies":"Sphere and 2 Shapes","floor":44,"turns":3}],"seed_played":"-9069598465153944580","potions_obtained":[{"floor":4.0,"key":"EssenceOfSteel"},{"floor":12.0,"key":"Ancient Potion"},{"floor":13.0,"key":"FearPotion"},{"floor":18.0,"key":"Strength Potion"},{"floor":22.0,"key":"Block Potion"},{"floor":24.0,"key":"FairyPotion"}],"is_trial":false,"path_per_floor":["?","?","?","?","?","?","M","?","?","M","?","T","T"],"character_chosen":"THE_SILENT","items_purchased":["Noxious Fumes","Backstab"],"campfire_rested":3,"item_purchase_floors":[11,11],"current_hp_per_floor":[70,65,70,64,64,64,49,70,70,70,70,66,66,66,66,41,70,68,68,68,68,54,54,47,68,68,68,68,68,68,68,70,16,70,59,59,59,59,59,12,6,6,6,0],"gold":892,"neow_bonus":"UPGRADE_CARD","is_prod":false,"is_daily":false,"chose_seed":false,"campfire_upgraded":4,"win_rate":0,"timestamp":1552083093,"path_taken":["M","?","?","M","M","R","E","R","T","R","$","E","M","?","R","BOSS","M","?","?","?","?","R","M","R","T","R","M","?","M","E","R","BOSS","M","?","?","?","?","E","M","?","T","M"],"build_version":"2019-01-23","purchased_purges":0,"victory":false,"max_hp_per_floor":[70,65,70,70,70,70,70,70,70,70,70,70,70,70,70,70,70,70,70,70,70,70,70,70,70,70,70,70,70,70,70,70,70,70,70,70,70,70,70,77,77,77,77,77],"card_choices":[{"not_picked":["Bane","Deflect"],"picked":"Dagger Throw","floor":1.0},{"not_picked":["Escape Plan","Deflect"],"picked":"Flying Knee","floor":4.0},{"not_picked":["Skewer","Dodge and Roll"],"picked":"Dagger Throw","floor":5.0},{"not_picked":["Reflex","Noxious Fumes"],"picked":"Deadly Poison","floor":7.0},{"not_picked":["Masterful Stab","Well Laid Plans","Blade Dance+1"],"picked":"SKIP","floor":12.0},{"not_picked":["After Image","Flying Knee"],"picked":"Acrobatics+1","floor":13.0},{"not_picked":["Underhanded Strike+1","Blade Dance+1","Masterful Stab"],"picked":"SKIP","floor":18.0},{"not_picked":["Dodge and Roll+1","Acrobatics+1"],"picked":"Deflect+1","floor":22.0},{"not_picked":["Sucker Punch","Riddle With Holes","Choke"],"picked":"SKIP","floor":24.0},{"not_picked":["Setup+1","Backstab+1"],"picked":"Crippling Poison+1","floor":28.0},{"not_picked":["Caltrops+1","Storm of Steel+1"],"picked":"Backflip+1","floor":30.0},{"not_picked":["Underhanded Strike+1","Blade Dance+1","PiercingWail+1"],"picked":"SKIP","floor":31.0},{"not_picked":["Malaise+1","Phantasmal Killer+1"],"picked":"Venomology+1","floor":33.0},{"not_picked":["Noxious Fumes+1","Finisher+1"],"picked":"Deadly Poison+1","floor":35},{"not_picked":["All Out Attack+1","Choke+1"],"picked":"Flying Knee+1","floor":37},{"not_picked":["Underhanded Strike+1","Acrobatics+1"],"picked":"Blur+1","floor":40},{"not_picked":["Blur+1","Predator+1"],"picked":"Deadly Poison+1","floor":41}],"player_experience":177486,"relics_obtained":[{"floor":7.0,"key":"Toxic Egg 2"},{"floor":9.0,"key":"Ornamental Fan"},{"floor":12.0,"key":"Centennial Puzzle"},{"floor":26.0,"key":"Molten Egg 2"},{"floor":31.0,"key":"Whetstone"},{"floor":40,"key":"Strawberry"},{"floor":42,"key":"Dodecahedron"},{"floor":43,"key":"Bottled Lightning"}],"event_choices":[{"damage_healed":0.0,"max_hp_gain":0.0,"max_hp_loss":5.0,"gold_gain":0.0,"event_name":"Golden Idol","player_choice":"Lose Max HP","floor":2.0,"gold_loss":0.0,"damage_taken":0.0,"relics_obtained":["Golden Idol"]},{"damage_healed":0.0,"max_hp_gain":5.0,"max_hp_loss":0.0,"gold_gain":0.0,"event_name":"Big Fish","player_choice":"Donut","floor":3.0,"gold_loss":0.0,"damage_taken":0.0},{"damage_healed":0.0,"max_hp_gain":0.0,"max_hp_loss":0.0,"gold_gain":100.0,"event_name":"Golden Shrine","player_choice":"Pray","floor":14.0,"gold_loss":0.0,"damage_taken":0.0},{"damage_healed":0.0,"max_hp_gain":0.0,"max_hp_loss":0.0,"gold_gain":99.0,"event_name":"Nest","player_choice":"Stole From Cult","floor":19.0,"gold_loss":0.0,"damage_taken":0.0},{"damage_healed":0.0,"max_hp_gain":0.0,"max_hp_loss":0.0,"gold_gain":0.0,"event_name":"Back to Basics","player_choice":"Simplicity","floor":20.0,"gold_loss":0.0,"damage_taken":0.0,"cards_upgraded":["Defend_G","Defend_G","Defend_G","Defend_G","Defend_G","Strike_G","Strike_G","Strike_G","Strike_G","Strike_G"]},{"damage_healed":0.0,"max_hp_gain":0.0,"max_hp_loss":0.0,"gold_gain":0.0,"event_name":"The Mausoleum","player_choice":"Opened","floor":21.0,"gold_loss":0.0,"damage_taken":0.0,"relics_obtained":["War Paint"]},{"damage_healed":0.0,"max_hp_gain":0.0,"max_hp_loss":0.0,"gold_gain":0.0,"event_name":"Ghosts","player_choice":"Ignored","floor":29.0,"gold_loss":0.0,"damage_taken":0.0},{"cards_removed":["Venomology"],"damage_healed":0,"gold_gain":0,"player_choice":"Purged","damage_taken":0,"max_hp_gain":0,"max_hp_loss":0,"event_name":"Purifier","floor":36,"gold_loss":0},{"cards_removed":["Defend_G"],"damage_healed":0,"gold_gain":0,"player_choice":"Removed Skill","damage_taken":0,"max_hp_gain":0,"max_hp_loss":0,"event_name":"Falling","floor":38,"gold_loss":0}],"is_beta":false,"boss_relics":[{"not_picked":["Busted Crown","Orrery"],"picked":"Philosopher\u0027s Stone"},{"not_picked":["Snecko Eye","WristBlade"],"picked":"Sozu"}],"items_purged_floors":[],"is_endless":false,"potions_floor_spawned":[4,12,13,18,22,24,30,35],"killed_by":"Sphere and 2 Shapes","ascension_level":1}