{"gold_per_floor":[111,111,128,142,157,189,14,14,14,14,14,14,32,32,32,132,132,132,102,22,22,22,22,22,22,22,22,22,22,22,22,22,22,22,22,22,22,22,22,22,22,22,22,22,22,22,22,22,22,22],"floor_reached":51,"playtime":3039,"items_purged":[],"score":1128,"play_id":"4f9c22c9-b623-483b-b79e-f5a7271796db","local_time":"20180822122624","is_ascension_mode":true,"campfire_choices":[{"data":"Glacier","floor":8,"key":"SMITH"},{"data":"Glacier","floor":15,"key":"SMITH"},{"data":"Defragment","floor":24,"key":"SMITH"},{"floor":29,"key":"REST"},{"data":"Defragment","floor":32,"key":"SMITH"},{"data":"Defragment","floor":40,"key":"SMITH"},{"data":"Coolheaded","floor":42,"key":"SMITH"},{"floor":49,"key":"REST"}],"neow_cost":"NONE","seed_source_timestamp":262380103380780,"circlet_count":0,"master_deck":["Strike_B","Strike_B","Strike_B","Defend_B","Defend_B","Defend_B","Zap","Dualcast","Glacier+1","Glacier+1","Ball Lightning","Multi-Cast","Ball Lightning","Storm","Streamline","Meteor Strike","Coolheaded+1","Doom and Gloom+1","Defragment+1","Doom and Gloom+1","Conserve Battery","Hello World","Defragment+1","Streamline+1","Sunder+1","Meteor Strike+1","Beam Cell+1","Ball Lightning+1","Doom and Gloom+1","All For One+1","Defragment+1","Force Field+1","Coolheaded+1","Fission","Electrodynamics","Fusion","Defragment","Loop"],"relics":["Snecko Eye","Pantograph","Dream Catcher","Omamori","Bag of Preparation","Ectoplasm","Nilry\u0027s Codex","Strawberry","Molten Egg 2","MawBank","Black Star","Prayer Wheel","Bottled Lightning","Symbiotic Virus","Shuriken","Blood Vial","Pen Nib"],"potions_floor_usage":[38,46,50,50],"damage_taken":[{"damage":0,"enemies":"Cultist","floor":1,"turns":3},{"damage":0,"enemies":"2 Louse","floor":3,"turns":3},{"damage":4,"enemies":"Small Slimes","floor":4,"turns":5},{"damage":1,"enemies":"2 Fungi Beasts","floor":5,"turns":5},{"damage":17,"enemies":"3 Sentries","floor":6,"turns":9},{"damage":0,"enemies":"Looter","floor":13,"turns":4},{"damage":22,"enemies":"The Guardian","floor":16,"turns":15},{"damage":0,"enemies":"Shell Parasite","floor":18,"turns":3},{"damage":6,"enemies":"2 Thieves","floor":19,"turns":3},{"damage":12,"enemies":"Cultist and Chosen","floor":22,"turns":3},{"damage":10,"enemies":"Gremlin Leader","floor":23,"turns":4},{"damage":0,"enemies":"Snake Plant","floor":27,"turns":2},{"damage":0,"enemies":"Shelled Parasite and Fungi","floor":28,"turns":4},{"damage":0,"enemies":"3 Cultists","floor":30,"turns":3},{"damage":23,"enemies":"Book of Stabbing","floor":31,"turns":5},{"damage":42,"enemies":"Automaton","floor":33,"turns":7},{"damage":0,"enemies":"Orb Walker","floor":35,"turns":2},{"damage":0,"enemies":"3 Darklings","floor":36,"turns":3},{"damage":0,"enemies":"Transient","floor":37,"turns":5},{"damage":14,"floor":38,"turns":4},{"damage":10,"enemies":"Maw","floor":39,"turns":5},{"damage":0,"enemies":"2 Orb Walkers","floor":44,"turns":3},{"damage":19,"enemies":"Spire Growth","floor":45,"turns":4},{"damage":13,"enemies":"Giant Head","floor":46,"turns":6},{"damage":0,"enemies":"3 Darklings","floor":47,"turns":2},{"damage":0,"enemies":"Flame Bruiser 2 Orb","floor":48,"turns":5},{"damage":46,"enemies":"Donu and Deca","floor":50,"turns":9}],"seed_played":"-1838256497508798494","potions_obtained":[{"floor":1,"key":"Swift Potion"},{"floor":4,"key":"Dexterity Potion"},{"floor":6,"key":"Explosive Potion"},{"floor":18,"key":"SkillPotion"},{"floor":27,"key":"Ancient Potion"},{"floor":38,"key":"FearPotion"},{"floor":47,"key":"AttackPotion"}],"is_trial":false,"path_per_floor":["M","T","M","M","M","E","$","R","T","?","?","$","M","?","R","B",null,"M","M","$","?","M","E","R","?","T","M","M","R","M","E","R","B",null,"M","M","M","?","M","R","$","R","T","E","M","E","M","M","R","B"],"character_chosen":"DEFECT","items_purchased":["Omamori","Ball Lightning","Defragment"],"campfire_rested":2,"item_purchase_floors":[7,7,20],"current_hp_per_floor":[68,68,68,64,63,46,46,46,46,46,46,46,46,39,39,42,67,67,61,61,45,33,30,30,30,30,30,30,54,54,31,31,14,65,65,65,65,51,41,41,41,41,41,41,22,9,11,13,37,18],"gold":22,"neow_bonus":"BOSS_RELIC","is_prod":false,"is_daily":false,"chose_seed":false,"campfire_upgraded":6,"win_rate":0,"timestamp":1534962384,"path_taken":["M","?","M","M","M","E","$","R","T","?","?","?","M","?","R","BOSS","M","M","$","?","M","E","R","?","T","M","M","R","M","E","R","BOSS","M","M","M","?","?","R","?","R","T","E","M","E","M","M","R","BOSS"],"build_version":"2018-08-16","purchased_purges":0,"victory":true,"max_hp_per_floor":[75,75,75,75,75,75,75,75,75,75,75,75,75,75,75,75,75,75,75,75,75,75,82,82,82,82,82,82,82,82,82,82,82,82,82,82,82,82,82,82,82,82,82,82,82,82,82,82,82,82],"card_choices":[{"not_picked":["Coolheaded","Sweeping Beam"],"picked":"Glacier","floor":1},{"not_picked":["Genetic Algorithm","Gash","BootSequence"],"picked":"SKIP","floor":3},{"not_picked":["Scrape","Coolheaded"],"picked":"Glacier","floor":4},{"not_picked":["Redo","Beam Cell"],"picked":"Ball Lightning","floor":5},{"not_picked":["Static Discharge","Ball Lightning"],"picked":"Multi-Cast","floor":6},{"not_picked":["Hologram","Steam Power"],"picked":"Streamline","floor":13},{"not_picked":["Core Surge","Creative AI"],"picked":"Meteor Strike","floor":16},{"not_picked":["Cold Snap","Rebound"],"picked":"Coolheaded","floor":18},{"not_picked":["BootSequence","Chaos"],"picked":"Doom and Gloom+1","floor":19},{"not_picked":["BootSequence","Barrage"],"picked":"Doom and Gloom+1","floor":22},{"not_picked":["Chaos","Ball Lightning"],"picked":"Conserve Battery","floor":23},{"not_picked":["Genetic Algorithm","Force Field","Leap+1"],"picked":"SKIP","floor":27},{"not_picked":["Double Energy+1","Static Discharge+1"],"picked":"Hello World","floor":28},{"not_picked":["Cold Snap+1","Rainbow"],"picked":"Defragment","floor":29},{"not_picked":["Turbo+1","Compile Driver+1"],"picked":"Streamline+1","floor":30},{"not_picked":["Leap+1","Cold Snap+1"],"picked":"Sunder+1","floor":31},{"not_picked":["Buffer","Core Surge+1"],"picked":"Meteor Strike+1","floor":33},{"not_picked":["Leap+1","Ball Lightning+1"],"picked":"Beam Cell+1","floor":35},{"not_picked":["Conserve Battery+1","Leap+1","Barrage+1"],"picked":"SKIP","floor":36},{"not_picked":["Skim","Beam Cell+1"],"picked":"Ball Lightning+1","floor":37},{"not_picked":["Darkness+1","Redo"],"picked":"Doom and Gloom+1","floor":38},{"not_picked":["Recycle+1","Hologram+1"],"picked":"All For One+1","floor":39},{"not_picked":["Steam+1","Rebound+1"],"picked":"Defragment","floor":39},{"not_picked":["Turbo+1","Cold Snap+1"],"picked":"Force Field+1","floor":44},{"not_picked":["Cold Snap+1","Gash+1"],"picked":"Coolheaded+1","floor":45},{"not_picked":["Stack","Rip and Tear+1"],"picked":"Fission","floor":45},{"not_picked":["Compile Driver+1","Streamline+1","Stack+1"],"picked":"SKIP","floor":46},{"not_picked":["Turbo","Chaos"],"picked":"Electrodynamics","floor":47},{"not_picked":["Leap","Hologram","Barrage+1"],"picked":"SKIP","floor":47},{"not_picked":["Loop","Redo+1"],"picked":"Fusion","floor":48},{"not_picked":["Leap","Reinforced Body"],"picked":"Defragment","floor":48},{"not_picked":["Barrage+1","Blizzard+1"],"picked":"Loop","floor":49}],"player_experience":417377,"relics_obtained":[{"floor":2,"key":"Pantograph"},{"floor":6,"key":"Dream Catcher"},{"floor":9,"key":"Bag of Preparation"},{"floor":21,"key":"Nilry\u0027s Codex"},{"floor":23,"key":"Strawberry"},{"floor":26,"key":"Molten Egg 2"},{"floor":31,"key":"MawBank"},{"floor":38,"key":"Prayer Wheel"},{"floor":43,"key":"Bottled Lightning"},{"floor":44,"key":"Symbiotic Virus"},{"floor":44,"key":"Shuriken"},{"floor":46,"key":"Blood Vial"},{"floor":46,"key":"Pen Nib"}],"event_choices":[{"event_name":"Bonfire Elementals","player_choice":"BASIC","floor":10,"damage_taken":0},{"event_name":"Match and Keep!","player_choice":"1 cards matched","floor":11,"damage_taken":0},{"event_name":"Golden Wing","player_choice":"Card Removal","floor":14,"damage_taken":0},{"event_name":"Cursed Tome","player_choice":"Obtained Book","floor":21,"damage_taken":0},{"event_name":"Vampires","player_choice":"Ignored","floor":25,"damage_taken":0},{"event_name":"Mysterious Sphere","player_choice":"Fight","floor":38,"damage_taken":0}],"is_beta":false,"boss_relics":[{"not_picked":["Empty Cage","Orrery"],"picked":"Ectoplasm"},{"not_picked":["Nuclear Battery","Philosopher\u0027s Stone"],"picked":"Black Star"}],"items_purged_floors":[],"is_endless":false,"potions_floor_spawned":[1,4,6,18,22,27,33,38,39,44,47,48],"ascension_level":9}