{"gold_per_floor":[109,123,139,139,153,153,172,182,182,193,212,212,225,240,240,344,344,363,363,20,31,31],"floor_reached":22,"playtime":1226,"items_purged":[],"score":184,"play_id":"21e7a28d-5196-4555-a344-490d526df1eb","local_time":"20180701150201","is_ascension_mode":false,"campfire_choices":[{"data":"Bouncing Flask","floor":6,"key":"SMITH"},{"data":"Choke","floor":12,"key":"SMITH"},{"floor":15,"key":"REST"}],"neow_cost":"NONE","seed_source_timestamp":425811222599856,"circlet_count":0,"master_deck":["Survivor","Neutralize","All Out Attack","Choke+1","Cloak And Dagger","Bouncing Flask+1","Caltrops","Finisher","Quick Slash","Footwork","Blade Dance","Poisoned Stab","Noxious Fumes","After Image","Dodge and Roll","Noxious Fumes","Accuracy+1","Quick Slash","Quick Slash","All Out Attack","Malaise","Outmaneuver","Dagger Spray","Outmaneuver","Deflect+1","Injury","Flying Knee","Bane+1"],"relics":["Ring of the Snake","Vajra","Mercury Hourglass","Pandora\u0027s Box","Calipers"],"potions_floor_usage":[],"damage_taken":[{"damage":9,"enemies":"Cultist","floor":1,"turns":4},{"damage":10,"enemies":"Jaw Worm","floor":2,"turns":7},{"damage":0,"enemies":"Small Slimes","floor":3,"turns":2},{"damage":1,"enemies":"Red Slaver","floor":5,"turns":4},{"damage":3,"enemies":"Large Slime","floor":7,"turns":4},{"damage":5,"enemies":"Exordium Thugs","floor":8,"turns":5},{"damage":4,"enemies":"Blue Slaver","floor":10,"turns":2},{"damage":3,"enemies":"Looter","floor":11,"turns":3},{"damage":9,"enemies":"Gremlin Gang","floor":13,"turns":3},{"damage":1,"enemies":"Exordium Wildlife","floor":14,"turns":4},{"damage":19,"enemies":"Hexaghost","floor":16,"turns":8},{"damage":0,"enemies":"Chosen","floor":18,"turns":3},{"damage":24,"enemies":"Shell Parasite","floor":21,"turns":5},{"damage":47,"enemies":"Centurion and Healer","floor":22,"turns":3}],"seed_played":"7291060891515345835","potions_obtained":[{"floor":1,"key":"SkillPotion"},{"floor":2,"key":"FearPotion"},{"floor":7,"key":"GamblersBrew"},{"floor":8,"key":"Ancient Potion"}],"is_trial":false,"path_per_floor":["M","M","M","?","M","R","M","M","T","M","M","R","M","M","R","B",null,"M","?","$","M"],"character_chosen":"THE_SILENT","items_purchased":["Calipers","Flying Knee"],"campfire_rested":1,"item_purchase_floors":[20,20],"current_hp_per_floor":[61,51,51,44,43,43,40,35,35,31,28,28,19,18,39,20,70,70,70,70,46,0],"gold":31,"neow_bonus":"THREE_CARDS","is_prod":false,"is_daily":false,"chose_seed":false,"campfire_upgraded":2,"win_rate":0.0,"timestamp":1530478921,"path_taken":["M","M","M","?","M","R","M","M","T","?","M","R","?","M","R","BOSS","M","?","$","?","M"],"build_version":"2018-06-28","purchased_purges":0,"victory":false,"max_hp_per_floor":[70,70,70,70,70,70,70,70,70,70,70,70,70,70,70,70,70,70,70,70,70,70],"card_choices":[{"not_picked":["PiercingWail","Cloak And Dagger"],"picked":"All Out Attack","floor":0},{"not_picked":["Riddle With Holes","Backflip"],"picked":"Choke","floor":1},{"not_picked":["Quick Slash","Dash"],"picked":"Cloak And Dagger","floor":2},{"not_picked":["Endless Agony","Choke"],"picked":"Bouncing Flask","floor":3},{"not_picked":["Deadly Poison","Slice"],"picked":"Caltrops","floor":5},{"not_picked":["Dagger Spray","PiercingWail"],"picked":"Finisher","floor":7},{"not_picked":["Prepared","Finisher"],"picked":"Quick Slash","floor":8},{"not_picked":["Reflex","Catalyst"],"picked":"Footwork","floor":10},{"not_picked":["Quick Slash","Acrobatics"],"picked":"Blade Dance","floor":11},{"not_picked":["Deflect","Malaise"],"picked":"Poisoned Stab","floor":13},{"not_picked":["Slice","Unload"],"picked":"Noxious Fumes","floor":14},{"not_picked":["Unload","Tactician"],"picked":"After Image","floor":16},{"not_picked":["Prepared","Dash"],"picked":"Deflect+1","floor":18},{"not_picked":["Dodge and Roll","Dagger Throw"],"picked":"Bane+1","floor":21}],"player_experience":89328,"relics_obtained":[{"floor":9,"key":"Mercury Hourglass"}],"event_choices":[{"event_name":"Scrap Ooze","player_choice":"success","floor":4,"damage_taken":7},{"event_name":"Accursed Blacksmith","player_choice":"Forge","floor":19,"damage_taken":0}],"boss_relics":[{"not_picked":["Empty Cage","Snecko Eye"],"picked":"Pandora\u0027s Box"}],"items_purged_floors":[],"is_endless":false,"potions_floor_spawned":[1,2,7,8,11,13],"killed_by":"Centurion and Healer","ascension_level":0}