{"gold_per_floor":[110,110,35,47,47,82,94,112,167,167,141,141,41,53,53,152,152,152,152,7,0,0,0,0,0,0,0,0,0,0,0,0,0,0,0,0,0,0,0,0,0,0,0,0,0,0,0,0,0,0],"floor_reached":50,"playtime":1534,"items_purged":["Strike_B","Strike_B"],"score":515,"play_id":"ccb2c717-cdc9-4c07-be24-f9e8bcab57b9","local_time":"20190312180744","is_ascension_mode":true,"campfire_choices":[{"floor":10,"key":"REST"},{"floor":12,"key":"REST"},{"floor":15,"key":"REST"},{"floor":25,"key":"REST"},{"data":"Zap","floor":28,"key":"SMITH"},{"floor":32,"key":"REST"},{"data":"Conserve Battery","floor":40,"key":"SMITH"},{"floor":46,"key":"REST"},{"data":"Barrage","floor":49,"key":"SMITH"}],"neow_cost":"NONE","seed_source_timestamp":34271974072432,"circlet_count":0,"master_deck":["Strike_B","Strike_B","Defend_B","Defend_B","Defend_B","Defend_B","Zap+1","Dualcast","Conserve Battery+1","Creative AI+1","Ball Lightning","Self Repair+1","Electrodynamics+1","Conserve Battery","BootSequence","Decay","Static Discharge+1","Loop+1","Biased Cognition+1","Barrage+1","Auto Shields+1","Capacitor+1"],"relics":["Cracked Core","Frozen Egg 2","Potion Belt","Ectoplasm","Blood Vial","Orichalcum","Bottled Tornado","Lizard Tail","Pantograph","Omamori","Red Mask"],"potions_floor_usage":[23,50,50],"damage_taken":[{"damage":0,"enemies":"2 Louse","floor":1,"turns":3},{"damage":0,"enemies":"Jaw Worm","floor":4,"turns":3},{"damage":45,"enemies":"Gremlin Nob","floor":6,"turns":5},{"damage":0,"enemies":"Small Slimes","floor":7,"turns":3},{"damage":28,"enemies":"Exordium Wildlife","floor":8,"turns":5},{"damage":0,"enemies":"Looter","floor":14,"turns":4},{"damage":54,"enemies":"Slime Boss","floor":16,"turns":10},{"damage":5,"enemies":"3 Byrds","floor":18,"turns":3},{"damage":23,"enemies":"2 Thieves","floor":21,"turns":3},{"damage":51,"enemies":"Gremlin Leader","floor":23,"turns":7},{"damage":0,"enemies":"Chosen and Byrds","floor":24,"turns":4},{"damage":13,"enemies":"Snecko","floor":30,"turns":5},{"damage":29,"enemies":"Shelled Parasite and Fungi","floor":31,"turns":4},{"damage":52,"enemies":"Automaton","floor":33,"turns":8},{"damage":4,"enemies":"3 Darklings","floor":35,"turns":2},{"damage":6,"enemies":"3 Shapes","floor":36,"turns":3},{"damage":10,"enemies":"Sphere and 2 Shapes","floor":39,"turns":3},{"damage":29,"enemies":"Spire Growth","floor":42,"turns":5},{"damage":86,"enemies":"Giant Head","floor":45,"turns":9},{"damage":12,"enemies":"Transient","floor":48,"turns":5},{"damage":81,"enemies":"Awakened One","floor":50,"turns":4}],"seed_played":"1395132131184335136","potions_obtained":[{"floor":4,"key":"Swift Potion"},{"floor":8,"key":"Ancient Potion"},{"floor":16,"key":"SteroidPotion"},{"floor":24,"key":"Ancient Potion"},{"floor":30,"key":"SteroidPotion"},{"floor":33,"key":"FearPotion"}],"is_trial":false,"path_per_floor":["?","?","?","?","?","M","$","?","M","$","?","?","?"],"character_chosen":"DEFECT","items_purchased":["Blood Vial"],"campfire_rested":6,"item_purchase_floors":[20],"current_hp_per_floor":[82,82,82,82,82,37,37,9,9,33,33,57,57,57,81,37,82,82,82,82,69,69,30,42,66,66,66,66,66,65,48,72,32,82,78,82,82,82,82,82,82,63,63,63,49,72,72,72,72,0],"gold":0,"neow_bonus":"TEN_PERCENT_HP_BONUS","is_prod":false,"is_daily":false,"chose_seed":false,"campfire_upgraded":3,"win_rate":0,"timestamp":1552410464,"path_taken":["M","?","$","M","?","E","M","M","T","R","?","R","$","M","R","BOSS","M","?","$","M","?","E","?","R","T","?","R","?","?","M","R","BOSS","M","M","?","$","M","R","?","M","T","?","E","R","?","M","R","BOSS"],"build_version":"2019-01-23","purchased_purges":2,"victory":false,"max_hp_per_floor":[82,82,82,82,82,82,82,82,82,82,82,82,82,82,82,82,82,82,82,82,82,82,82,82,82,82,82,82,82,82,82,82,82,82,82,82,82,82,82,82,82,82,82,78,78,78,78,78,78,78],"card_choices":[{"not_picked":["Leap","Steam"],"picked":"Conserve Battery","floor":1},{"not_picked":["Scrape","Beam Cell","Streamline"],"picked":"SKIP","floor":4},{"not_picked":["Compile Driver","Steam"],"picked":"Creative AI","floor":6},{"not_picked":["Cold Snap","Compile Driver"],"picked":"Ball Lightning","floor":7},{"not_picked":["Sweeping Beam","Stack","Go for the Eyes"],"picked":"SKIP","floor":8},{"not_picked":["Gash","Stack"],"picked":"Self Repair+1","floor":14},{"not_picked":["Multi-Cast","Rainbow"],"picked":"Electrodynamics+1","floor":16},{"not_picked":["Turbo","Hologram"],"picked":"Conserve Battery","floor":18},{"not_picked":["Skim+1","Conserve Battery"],"picked":"BootSequence","floor":21},{"not_picked":["Stack","Compile Driver","Gash+1"],"picked":"SKIP","floor":23},{"not_picked":["Force Field","BootSequence","Undo"],"picked":"SKIP","floor":24},{"not_picked":["Lockon","Ball Lightning"],"picked":"Static Discharge+1","floor":30},{"not_picked":["Rebound","Undo"],"picked":"Loop+1","floor":31},{"not_picked":["Machine Learning+1","Rainbow"],"picked":"Biased Cognition+1","floor":33},{"not_picked":["Auto Shields+1","Compile Driver"],"picked":"Barrage","floor":35},{"not_picked":["Coolheaded","Chill"],"picked":"Auto Shields+1","floor":36},{"not_picked":["Stack+1","Scrape","Streamline"],"picked":"SKIP","floor":39},{"not_picked":["Chaos+1","Sweeping Beam+1","Steam Power"],"picked":"SKIP","floor":42},{"not_picked":["Heatsinks+1","Rebound"],"picked":"Capacitor+1","floor":45},{"not_picked":["Steam Power+1","Scrape","Rainbow"],"picked":"SKIP","floor":48}],"player_experience":236303,"relics_obtained":[{"floor":6,"key":"Frozen Egg 2"},{"floor":9,"key":"Potion Belt"},{"floor":23,"key":"Orichalcum"},{"floor":26,"key":"Bottled Tornado"},{"floor":43,"key":"Pantograph"},{"floor":45,"key":"Omamori"}],"event_choices":[{"damage_healed":0,"gold_gain":0,"player_choice":"Ignored","damage_taken":0,"max_hp_gain":0,"max_hp_loss":0,"event_name":"Golden Wing","floor":2,"gold_loss":0},{"damage_healed":0,"gold_gain":0,"player_choice":"Leave","damage_taken":0,"max_hp_gain":0,"max_hp_loss":0,"event_name":"The Cleric","floor":5,"gold_loss":0},{"damage_healed":0,"gold_gain":0,"player_choice":"Left Gold","damage_taken":0,"max_hp_gain":0,"max_hp_loss":0,"event_name":"World of Goop","floor":11,"gold_loss":26},{"damage_healed":0,"gold_gain":0,"player_choice":"Ignored","damage_taken":0,"max_hp_gain":0,"max_hp_loss":0,"event_name":"Cursed Tome","floor":19,"gold_loss":0},{"damage_healed":0,"gold_gain":0,"player_choice":"Smashed Altar","damage_taken":0,"max_hp_gain":0,"max_hp_loss":0,"event_name":"Forgotten Altar","floor":22,"gold_loss":0,"cards_obtained":["Decay"]},{"damage_healed":0,"gold_gain":0,"player_choice":"Ignored","damage_taken":0,"max_hp_gain":0,"max_hp_loss":0,"event_name":"Golden Shrine","floor":29,"gold_loss":0},{"damage_healed":0,"gold_gain":0,"player_choice":"Ignored","damage_taken":0,"max_hp_gain":0,"max_hp_loss":0,"event_name":"Mysterious Sphere","floor":41,"gold_loss":0},{"damage_healed":0,"gold_gain":0,"player_choice":"Max HP","damage_taken":0,"max_hp_gain":0,"max_hp_loss":4,"event_name":"Winding Halls","floor":44,"gold_loss":0},{"damage_healed":0,"gold_gain":0,"player_choice":"Paid","damage_taken":0,"relics_obtained":["Red Mask"],"max_hp_gain":0,"max_hp_loss":0,"event_name":"Tomb of Lord Red Mask","floor":47,"gold_loss":0}],"is_beta":false,"boss_relics":[{"not_picked":["FrozenCore","Calling Bell"],"picked":"Ectoplasm"},{"not_picked":["Empty Cage","Pandora\u0027s Box"],"picked":"Lizard Tail"}],"items_purged_floors":[3,13],"is_endless":false,"potions_floor_spawned":[4,8,16,24,30,33,35,48],"killed_by":"Awakened One","ascension_level":1}