{"gold_per_floor":[218,228,178,197,208,241,241,271,271,271,231,9,29,29],"floor_reached":14,"playtime":462,"items_purged":["Strike_R"],"score":90,"play_id":"cac80c75-73f7-4539-9c98-29e95beaf364","local_time":"20180709192234","is_ascension_mode":false,"campfire_choices":[{"data":"Heavy Blade","floor":7,"key":"SMITH"}],"neow_cost":"NONE","seed_source_timestamp":0,"circlet_count":0,"master_deck":["Strike_R","Strike_R","Strike_R","Defend_R","Defend_R","Defend_R","Bash","Heavy Blade+1","Shrug It Off","Searing Blow"],"special_seed":0,"relics":["Burning Blood","Ornamental Fan","Odd Mushroom","Toxic Egg 2","Bag of Marbles"],"potions_floor_usage":[6],"damage_taken":[{"damage":2,"enemies":"Small Slimes","floor":1,"turns":3},{"damage":0,"enemies":"2 Louse","floor":2,"turns":3},{"damage":0,"enemies":"Cultist","floor":4,"turns":3},{"damage":19,"enemies":"Blue Slaver","floor":5,"turns":4},{"damage":22,"enemies":"3 Sentries","floor":6,"turns":7},{"damage":39,"floor":8,"turns":6},{"damage":7,"enemies":"2 Fungi Beasts","floor":13,"turns":4},{"damage":10,"enemies":"Large Slime","floor":14,"turns":2}],"seed_played":"6833142955035572027","potions_obtained":[{"floor":2,"key":"Explosive Potion"},{"floor":6,"key":"AttackPotion"}],"is_trial":false,"path_per_floor":["M","M","?","M","M","E","R","?","T","?","?","$","M"],"character_chosen":"IRONCLAD","items_purchased":["Bag of Marbles"],"campfire_rested":0,"item_purchase_floors":[12],"current_hp_per_floor":[80,80,80,80,67,51,51,18,18,11,11,11,10,0],"gold":29,"neow_bonus":"HUNDRED_GOLD","is_prod":false,"is_daily":false,"chose_seed":false,"campfire_upgraded":1,"win_rate":0,"timestamp":1531185754,"path_taken":["M","M","?","?","M","E","R","?","T","?","?","$","?","M"],"build_version":"2018-07-05","purchased_purges":1,"victory":false,"max_hp_per_floor":[80,80,80,80,80,80,80,80,80,80,80,80,80,80],"card_choices":[{"not_picked":["Havoc","Perfected Strike"],"picked":"Heavy Blade","floor":1},{"not_picked":["Armaments","Headbutt"],"picked":"Shrug It Off","floor":2},{"not_picked":["Cleave","Armaments","Clothesline"],"picked":"SKIP","floor":4},{"not_picked":["Pummel","Fiend Fire","True Grit"],"picked":"SKIP","floor":5},{"not_picked":["Headbutt","Dropkick"],"picked":"Searing Blow","floor":6},{"not_picked":["Havoc+1","Sword Boomerang","Battle Trance+1"],"picked":"SKIP","floor":13}],"player_experience":178007,"relics_obtained":[{"floor":6,"key":"Ornamental Fan"},{"floor":8,"key":"Odd Mushroom"},{"floor":9,"key":"Toxic Egg 2"}],"event_choices":[{"event_name":"The Cleric","player_choice":"Card Removal","floor":3,"damage_taken":0},{"event_name":"Mushrooms","player_choice":"Fought Mushrooms","floor":8,"damage_taken":0},{"event_name":"Golden Wing","player_choice":"Card Removal","floor":10,"damage_taken":0},{"event_name":"World of Goop","player_choice":"Left","floor":11,"damage_taken":0}],"boss_relics":[],"items_purged_floors":[12],"is_endless":false,"potions_floor_spawned":[2,6],"killed_by":"Large Slime","ascension_level":0}