{"gold_per_floor":[116,136,149,149,149,182,169,200,200,218,218,218,22,39,39,143,143,155,155,70,55,55,85,85,96,96,96,116,116,133,153,153,257,257,267,29,42,5,19,19,44,58,58,58,158,158,158,158,158,158],"floor_reached":50,"playtime":2499,"items_purged":["Strike_R"],"score":527,"play_id":"94a94642-c49c-4d5c-95cd-8063dc23b704","local_time":"20181202222646","is_ascension_mode":false,"campfire_choices":[{"data":"Whirlwind","floor":11.0,"key":"SMITH"},{"floor":15.0,"key":"RECALL"},{"data":"Armaments","floor":24.0,"key":"SMITH"},{"data":"Double Tap","floor":27.0,"key":"SMITH"},{"floor":32.0,"key":"REST"},{"data":"Juggernaut","floor":40.0,"key":"SMITH"},{"floor":44.0,"key":"REST"},{"data":"Barricade","floor":47.0,"key":"SMITH"},{"data":"1","floor":49.0,"key":"LIFT"}],"neow_cost":"NONE","seed_source_timestamp":0,"circlet_count":0,"master_deck":["Strike_R","Defend_R","Defend_R","Defend_R+1","Bash","Infernal Blade","Whirlwind+1","Rampage","Double Tap+1","Barricade+1","Shockwave","Berserk","Armaments+1","Infernal Blade+1","Headbutt","Feed","True Grit+1","Battle Trance","Flex+1","Demon Form","Dark Shackles+1","Shrug It Off+1","Shrug It Off+1","Juggernaut+1","Metallicize","Corruption+1","Madness+1","Madness+1"],"special_seed":0,"relics":["Burning Blood","Bag of Preparation","Kunai","Bottled Flame","Empty Cage","War Paint","PreservedInsect","The Courier","Toxic Egg 2","Sozu","Strange Spoon","WingedGreaves","Girya"],"potions_floor_usage":[],"damage_taken":[{"damage":12.0,"enemies":"Jaw Worm","floor":1.0,"turns":4.0},{"damage":3.0,"enemies":"Small Slimes","floor":2.0,"turns":3.0},{"damage":0.0,"enemies":"2 Louse","floor":3.0,"turns":2.0},{"damage":31.0,"enemies":"Lagavulin","floor":6.0,"turns":5.0},{"damage":18.0,"enemies":"Exordium Thugs","floor":7.0,"turns":4.0},{"damage":39.0,"enemies":"Gremlin Nob","floor":8.0,"turns":5.0},{"damage":23.0,"enemies":"Blue Slaver","floor":10.0,"turns":6.0},{"damage":0.0,"enemies":"3 Louse","floor":14.0,"turns":1.0},{"damage":33.0,"enemies":"The Guardian","floor":16.0,"turns":8.0},{"damage":23.0,"enemies":"Chosen","floor":18.0,"turns":8.0},{"damage":13.0,"enemies":"2 Thieves","floor":21.0,"turns":4.0},{"damage":30.0,"enemies":"Gremlin Leader","floor":23.0,"turns":4.0},{"damage":10.0,"enemies":"Centurion and Healer","floor":25.0,"turns":5.0},{"damage":16.0,"enemies":"Snake Plant","floor":28.0,"turns":4.0},{"damage":12.0,"enemies":"3 Cultists","floor":30.0,"turns":4.0},{"damage":5.0,"enemies":"Cultist and Chosen","floor":31.0,"turns":3.0},{"damage":45.0,"enemies":"Champ","floor":33.0,"turns":12.0},{"damage":20.0,"enemies":"3 Darklings","floor":35.0,"turns":4.0},{"damage":25.0,"enemies":"3 Shapes","floor":37.0,"turns":8.0},{"damage":8.0,"enemies":"Jaw Worm Horde","floor":39.0,"turns":4.0},{"damage":33.0,"enemies":"Nemesis","floor":41.0,"turns":7.0},{"damage":17.0,"enemies":"Spire Growth","floor":42.0,"turns":4.0},{"damage":0.0,"enemies":"Mind Bloom Boss Battle","floor":45.0,"turns":7.0},{"damage":50,"enemies":"Awakened One","floor":50,"turns":3}],"seed_played":"-3752949071041589624","potions_obtained":[{"floor":2.0,"key":"Fire Potion"},{"floor":3.0,"key":"Regen Potion"},{"floor":7.0,"key":"Regen Potion"},{"floor":14.0,"key":"Block Potion"},{"floor":23.0,"key":"Swift Potion"},{"floor":28.0,"key":"Poison Potion"}],"is_trial":false,"path_per_floor":["M","M","M","?","?","E","M","E","T","M","R","?","$","M","R","B",null,"M","?","?","M","?","E","R","M","T","R","M","?","M","M","R","B",null,"M","$","M","$","M","R","E","M","T","R","?","?","R","?","R","B"],"character_chosen":"IRONCLAD","items_purchased":["Armaments","Infernal Blade","Strange Spoon","Dark Shackles+1","Shrug It Off+1"],"campfire_rested":2,"item_purchase_floors":[13,13,36,36,38],"current_hp_per_floor":[74,77,80,85,85,60,48,15,15,32,32,32,32,38,38,11,85,68,68,68,61,61,37,37,33,33,33,23,23,20,24,51,12,91,77,77,61,61,62,62,35,24,24,53,59,59,59,47,47,0],"gold":158,"neow_bonus":"THREE_CARDS","is_prod":false,"is_daily":false,"chose_seed":false,"campfire_upgraded":5,"win_rate":0,"timestamp":1543814806,"path_taken":["M","M","M","?","?","E","M","E","T","M","R","?","$","M","R","BOSS","M","?","?","M","?","E","R","M","T","R","M","?","M","M","R","BOSS","M","$","?","?","M","R","E","M","T","R","?","?","R","?","R","BOSS"],"build_version":"2018-11-15","purchased_purges":1,"victory":false,"max_hp_per_floor":[80,80,80,85,85,85,85,85,85,85,85,85,85,85,85,85,85,85,85,85,85,85,85,85,85,85,85,85,85,88,91,91,91,91,91,91,94,94,97,97,97,97,97,97,97,97,97,97,97,97],"card_choices":[{"not_picked":["Anger","Flex"],"picked":"Infernal Blade","floor":0.0},{"not_picked":["Anger","Warcry"],"picked":"Whirlwind","floor":1.0},{"not_picked":["Flex","Blood for Blood"],"picked":"Rampage","floor":2.0},{"not_picked":["Flex","Wild Strike"],"picked":"Double Tap","floor":3.0},{"not_picked":["Havoc","Burning Pact"],"picked":"Barricade","floor":6.0},{"not_picked":["Reckless Charge","Sword Boomerang"],"picked":"Shockwave","floor":7.0},{"not_picked":["Havoc","Uppercut"],"picked":"Berserk","floor":8.0},{"not_picked":["Clothesline","Feel No Pain","Twin Strike"],"picked":"SKIP","floor":10.0},{"not_picked":["Armaments","Warcry"],"picked":"Headbutt","floor":14.0},{"not_picked":["Exhume","Bludgeon"],"picked":"Feed","floor":16.0},{"not_picked":["Warcry+1","Power Through"],"picked":"True Grit+1","floor":18.0},{"not_picked":["Perfected Strike","Burning Pact","Corruption"],"picked":"SKIP","floor":21.0},{"not_picked":["Twin Strike+1","Clash"],"picked":"Battle Trance","floor":23.0},{"not_picked":["Blood for Blood","Headbutt","Iron Wave"],"picked":"SKIP","floor":25.0},{"not_picked":["Havoc+1","Warcry+1","Perfected Strike"],"picked":"SKIP","floor":28.0},{"not_picked":["Evolve","Havoc+1"],"picked":"Flex+1","floor":30.0},{"not_picked":["Havoc+1","Headbutt","Warcry+1"],"picked":"SKIP","floor":31.0},{"not_picked":["Feed","Offering+1"],"picked":"Demon Form","floor":33.0},{"not_picked":["Blood for Blood+1","Havoc+1","Headbutt+1"],"picked":"SKIP","floor":35.0},{"not_picked":["Body Slam","Cleave"],"picked":"Shrug It Off+1","floor":37.0},{"not_picked":["Sword Boomerang","Wild Strike"],"picked":"Juggernaut","floor":39.0},{"not_picked":["Fiend Fire","Anger+1"],"picked":"Metallicize","floor":41.0},{"not_picked":["Body Slam+1","Pummel+1"],"picked":"Thunderclap+1","floor":42.0},{"not_picked":["Anger+1","Armaments+1"],"picked":"Corruption+1","floor":45.0}],"player_experience":657055,"relics_obtained":[{"floor":6.0,"key":"Bag of Preparation"},{"floor":8.0,"key":"Kunai"},{"floor":9.0,"key":"Bottled Flame"},{"floor":23.0,"key":"The Courier"},{"floor":26.0,"key":"Toxic Egg 2"},{"floor":41.0,"key":"WingedGreaves"},{"floor":45.0,"key":"Girya"}],"event_choices":[{"damage_healed":0.0,"max_hp_gain":5.0,"max_hp_loss":0.0,"gold_gain":0.0,"event_name":"Big Fish","player_choice":"Donut","floor":4.0,"gold_loss":0.0,"damage_taken":0.0},{"damage_healed":0.0,"max_hp_gain":0.0,"max_hp_loss":0.0,"gold_gain":0.0,"event_name":"Liars Game","player_choice":"Ignored","floor":5.0,"gold_loss":0.0,"damage_taken":0.0},{"cards_removed":["Strike_R"],"damage_healed":0.0,"max_hp_gain":0.0,"max_hp_loss":0.0,"gold_gain":0.0,"event_name":"Wheel of Change","player_choice":"Card Removal","floor":12.0,"gold_loss":0.0,"damage_taken":0.0},{"cards_removed":["Defend_R"],"damage_healed":0.0,"max_hp_gain":0.0,"max_hp_loss":0.0,"gold_gain":0.0,"event_name":"Back to Basics","player_choice":"Elegance","floor":19.0,"gold_loss":0.0,"damage_taken":0.0},{"damage_healed":0.0,"max_hp_gain":0.0,"max_hp_loss":0.0,"gold_gain":0.0,"event_name":"Addict","player_choice":"Obtained Relic","floor":20.0,"gold_loss":85.0,"damage_taken":0.0,"relics_obtained":["War Paint"]},{"damage_healed":0.0,"max_hp_gain":0.0,"max_hp_loss":0.0,"gold_gain":0.0,"event_name":"The Mausoleum","player_choice":"Opened","floor":22.0,"gold_loss":0.0,"damage_taken":0.0,"relics_obtained":["PreservedInsect"],"cards_obtained":["Writhe"]},{"cards_removed":["Writhe"],"damage_healed":0.0,"max_hp_gain":0.0,"max_hp_loss":0.0,"gold_gain":0.0,"event_name":"Purifier","player_choice":"Purged","floor":29.0,"gold_loss":0.0,"damage_taken":0.0},{"damage_healed":0.0,"max_hp_gain":0.0,"max_hp_loss":0.0,"gold_gain":0.0,"event_name":"MindBloom","player_choice":"Fight","floor":45.0,"gold_loss":0.0,"damage_taken":0.0},{"cards_removed":["Thunderclap"],"damage_healed":0.0,"max_hp_gain":0.0,"max_hp_loss":0.0,"gold_gain":0.0,"event_name":"Falling","player_choice":"Removed Attack","floor":46.0,"gold_loss":0.0,"damage_taken":0.0},{"damage_healed":0.0,"max_hp_gain":0.0,"max_hp_loss":0.0,"gold_gain":0.0,"event_name":"Winding Halls","player_choice":"Embrace Madness","floor":48.0,"gold_loss":0.0,"damage_taken":12.0,"cards_obtained":["Madness","Madness"]}],"is_beta":false,"boss_relics":[{"not_picked":["White Beast Statue","Tiny House"],"picked":"Empty Cage"},{"not_picked":["Cursed Key","Runic Dome"],"picked":"Sozu"}],"items_purged_floors":[13],"is_endless":false,"potions_floor_spawned":[2,3,7,14,23,28,35,39,45],"killed_by":"Awakened One","ascension_level":0}