{"gold_per_floor":[112,122,132,149,166,201,201,231,258,258,269,288,303,61,61,163,163,163,88,88,88,88,88,0,0,0,0],"floor_reached":27,"playtime":1275,"items_purged":[],"score":321,"play_id":"5b043cf3-6ed7-41c4-a693-0171028fe61a","local_time":"20181111003452","is_ascension_mode":true,"campfire_choices":[{"floor":7.0,"key":"REST"},{"floor":10.0,"key":"REST"},{"floor":15.0,"key":"DIG"},{"floor":23,"key":"DIG"},{"data":"Mayhem","floor":25,"key":"SMITH"}],"neow_cost":"PERCENT_DAMAGE","seed_source_timestamp":3291090445125633,"circlet_count":0,"master_deck":["Defend_G","Defend_G","Defend_G","Defend_G","Defend_G","Strike_G","Strike_G","Strike_G","Strike_G","Strike_G","Survivor","Neutralize","Mayhem+1","Discovery","Dodge and Roll","Blur","Dagger Spray","Tools of the Trade","Dagger Throw","Deadly Poison","Flying Knee","All Out Attack","Blur","Leg Sweep","Panache","A Thousand Cuts","Blade Dance+1","Noxious Fumes+1","Well Laid Plans"],"special_seed":0,"relics":["Ring of the Snake","Shovel","Mercury Hourglass","Anchor","Omamori","Ectoplasm","Tiny Chest","Tingsha"],"potions_floor_usage":[],"damage_taken":[{"damage":0.0,"enemies":"Cultist","floor":1.0,"turns":4.0},{"damage":0.0,"enemies":"2 Louse","floor":2.0,"turns":3.0},{"damage":0.0,"enemies":"Jaw Worm","floor":3.0,"turns":10.0},{"damage":0.0,"enemies":"Blue Slaver","floor":4.0,"turns":6.0},{"damage":10.0,"enemies":"3 Louse","floor":5.0,"turns":5.0},{"damage":22.0,"enemies":"3 Sentries","floor":6.0,"turns":7.0},{"damage":33.0,"enemies":"Gremlin Nob","floor":8.0,"turns":5.0},{"damage":0.0,"enemies":"2 Fungi Beasts","floor":11.0,"turns":3.0},{"damage":1.0,"enemies":"Red Slaver","floor":12.0,"turns":4.0},{"damage":0.0,"enemies":"Exordium Wildlife","floor":13.0,"turns":4.0},{"damage":6.0,"enemies":"Hexaghost","floor":16.0,"turns":9.0},{"damage":0.0,"enemies":"3 Byrds","floor":18.0,"turns":3.0},{"damage":5,"enemies":"2 Thieves","floor":19,"turns":4},{"damage":19,"enemies":"Snecko","floor":21,"turns":5},{"damage":14,"enemies":"Snake Plant","floor":22,"turns":5},{"damage":30,"enemies":"Slavers","floor":27,"turns":2}],"seed_played":"-112224972507378914","potions_obtained":[{"floor":1.0,"key":"Poison Potion"},{"floor":5.0,"key":"Swift Potion"},{"floor":11.0,"key":"SpeedPotion"},{"floor":13.0,"key":"SpeedPotion"},{"floor":16.0,"key":"Fruit Juice"}],"is_trial":false,"path_per_floor":["M","M","M","M","M","E","R","E","T","R","M","M","M","$","R","B",null,"M","M","?","M","M","R","?","R","T","E"],"character_chosen":"THE_SILENT","items_purchased":["Leg Sweep","Panache"],"campfire_rested":2,"item_purchase_floors":[14,14],"current_hp_per_floor":[45,45,45,45,35,13,34,1,1,22,22,21,21,21,21,20,61,61,56,56,37,23,23,23,23,23,0],"gold":0,"neow_bonus":"RANDOM_COLORLESS_2","is_prod":false,"is_daily":false,"chose_seed":false,"campfire_upgraded":1,"win_rate":0,"timestamp":1541921692,"path_taken":["M","M","M","?","M","E","R","E","T","R","M","?","M","$","R","BOSS","M","M","?","?","?","R","?","R","T","E"],"build_version":"2018-11-08","purchased_purges":0,"victory":false,"max_hp_per_floor":[70,70,70,70,70,70,70,70,70,70,70,70,70,70,70,75,75,75,75,75,75,75,75,75,75,75,75],"card_choices":[{"not_picked":["PiercingWail","Tactician"],"picked":"Dodge and Roll","floor":1.0},{"not_picked":["Dagger Spray","Slice"],"picked":"Blur","floor":2.0},{"not_picked":["Backflip","Dodge and Roll"],"picked":"Dagger Spray","floor":3.0},{"not_picked":["Poisoned Stab","Bane"],"picked":"Tools of the Trade","floor":4.0},{"not_picked":["Backflip","Masterful Stab"],"picked":"Dagger Throw","floor":5.0},{"not_picked":["Accuracy","Tactician"],"picked":"Deadly Poison","floor":6.0},{"not_picked":["Acrobatics","Dagger Throw"],"picked":"Flying Knee","floor":8.0},{"not_picked":["Deadly Poison","Poisoned Stab"],"picked":"All Out Attack","floor":11.0},{"not_picked":["Flying Knee","Cloak And Dagger"],"picked":"Blur","floor":12.0},{"not_picked":["Deflect","Concentrate","Bouncing Flask"],"picked":"SKIP","floor":13.0},{"not_picked":["Corpse Explosion","Malaise"],"picked":"A Thousand Cuts","floor":16.0},{"not_picked":["Sucker Punch","Skewer"],"picked":"Blade Dance+1","floor":18.0},{"not_picked":["PiercingWail","Reflex"],"picked":"Noxious Fumes+1","floor":19},{"not_picked":["Riddle With Holes+1","Flying Knee","Deflect"],"picked":"SKIP","floor":21},{"not_picked":["Dagger Spray","Blade Dance"],"picked":"Well Laid Plans","floor":22}],"player_experience":574475,"relics_obtained":[{"floor":6.0,"key":"Shovel"},{"floor":8.0,"key":"Mercury Hourglass"},{"floor":9.0,"key":"Anchor"},{"floor":15.0,"key":"Omamori"},{"floor":23,"key":"Tiny Chest"},{"floor":26,"key":"Tingsha"}],"event_choices":[{"damage_healed":0,"gold_gain":0,"player_choice":"Bought 0 Potions","damage_taken":0,"max_hp_gain":0,"max_hp_loss":0,"event_name":"The Woman in Blue","floor":20,"gold_loss":0},{"damage_healed":0,"gold_gain":0,"player_choice":"Paid Fearfully","damage_taken":0,"max_hp_gain":0,"max_hp_loss":0,"event_name":"Masked Bandits","floor":24,"gold_loss":88}],"is_beta":false,"boss_relics":[{"not_picked":["Calling Bell","Velvet Choker"],"picked":"Ectoplasm"}],"items_purged_floors":[],"is_endless":false,"potions_floor_spawned":[1,5,11,13,16],"killed_by":"Slavers","ascension_level":8}