{"gold_per_floor":[113,130,107,123,136,170,170,197,197,197,211,236,236,249,249,351,351,367,387,400,255,271,271,306,306,306,316,346,358,358,374,374,474,474,493,111,111,121,48,48,68,68,93,120,120,7,7,7,7,7],"floor_reached":51,"playtime":3240,"items_purged":["Strike_G","Strike_G"],"score":934,"play_id":"3158723d-81a1-47c9-abc9-b9582fbecb1d","local_time":"20190319174900","is_ascension_mode":true,"campfire_choices":[{"floor":7.0,"key":"REST"},{"floor":10.0,"key":"REST"},{"floor":15.0,"key":"REST"},{"floor":23.0,"key":"REST"},{"floor":25.0,"key":"REST"},{"floor":32.0,"key":"REST"},{"floor":40,"key":"REST"},{"floor":49,"key":"REST"}],"neow_cost":"NONE","seed_source_timestamp":0,"circlet_count":0,"master_deck":["Defend_G","Defend_G","Defend_G","Defend_G","Strike_G+1","Strike_G+1","Survivor","Neutralize","Bouncing Flask","Dagger Spray","Terror","Cloak And Dagger","Blur","Blur","PiercingWail","Dodge and Roll","Skewer","Corpse Explosion","Adrenaline","Caltrops","Noxious Fumes+1","Catalyst","Footwork","Dash","Cloak And Dagger","Calculated Gamble","Crippling Poison","Cloak And Dagger","Deadly Poison","Dodge and Roll+1","After Image","Caltrops","PiercingWail+1","Finisher+1","Footwork","Parasite","Caltrops","Leg Sweep+1","Footwork","Leg Sweep"],"special_seed":0,"relics":["Black Star","Strawberry","Happy Flower","Mercury Hourglass","Centennial Puzzle","Whetstone","Bag of Preparation","Prayer Wheel","Fusion Hammer","Pear","Kunai","Letter Opener","Smiling Mask","Bag of Marbles","Velvet Choker","Ninja Scroll","Oddly Smooth Stone","StoneCalendar","Meat on the Bone","Lantern"],"potions_floor_usage":[44,50,50,50],"damage_taken":[{"damage":0.0,"enemies":"Cultist","floor":1.0,"turns":4.0},{"damage":6.0,"enemies":"Jaw Worm","floor":2.0,"turns":5.0},{"damage":5.0,"enemies":"2 Louse","floor":4.0,"turns":2.0},{"damage":14.0,"enemies":"Large Slime","floor":5.0,"turns":8.0},{"damage":29.0,"enemies":"Lagavulin","floor":6.0,"turns":7.0},{"damage":38.0,"enemies":"3 Sentries","floor":8.0,"turns":12.0},{"damage":5.0,"enemies":"Exordium Thugs","floor":11.0,"turns":5.0},{"damage":14.0,"enemies":"Gremlin Nob","floor":12.0,"turns":4.0},{"damage":0.0,"enemies":"Lots of Slimes","floor":14.0,"turns":2.0},{"damage":4.0,"enemies":"Hexaghost","floor":16.0,"turns":9.0},{"damage":9.0,"enemies":"2 Thieves","floor":18.0,"turns":2.0},{"damage":2.0,"enemies":"3 Byrds","floor":19.0,"turns":2.0},{"damage":2.0,"enemies":"Cultist and Chosen","floor":20.0,"turns":4.0},{"damage":6.0,"enemies":"Centurion and Healer","floor":22.0,"turns":7.0},{"damage":16.0,"enemies":"Book of Stabbing","floor":24.0,"turns":5.0},{"damage":0.0,"enemies":"Snecko","floor":27.0,"turns":4.0},{"damage":35.0,"enemies":"Slavers","floor":28.0,"turns":4.0},{"damage":14.0,"enemies":"Snake Plant","floor":29.0,"turns":4.0},{"damage":10.0,"enemies":"Shelled Parasite and Fungi","floor":31.0,"turns":5.0},{"damage":50.0,"enemies":"Champ","floor":33.0,"turns":11.0},{"damage":0,"enemies":"Orb Walker","floor":35,"turns":3},{"damage":9,"enemies":"3 Darklings","floor":38,"turns":3},{"damage":4,"enemies":"Writhing Mass","floor":41,"turns":7},{"damage":14,"enemies":"Reptomancer","floor":44,"turns":6},{"damage":28,"enemies":"Time Eater","floor":50,"turns":14}],"seed_played":"2306962534022778353","potions_obtained":[{"floor":2.0,"key":"EssenceOfSteel"},{"floor":4.0,"key":"SpeedPotion"},{"floor":11.0,"key":"LiquidBronze"},{"floor":13.0,"key":"Explosive Potion"},{"floor":13.0,"key":"Poison Potion"},{"floor":14.0,"key":"Block Potion"},{"floor":16.0,"key":"Swift Potion"},{"floor":18.0,"key":"Ancient Potion"},{"floor":24.0,"key":"Fruit Juice"},{"floor":33.0,"key":"Poison Potion"},{"floor":38,"key":"GamblersBrew"},{"floor":44,"key":"EssenceOfSteel"}],"is_trial":false,"path_per_floor":["M","M","$","M","M","E","R","E","T","R","M","E","?","M","R","B",null,"M","M","M","$","M","R","E","R","T","M","E","M","?","M","R","B",null,"M","$","?","M","$","R","M","?","T","E","?","$","?","?","R","B",null],"character_chosen":"THE_SILENT","items_purchased":["Dagger Spray","Footwork","Ninja Scroll","Caltrops","Footwork","Footwork","Leg Sweep"],"campfire_rested":8,"item_purchase_floors":[3,21,36,36,39,46,46],"current_hp_per_floor":[70,64,64,59,45,23,46,8,8,31,26,12,12,12,35,31,66,57,55,53,53,47,70,69,92,92,92,57,43,43,33,60,10,72,72,72,72,63,63,90,86,86,86,72,72,72,72,72,87,59],"gold":7,"neow_bonus":"BOSS_RELIC","is_prod":false,"is_daily":false,"chose_seed":false,"campfire_upgraded":0,"win_rate":0,"timestamp":1553014140,"path_taken":["M","M","$","M","M","E","R","E","T","R","M","E","?","M","R","BOSS","M","M","?","$","M","R","E","R","T","M","E","M","?","M","R","BOSS","M","$","?","?","$","R","M","?","T","E","?","$","?","?","R","BOSS"],"build_version":"2019-01-23","purchased_purges":2,"victory":true,"max_hp_per_floor":[70,70,70,70,70,77,77,77,77,77,77,77,77,77,77,77,77,77,77,77,77,77,77,92,92,92,92,92,92,92,92,92,92,92,92,92,92,92,92,92,92,87,87,87,87,87,87,87,87,87],"card_choices":[{"not_picked":["Outmaneuver","Flying Knee"],"picked":"Bouncing Flask","floor":1.0},{"not_picked":["Acrobatics","Deflect","Heel Hook"],"picked":"SKIP","floor":2.0},{"not_picked":["Expertise","Deflect"],"picked":"Terror","floor":4.0},{"not_picked":["Accuracy","Outmaneuver"],"picked":"Cloak And Dagger","floor":5.0},{"not_picked":["Flying Knee","Night Terror"],"picked":"Blur","floor":6.0},{"not_picked":["Dagger Spray","Masterful Stab"],"picked":"Blur","floor":8.0},{"not_picked":["Poisoned Stab","Flying Knee"],"picked":"PiercingWail","floor":11.0},{"not_picked":["Underhanded Strike","Bane"],"picked":"Dodge and Roll","floor":12.0},{"not_picked":["Deadly Poison","Accuracy"],"picked":"Skewer","floor":14.0},{"not_picked":["Dagger Spray","Dagger Throw"],"picked":"Corpse Explosion","floor":14.0},{"not_picked":["Bullet Time","Grand Finale"],"picked":"Adrenaline","floor":16.0},{"not_picked":["Dodge and Roll+1","Choke"],"picked":"Caltrops","floor":18.0},{"not_picked":["Quick Slash","Blade Dance+1","Endless Agony"],"picked":"SKIP","floor":18.0},{"not_picked":["Dodge and Roll","Predator"],"picked":"Noxious Fumes+1","floor":19.0},{"not_picked":["Slice","Quick Slash","Poisoned Stab"],"picked":"SKIP","floor":19.0},{"not_picked":["Slice+1","Outmaneuver"],"picked":"Catalyst","floor":20.0},{"not_picked":["Prepared","Flying Knee+1","Heel Hook"],"picked":"SKIP","floor":20.0},{"not_picked":["Infinite Blades","Setup+1"],"picked":"Dash","floor":22.0},{"not_picked":["Dagger Throw+1","Infinite Blades+1"],"picked":"Cloak And Dagger","floor":22.0},{"not_picked":["Doppelganger","Riddle With Holes","Outmaneuver"],"picked":"SKIP","floor":24.0},{"not_picked":["Setup","Finisher"],"picked":"Calculated Gamble","floor":27.0},{"not_picked":["Infinite Blades","Blade Dance","Dagger Spray"],"picked":"SKIP","floor":27.0},{"not_picked":["Burst","Flying Knee"],"picked":"Crippling Poison","floor":28.0},{"not_picked":["Blur","Terror"],"picked":"Cloak And Dagger","floor":29.0},{"not_picked":["Bane","Accuracy+1"],"picked":"Deadly Poison","floor":29.0},{"not_picked":["Infinite Blades+1","Dagger Throw+1"],"picked":"Dodge and Roll+1","floor":31.0},{"not_picked":["Masterful Stab","Dagger Spray+1","Terror+1"],"picked":"SKIP","floor":31.0},{"not_picked":["Tools of the Trade","Corpse Explosion"],"picked":"After Image","floor":33.0},{"not_picked":["Dagger Spray+1","Underhanded Strike+1","Deflect+1"],"picked":"SKIP","floor":35},{"not_picked":["Bouncing Flask","Expertise","All Out Attack"],"picked":"SKIP","floor":35},{"not_picked":["Prepared","Sucker Punch"],"picked":"PiercingWail+1","floor":38},{"not_picked":["Distraction+1","Escape Plan+1"],"picked":"Finisher+1","floor":38},{"not_picked":["Prepared","Sucker Punch"],"picked":"Caltrops","floor":41},{"not_picked":["Deflect+1","Flechettes","Calculated Gamble+1"],"picked":"SKIP","floor":41},{"not_picked":["Slice+1","Blade Dance"],"picked":"Leg Sweep+1","floor":44}],"player_experience":215735,"relics_obtained":[{"floor":6.0,"key":"Strawberry"},{"floor":6.0,"key":"Happy Flower"},{"floor":8.0,"key":"Mercury Hourglass"},{"floor":8.0,"key":"Centennial Puzzle"},{"floor":9.0,"key":"Whetstone"},{"floor":12.0,"key":"Bag of Preparation"},{"floor":12.0,"key":"Prayer Wheel"},{"floor":24.0,"key":"Pear"},{"floor":24.0,"key":"Kunai"},{"floor":26.0,"key":"Letter Opener"},{"floor":28.0,"key":"Smiling Mask"},{"floor":28.0,"key":"Bag of Marbles"},{"floor":43,"key":"Oddly Smooth Stone"},{"floor":44,"key":"StoneCalendar"},{"floor":44,"key":"Meat on the Bone"},{"floor":48,"key":"Lantern"}],"event_choices":[{"damage_healed":0.0,"max_hp_gain":0.0,"max_hp_loss":0.0,"gold_gain":0.0,"event_name":"Lab","player_choice":"Got Potions","floor":13.0,"gold_loss":0.0,"damage_taken":0.0},{"damage_healed":0.0,"max_hp_gain":0.0,"max_hp_loss":0.0,"gold_gain":0.0,"event_name":"Vampires","player_choice":"Ignored","floor":30.0,"gold_loss":0.0,"damage_taken":0.0},{"cards_removed":["Strike_G"],"damage_healed":0,"gold_gain":0,"player_choice":"Purged","damage_taken":0,"max_hp_gain":0,"max_hp_loss":0,"event_name":"Purifier","floor":37,"gold_loss":0},{"damage_healed":0,"gold_gain":0,"player_choice":"Max HP","damage_taken":0,"max_hp_gain":0,"max_hp_loss":5,"event_name":"Winding Halls","floor":42,"gold_loss":0},{"damage_healed":0,"gold_gain":0,"player_choice":"Memory 1","damage_taken":0,"max_hp_gain":0,"max_hp_loss":0,"event_name":"SensoryStone","floor":45,"gold_loss":0},{"cards_removed":["Defend_G"],"damage_healed":0,"gold_gain":0,"player_choice":"Removed Skill","damage_taken":0,"max_hp_gain":0,"max_hp_loss":0,"event_name":"Falling","floor":47,"gold_loss":0},{"damage_healed":0,"gold_gain":0,"player_choice":"Relic","damage_taken":0,"max_hp_gain":0,"max_hp_loss":0,"event_name":"Wheel of Change","floor":48,"gold_loss":0}],"is_beta":false,"boss_relics":[{"not_picked":["Orrery","WristBlade"],"picked":"Fusion Hammer"},{"not_picked":["Lizard Tail","Busted Crown"],"picked":"Velvet Choker"}],"items_purged_floors":[21,36],"is_endless":false,"potions_floor_spawned":[2,4,11,14,16,18,22,24,33,38,44],"ascension_level":5}