{"gold_per_floor":[16,16,16,31,51,51,61,61,61,86,26,39,39,39,39,135,135,155,155,168,88,102,102,116,16,40,40,60,60,72,82,82,82],"floor_reached":33,"playtime":1077,"items_purged":["Strike_R","Strike_R","Strike_R"],"score":249,"play_id":"fe516654-c336-413b-b437-43f01a4bafe6","local_time":"20180713020945","is_ascension_mode":false,"campfire_choices":[{"data":"Dropkick","floor":6,"key":"SMITH"},{"data":"Flex","floor":8,"key":"SMITH"},{"floor":15,"key":"REST"},{"data":"Bash","floor":23,"key":"SMITH"},{"floor":27,"key":"REST"},{"floor":29,"key":"REST"},{"data":"Rampage","floor":32,"key":"SMITH"}],"neow_cost":"NO_GOLD","seed_source_timestamp":1773016702190,"circlet_count":0,"master_deck":["Defend_R","Defend_R","Defend_R","Bash+1","Dropkick+1","Flex+1","Rampage+1"],"relics":["Burning Blood","Gremlin Horn","The Courier","Runic Cube","Bag of Marbles"],"potions_floor_usage":[10,16,16,22,28,33],"damage_taken":[{"damage":0,"enemies":"2 Louse","floor":1,"turns":3},{"damage":10,"enemies":"Cultist","floor":4,"turns":4},{"damage":6,"enemies":"Jaw Worm","floor":5,"turns":3},{"damage":31,"enemies":"Gremlin Gang","floor":7,"turns":4},{"damage":28,"enemies":"3 Sentries","floor":10,"turns":9},{"damage":11,"enemies":"Red Slaver","floor":12,"turns":4},{"damage":49,"enemies":"Hexaghost","floor":16,"turns":9},{"damage":0,"enemies":"Chosen","floor":18,"turns":4},{"damage":25,"enemies":"2 Thieves","floor":20,"turns":3},{"damage":28,"enemies":"Chosen and Byrds","floor":22,"turns":5},{"damage":16,"enemies":"Centurion and Healer","floor":24,"turns":5},{"damage":28,"enemies":"Slaver and Parasite","floor":28,"turns":4},{"damage":8,"enemies":"Snecko","floor":30,"turns":4},{"damage":16,"enemies":"Snake Plant","floor":31,"turns":2},{"damage":54,"enemies":"Collector","floor":33,"turns":6}],"seed_played":"-4663287672196832520","potions_obtained":[{"floor":5,"key":"Explosive Potion"},{"floor":12,"key":"AttackPotion"},{"floor":13,"key":"Explosive Potion"},{"floor":13,"key":"LiquidBronze"},{"floor":20,"key":"Ancient Potion"},{"floor":24,"key":"Swift Potion"},{"floor":30,"key":"SteroidPotion"},{"floor":31,"key":"Dexterity Potion"}],"is_trial":false,"path_per_floor":["M","$","?","M","M","R","M","R","T","E","$","M","?","$","R","B",null,"M","?","M","$","M","R","M","$","T","R","M","R","M","M","R"],"character_chosen":"IRONCLAD","items_purchased":[],"campfire_rested":3,"item_purchase_floors":[],"current_hp_per_floor":[80,80,80,76,76,76,51,51,51,29,29,24,24,24,48,17,80,80,65,46,46,24,24,14,14,14,39,17,42,40,30,30,0],"gold":82,"neow_bonus":"REMOVE_TWO","is_prod":false,"is_daily":false,"chose_seed":false,"campfire_upgraded":4,"win_rate":0,"timestamp":1531469385,"path_taken":["M","$","?","M","M","R","M","R","T","E","$","M","?","?","R","BOSS","M","?","?","$","M","R","M","$","T","R","M","R","?","M","R","BOSS"],"build_version":"2018-07-12","purchased_purges":3,"victory":false,"max_hp_per_floor":[80,80,80,80,80,80,80,80,80,80,80,80,80,80,80,80,80,80,85,85,85,85,85,85,85,85,85,85,85,85,85,85,85],"card_choices":[{"not_picked":["Clash","Rage","Warcry"],"picked":"SKIP","floor":1},{"not_picked":["Pommel Strike","Havoc"],"picked":"Dropkick","floor":4},{"not_picked":["Clothesline","Rage"],"picked":"Flex","floor":5},{"not_picked":["Heavy Blade","Cleave","Sever Soul"],"picked":"SKIP","floor":7},{"not_picked":["Cleave","Bludgeon","Clothesline"],"picked":"SKIP","floor":10},{"not_picked":["Entrench","Perfected Strike","Cleave"],"picked":"SKIP","floor":12},{"not_picked":["Headbutt","Rupture"],"picked":"Rampage","floor":18},{"not_picked":["Iron Wave","Anger","Disarm"],"picked":"SKIP","floor":20},{"not_picked":["Flex","Entrench","Searing Blow+1"],"picked":"SKIP","floor":22},{"not_picked":["Power Through","Wild Strike","Hemokinesis"],"picked":"SKIP","floor":24},{"not_picked":["Heavy Blade","Shockwave","Iron Wave"],"picked":"SKIP","floor":28},{"not_picked":["Anger","Fiend Fire","Metallicize"],"picked":"SKIP","floor":30},{"not_picked":["Wild Strike+1","Cleave","Sword Boomerang"],"picked":"SKIP","floor":31}],"player_experience":190963,"relics_obtained":[{"floor":9,"key":"Gremlin Horn"},{"floor":10,"key":"The Courier"},{"floor":26,"key":"Bag of Marbles"}],"event_choices":[{"event_name":"Purifier","player_choice":"One Purge","floor":3,"damage_taken":0},{"event_name":"The Lab","player_choice":"Got Potions","floor":13,"damage_taken":0},{"event_name":"Forgotten Altar","player_choice":"Shed Blood","floor":19,"damage_taken":0}],"boss_relics":[{"not_picked":["Philosopher\u0027s Stone","Runic Pyramid"],"picked":"Runic Cube"}],"items_purged_floors":[11,21,25],"is_endless":false,"potions_floor_spawned":[5,12,20,24,30,31],"killed_by":"Collector","ascension_level":0}