{"gold_per_floor":[116,291,291,90,110,143,143,30,57,57,57,57,87,104,104,209,209,225,241,241,107,124,151,151,151,151,165,176,176,176,188,188,188],"floor_reached":33,"playtime":1630,"items_purged":["Doubt","Strike_G"],"score":323,"play_id":"0be166c6-16e2-446c-bc31-9e3693f50fcf","local_time":"20190307194459","is_ascension_mode":false,"campfire_choices":[{"data":"Accuracy","floor":7,"key":"SMITH"},{"data":"Blade Dance","floor":15,"key":"SMITH"},{"floor":24,"key":"REST"},{"floor":30,"key":"REST"},{"floor":32,"key":"REST"}],"neow_cost":"NONE","seed_source_timestamp":191698615558222,"circlet_count":0,"master_deck":["Defend_G","Defend_G","Defend_G","Defend_G","Strike_G","Strike_G","Strike_G","Survivor","Neutralize","Poisoned Stab","Accuracy+1","Blade Dance+1","Finisher","Deflect","Accuracy","Blur","Backstab","Deflect","Accuracy+1","Footwork"],"relics":["Ring of the Snake","NeowsBlessing","Torii","Gremlin Horn","Vajra","Singing Bowl","Lizard Tail","Lantern","Darkstone Periapt"],"potions_floor_usage":[22,28,31,31],"damage_taken":[{"damage":0,"enemies":"2 Louse","floor":1,"turns":1},{"damage":0,"enemies":"Cultist","floor":5,"turns":1},{"damage":0,"enemies":"Gremlin Nob","floor":6,"turns":1},{"damage":11,"enemies":"3 Sentries","floor":13,"turns":7},{"damage":0,"enemies":"Small Slimes","floor":14,"turns":2},{"damage":28,"enemies":"The Guardian","floor":16,"turns":8},{"damage":6,"enemies":"3 Byrds","floor":18,"turns":6},{"damage":12,"enemies":"Spheric Guardian","floor":19,"turns":4},{"damage":7,"enemies":"Chosen and Byrds","floor":22,"turns":7},{"damage":36,"enemies":"Gremlin Leader","floor":23,"turns":5},{"damage":37,"enemies":"Snake Plant","floor":27,"turns":5},{"damage":27,"enemies":"3 Cultists","floor":28,"turns":6},{"damage":16,"enemies":"Shelled Parasite and Fungi","floor":31,"turns":5},{"damage":95,"enemies":"Collector","floor":33,"turns":5}],"seed_played":"-5958433400781814181","potions_obtained":[{"floor":13,"key":"Dexterity Potion"},{"floor":16,"key":"GhostInAJar"},{"floor":19,"key":"AttackPotion"},{"floor":22,"key":"Poison Potion"}],"is_trial":false,"path_per_floor":["?","?","M","$","?","?","?","T","?","M","M","?"],"character_chosen":"THE_SILENT","items_purchased":["Accuracy","Blade Dance","Accuracy","Blur","Accuracy"],"campfire_rested":3,"item_purchase_floors":[4,4,8,8,21],"current_hp_per_floor":[70,70,70,70,70,70,70,70,70,75,75,75,66,68,68,42,81,77,65,65,65,60,24,49,49,49,14,45,45,71,57,84,0],"gold":188,"neow_bonus":"THREE_ENEMY_KILL","is_prod":false,"is_daily":false,"chose_seed":false,"campfire_upgraded":2,"win_rate":0,"timestamp":1551984299,"path_taken":["M","?","?","$","?","E","R","?","T","?","?","?","E","M","R","BOSS","M","M","?","$","M","E","R","?","T","?","?","?","R","M","R","BOSS"],"build_version":"2019-01-23","purchased_purges":2,"victory":false,"max_hp_per_floor":[70,70,70,70,70,70,70,70,70,75,75,75,77,79,79,81,81,83,83,83,83,85,85,85,85,85,87,89,89,89,91,91,91],"card_choices":[{"not_picked":["Flying Knee","Backstab"],"picked":"Poisoned Stab","floor":1},{"not_picked":["Outmaneuver","Poisoned Stab"],"picked":"Finisher","floor":5},{"not_picked":["Terror","PiercingWail"],"picked":"Deflect","floor":6},{"not_picked":["Corpse Explosion","Blur","PiercingWail"],"picked":"Singing Bowl","floor":13},{"not_picked":["Terror","PiercingWail","Outmaneuver"],"picked":"Singing Bowl","floor":14},{"not_picked":["Glass Knife","Unload","Malaise"],"picked":"Singing Bowl","floor":16},{"not_picked":["Dagger Throw","Underhanded Strike","Prepared"],"picked":"Singing Bowl","floor":18},{"not_picked":["Sucker Punch+1","PiercingWail+1"],"picked":"Deflect","floor":19},{"not_picked":["Quick Slash","Leg Sweep","Bane"],"picked":"Singing Bowl","floor":22},{"not_picked":["PiercingWail","Bullet Time"],"picked":"Footwork","floor":23},{"not_picked":["Heel Hook","Deadly Poison","PiercingWail"],"picked":"Singing Bowl","floor":27},{"not_picked":["Slice","Dagger Spray+1","Flying Knee"],"picked":"Singing Bowl","floor":28},{"not_picked":["Poisoned Stab","Deadly Poison+1","Skewer"],"picked":"Singing Bowl","floor":31}],"player_experience":166834,"relics_obtained":[{"floor":3,"key":"Torii"},{"floor":6,"key":"Gremlin Horn"},{"floor":9,"key":"Vajra"},{"floor":13,"key":"Singing Bowl"},{"floor":23,"key":"Lantern"},{"floor":26,"key":"Darkstone Periapt"}],"event_choices":[{"damage_healed":0,"gold_gain":175,"player_choice":"AGREE","damage_taken":0,"max_hp_gain":0,"max_hp_loss":0,"event_name":"Liars Game","floor":2,"gold_loss":0,"cards_obtained":["Doubt"]},{"damage_healed":0,"gold_gain":0,"player_choice":"Relic","damage_taken":0,"max_hp_gain":0,"max_hp_loss":0,"event_name":"Wheel of Change","floor":3,"gold_loss":0},{"damage_healed":0,"gold_gain":0,"player_choice":"Donut","damage_taken":0,"max_hp_gain":5,"max_hp_loss":0,"event_name":"Big Fish","floor":10,"gold_loss":0},{"cards_removed":["Strike_G"],"damage_healed":0,"gold_gain":0,"player_choice":"Forget","damage_taken":0,"max_hp_gain":0,"max_hp_loss":0,"event_name":"Living Wall","floor":11,"gold_loss":0},{"damage_healed":0,"gold_gain":0,"cards_transformed":["Defend_G"],"player_choice":"Transformed","damage_taken":0,"max_hp_gain":0,"max_hp_loss":0,"event_name":"Transmorgrifier","floor":12,"gold_loss":0,"cards_obtained":["Backstab"]},{"damage_healed":0,"gold_gain":0,"player_choice":"Bought 0 Potions","damage_taken":0,"max_hp_gain":0,"max_hp_loss":0,"event_name":"The Woman in Blue","floor":25,"gold_loss":0},{"damage_healed":0,"gold_gain":0,"player_choice":"Upgraded","damage_taken":0,"max_hp_gain":0,"max_hp_loss":0,"event_name":"Upgrade Shrine","floor":29,"gold_loss":0,"cards_upgraded":["Accuracy"]}],"is_beta":false,"boss_relics":[{"not_picked":["White Beast Statue","Coffee Dripper"],"picked":"Lizard Tail"}],"items_purged_floors":[4,21],"is_endless":false,"potions_floor_spawned":[13,16,19,22,23],"killed_by":"Collector","ascension_level":0}