{"gold_per_floor":[113,22,40,40,56,90,102,102,102,102,135,150,150,167,167,269,269,289,214,214,226,325,325],"floor_reached":23,"playtime":654,"items_purged":[],"score":241,"play_id":"e883ae0b-20a0-449d-81b0-d01bc82eebd0","local_time":"20190316190350","is_ascension_mode":true,"campfire_choices":[{"floor":8,"key":"REST"},{"data":"Endless Agony","floor":10,"key":"SMITH"},{"floor":15,"key":"REST"}],"neow_cost":"NONE","seed_source_timestamp":153361906615194,"circlet_count":0,"master_deck":["Defend_G","Defend_G","Defend_G","Defend_G","Defend_G","Strike_G","Strike_G+1","Strike_G","Strike_G","Survivor","Neutralize","Slice","Infinite Blades","Slice+1","Riddle With Holes","Pain","Flying Knee","Endless Agony+1","Noxious Fumes","Infinite Blades","Backflip","Storm of Steel","Endless Agony","Blade Dance","Deflect","Dagger Spray+1"],"relics":["Ring of the Snake","NeowsBlessing","WarpedTongs","Whetstone","Bronze Scales","Bottled Tornado","Singing Bowl","Orrery","Oddly Smooth Stone"],"potions_floor_usage":[16],"damage_taken":[{"damage":0,"enemies":"2 Louse","floor":1,"turns":1},{"damage":0,"enemies":"Cultist","floor":3,"turns":1},{"damage":0,"enemies":"Jaw Worm","floor":5,"turns":1},{"damage":22,"enemies":"3 Sentries","floor":6,"turns":7},{"damage":14,"enemies":"2 Fungi Beasts","floor":7,"turns":3},{"damage":13,"enemies":"Lagavulin","floor":11,"turns":6},{"damage":24,"enemies":"Large Slime","floor":12,"turns":4},{"damage":9,"enemies":"Looter","floor":14,"turns":3},{"damage":5,"enemies":"Hexaghost","floor":16,"turns":9},{"damage":28,"enemies":"Shell Parasite","floor":18,"turns":4},{"damage":33,"enemies":"2 Thieves","floor":21,"turns":4},{"damage":0,"enemies":"Slavers","floor":23,"turns":1}],"seed_played":"-1160583684924095","potions_obtained":[{"floor":6,"key":"Block Potion"},{"floor":7,"key":"Swift Potion"},{"floor":11,"key":"Block Potion"},{"floor":14,"key":"AttackPotion"},{"floor":16,"key":"FearPotion"}],"is_trial":false,"path_per_floor":["?","M","T","?","?","?"],"character_chosen":"THE_SILENT","items_purchased":["Infinite Blades","Slice"],"campfire_rested":2,"item_purchase_floors":[2,2],"current_hp_per_floor":[70,70,70,70,70,48,34,55,55,55,42,18,18,9,30,25,74,46,46,46,15,15,15],"gold":325,"neow_bonus":"THREE_ENEMY_KILL","is_prod":false,"is_daily":false,"chose_seed":false,"campfire_upgraded":1,"win_rate":0,"timestamp":1552759430,"path_taken":["M","$","M","?","?","E","M","R","T","R","E","M","?","M","R","BOSS","M","?","?","M","?","E"],"build_version":"2019-01-23","purchased_purges":0,"victory":false,"max_hp_per_floor":[70,70,70,70,70,70,70,70,70,70,70,70,70,70,70,70,74,74,74,74,76,76,76],"card_choices":[{"not_picked":["Acrobatics","Underhanded Strike"],"picked":"Slice","floor":1},{"not_picked":["Bane","Concentrate"],"picked":"Riddle With Holes","floor":3},{"not_picked":["Poisoned Stab","Malaise"],"picked":"Flying Knee","floor":5},{"not_picked":["Bane","Poisoned Stab"],"picked":"Endless Agony","floor":6},{"not_picked":["Deflect","PiercingWail"],"picked":"Noxious Fumes","floor":7},{"not_picked":["Tactician","Crippling Poison","Leg Sweep"],"picked":"SKIP","floor":11},{"not_picked":["Blur","Sucker Punch"],"picked":"Infinite Blades","floor":12},{"not_picked":["Malaise","Quick Slash"],"picked":"Backflip","floor":14},{"not_picked":["Tools of the Trade","Grand Finale"],"picked":"Storm of Steel","floor":16},{"not_picked":["Acrobatics","Underhanded Strike"],"picked":"Endless Agony","floor":17},{"not_picked":["Deflect","Bane"],"picked":"Blade Dance","floor":17},{"not_picked":["Eviscerate","Footwork","Quick Slash"],"picked":"Singing Bowl","floor":17},{"not_picked":["Burst","Backflip"],"picked":"Deflect","floor":17},{"not_picked":["Outmaneuver","Sucker Punch","Catalyst"],"picked":"Singing Bowl","floor":17},{"not_picked":["Dagger Throw+1","Dodge and Roll"],"picked":"Dagger Spray+1","floor":18},{"not_picked":["Underhanded Strike","Acrobatics","Flying Knee"],"picked":"Singing Bowl","floor":21}],"player_experience":350965,"relics_obtained":[{"floor":6,"key":"Whetstone"},{"floor":9,"key":"Bronze Scales"},{"floor":11,"key":"Bottled Tornado"},{"floor":13,"key":"Singing Bowl"}],"event_choices":[{"damage_healed":0,"gold_gain":0,"player_choice":"Rummage","damage_taken":0,"relics_obtained":["WarpedTongs"],"max_hp_gain":0,"max_hp_loss":0,"event_name":"Accursed Blacksmith","floor":4,"gold_loss":0,"cards_obtained":["Pain"]},{"cards_removed":["Strike_G"],"damage_healed":0,"gold_gain":0,"player_choice":"Gave Gold","damage_taken":0,"max_hp_gain":0,"max_hp_loss":0,"event_name":"Beggar","floor":19,"gold_loss":75},{"damage_healed":0,"gold_gain":0,"player_choice":"Opened","damage_taken":0,"relics_obtained":["Oddly Smooth Stone"],"max_hp_gain":0,"max_hp_loss":0,"event_name":"The Mausoleum","floor":20,"gold_loss":0},{"damage_healed":0,"gold_gain":99,"player_choice":"Stole From Cult","damage_taken":0,"max_hp_gain":0,"max_hp_loss":0,"event_name":"Nest","floor":22,"gold_loss":0}],"is_beta":false,"boss_relics":[{"not_picked":["Black Star","Philosopher\u0027s Stone"],"picked":"Orrery"}],"items_purged_floors":[],"is_endless":false,"potions_floor_spawned":[6,7,11,12,14,16,18],"killed_by":"Slavers","ascension_level":4}