{"gold_per_floor":[112,130,149,149,159,186,186,151,151,176,176,199,199,219,219,219],"floor_reached":16,"playtime":1126,"items_purged":[],"score":104,"play_id":"a25ac043-d9f2-4ad7-a81b-673c8d44f7cd","local_time":"20190307012511","is_ascension_mode":false,"campfire_choices":[{"floor":13,"key":"REST"},{"floor":15,"key":"REST"}],"neow_cost":"NONE","seed_source_timestamp":861317928529518,"circlet_count":0,"master_deck":["Strike_B","Strike_B","Strike_B","Defend_B","Defend_B+1","Defend_B+1","Defend_B","Zap","Dualcast","Thunder Strike","BootSequence","Cold Snap","Gash","Reprogram","Chaos","Redo","Injury","Undo","Double Energy","Creative AI"],"relics":["Cracked Core","Nunchaku","Golden Idol","Kunai"],"potions_floor_usage":[6,6,16],"damage_taken":[{"damage":6,"enemies":"Cultist","floor":1,"turns":3},{"damage":2,"enemies":"2 Louse","floor":2,"turns":3},{"damage":0,"enemies":"Small Slimes","floor":3,"turns":3},{"damage":11,"enemies":"2 Fungi Beasts","floor":5,"turns":3},{"damage":12,"enemies":"Gremlin Nob","floor":6,"turns":5},{"damage":23,"enemies":"Large Slime","floor":10,"turns":7},{"damage":21,"enemies":"Exordium Wildlife","floor":12,"turns":5},{"damage":13,"enemies":"Red Slaver","floor":14,"turns":4},{"damage":43,"enemies":"The Guardian","floor":16,"turns":11}],"seed_played":"-93088651964186941","potions_obtained":[{"floor":1,"key":"Weak Potion"},{"floor":2,"key":"Poison Potion"},{"floor":6,"key":"SteroidPotion"}],"is_trial":false,"path_per_floor":["M","M","M","?","M","E","?","?","T","M","?","M","R","M","R","B"],"character_chosen":"DEFECT","items_purchased":[],"campfire_rested":2,"item_purchase_floors":[],"current_hp_per_floor":[69,67,67,67,56,44,44,62,62,39,24,3,25,12,34,0],"gold":219,"neow_bonus":"ONE_RANDOM_RARE_CARD","is_prod":false,"is_daily":false,"chose_seed":false,"campfire_upgraded":0,"win_rate":0,"timestamp":1551932711,"path_taken":["M","M","?","?","M","E","?","?","T","M","?","M","R","M","R","BOSS"],"build_version":"2019-01-23","purchased_purges":0,"victory":false,"max_hp_per_floor":[75,75,75,75,75,75,75,75,75,75,75,75,75,75,75,75],"card_choices":[{"not_picked":["FTL","Coolheaded"],"picked":"BootSequence","floor":1},{"not_picked":["Streamline","Hologram"],"picked":"Cold Snap","floor":2},{"not_picked":["Force Field","Beam Cell"],"picked":"Gash","floor":3},{"not_picked":["Reprogram","Stack"],"picked":"Chaos","floor":5},{"not_picked":["Consume","Streamline"],"picked":"Redo","floor":6},{"not_picked":["Loop","Skim"],"picked":"Undo","floor":10},{"not_picked":["Beam Cell","Hologram"],"picked":"Double Energy","floor":12},{"not_picked":["Beam Cell","Redo"],"picked":"Creative AI","floor":14}],"player_experience":11081,"relics_obtained":[{"floor":6,"key":"Nunchaku"},{"floor":9,"key":"Kunai"}],"event_choices":[{"damage_healed":0,"gold_gain":0,"cards_transformed":["Strike_B"],"player_choice":"Change","damage_taken":0,"max_hp_gain":0,"max_hp_loss":0,"event_name":"Living Wall","floor":4,"gold_loss":0,"cards_obtained":["Reprogram"]},{"damage_healed":0,"gold_gain":0,"player_choice":"Take Wound","damage_taken":0,"relics_obtained":["Golden Idol"],"max_hp_gain":0,"max_hp_loss":0,"event_name":"Golden Idol","floor":7,"gold_loss":0,"cards_obtained":["Injury"]},{"damage_healed":18,"gold_gain":0,"player_choice":"Healed","damage_taken":0,"max_hp_gain":0,"max_hp_loss":0,"event_name":"The Cleric","floor":8,"gold_loss":35},{"damage_healed":0,"gold_gain":0,"player_choice":"Entered Light","damage_taken":15,"max_hp_gain":0,"max_hp_loss":0,"event_name":"Shining Light","floor":11,"gold_loss":0,"cards_upgraded":["Defend_B","Defend_B"]}],"is_beta":false,"boss_relics":[],"items_purged_floors":[],"is_endless":false,"potions_floor_spawned":[1,2,6],"killed_by":"The Guardian","ascension_level":0}