{"gold_per_floor":[111,111,122,138,138,138,173,184,209,209,225,225,245,273,273,376,376,386,121,135,235,235,235,248,248,295,295,315,315,334,1,1,106,106,117,117,128,140,140],"floor_reached":39,"playtime":3784,"items_purged":[],"score":468,"play_id":"c5bce7cf-eca7-473e-a103-7b6cc29bcf3c","local_time":"20190127204551","is_ascension_mode":false,"campfire_choices":[{"floor":6.0,"key":"REST"},{"floor":10.0,"key":"REST"},{"data":"Clash","floor":15.0,"key":"SMITH"},{"floor":23,"key":"REST"},{"floor":25,"key":"REST"},{"floor":29,"key":"REST"},{"floor":32,"key":"REST"}],"neow_cost":"","seed_source_timestamp":0,"circlet_count":0,"master_deck":["Strike_R","Strike_R","Strike_R","Strike_R","Strike_R","Defend_R","Defend_R+1","Defend_R","Defend_R","Bash+1","Twin Strike+1","Sever Soul","Clothesline","Clash+1","Feed","Clothesline","Anger","Headbutt","Berserk","Flex","Pommel Strike","Sword Boomerang","Secret Weapon","Dual Wield","Perfected Strike","Anger","Necronomicurse","Headbutt","Battle Trance+1","Clash","Shrug It Off","Apotheosis","Bludgeon","Inflame+1","Writhe","Clash+1","Clash+1"],"special_seed":0,"relics":["Burning Blood","Bag of Marbles","Juzu Bracelet","Pen Nib","Black Star","Pantograph","Nloth\u0027s Gift","Red Skull","Necronomicon","Eternal Feather"],"potions_floor_usage":[21,21,21,28],"damage_taken":[{"damage":12.0,"enemies":"2 Louse","floor":1.0,"turns":3.0},{"damage":0.0,"enemies":"Cultist","floor":3.0,"turns":2.0},{"damage":10.0,"enemies":"Small Slimes","floor":4.0,"turns":3.0},{"damage":49.0,"enemies":"3 Sentries","floor":7.0,"turns":7.0},{"damage":7.0,"enemies":"Exordium Thugs","floor":8.0,"turns":3.0},{"damage":0.0,"enemies":"Looter","floor":11.0,"turns":1.0},{"damage":12.0,"enemies":"Blue Slaver","floor":13.0,"turns":2.0},{"damage":0.0,"enemies":"Gremlin Nob","floor":14.0,"turns":2.0},{"damage":56.0,"enemies":"The Guardian","floor":16.0,"turns":6.0},{"damage":10,"enemies":"Chosen","floor":18,"turns":2},{"damage":10,"enemies":"Spheric Guardian","floor":20,"turns":3},{"damage":48,"enemies":"Colosseum Slavers","floor":21,"turns":4},{"damage":32,"enemies":"Colosseum Nobs","floor":21,"turns":4},{"damage":44,"enemies":"Centurion and Healer","floor":24,"turns":6},{"damage":6,"enemies":"Cultist and Chosen","floor":28,"turns":2},{"damage":37,"enemies":"Snake Plant","floor":30,"turns":3},{"damage":56,"enemies":"Champ","floor":33,"turns":8},{"damage":54,"enemies":"3 Darklings","floor":35,"turns":6},{"damage":10,"enemies":"Orb Walker","floor":37,"turns":2},{"damage":17,"enemies":"3 Darklings","floor":38,"turns":3},{"damage":48,"enemies":"Writhing Mass","floor":39,"turns":1}],"seed_played":"-8892178670515425824","potions_obtained":[{"floor":1.0,"key":"Dexterity Potion"},{"floor":7.0,"key":"BloodPotion"},{"floor":8.0,"key":"FearPotion"},{"floor":12.0,"key":"BloodPotion"},{"floor":12.0,"key":"Explosive Potion"},{"floor":20,"key":"PowerPotion"},{"floor":24,"key":"SkillPotion"},{"floor":30,"key":"Explosive Potion"},{"floor":37,"key":"Fire Potion"},{"floor":38,"key":"Ancient Potion"}],"is_trial":false,"path_per_floor":["?","M","?","?","?","?","?","?"],"character_chosen":"IRONCLAD","items_purchased":["Pommel Strike","Sword Boomerang","Secret Weapon","BloodPotion","Clash","Shrug It Off","Apotheosis"],"campfire_rested":6,"item_purchase_floors":[19,19,19,31,31,31,31],"current_hp_per_floor":[74,74,80,76,60,80,37,36,36,60,77,77,71,80,80,30,86,82,82,78,21,21,47,9,35,35,19,19,45,14,14,40,15,89,41,63,59,48,0],"gold":140,"neow_bonus":"","is_prod":false,"is_daily":false,"chose_seed":false,"campfire_upgraded":1,"win_rate":0.0,"timestamp":1548618351,"path_taken":["M","?","?","M","?","R","E","M","T","R","M","?","M","E","R","BOSS","M","$","M","?","?","R","M","R","T","?","M","R","M","$","R","BOSS","M","?","M","M","M"],"build_version":"2019-01-23","purchased_purges":0,"victory":false,"max_hp_per_floor":[80,80,80,80,80,80,80,80,80,80,83,83,83,86,86,86,86,86,86,86,89,89,89,89,89,89,89,89,89,89,89,89,89,89,89,89,89,89,89],"card_choices":[{"not_picked":["Power Through","Perfected Strike"],"picked":"Twin Strike","floor":1.0},{"not_picked":["Rupture","Fire Breathing"],"picked":"Sever Soul","floor":3.0},{"not_picked":["Twin Strike","Sever Soul"],"picked":"Clothesline","floor":4.0},{"not_picked":["Seeing Red","Clothesline"],"picked":"Clash","floor":7.0},{"not_picked":["Twin Strike","Armaments"],"picked":"Feed","floor":8.0},{"not_picked":["Armaments","Burning Pact"],"picked":"Clothesline","floor":11.0},{"not_picked":["Pummel","Ghostly Armor"],"picked":"Anger","floor":13.0},{"not_picked":["Intimidate","Perfected Strike"],"picked":"Headbutt","floor":14.0},{"not_picked":["Feed","Offering"],"picked":"Berserk","floor":16.0},{"not_picked":["Sword Boomerang","Hemokinesis+1"],"picked":"Flex","floor":18},{"not_picked":["Headbutt","Second Wind+1"],"picked":"Dual Wield","floor":20},{"not_picked":["Warcry","True Grit"],"picked":"Perfected Strike","floor":21},{"not_picked":["Barricade","Fiend Fire"],"picked":"Anger","floor":24},{"not_picked":["Sword Boomerang+1","Burning Pact"],"picked":"Headbutt","floor":28},{"not_picked":["Clash","Demon Form"],"picked":"Battle Trance+1","floor":30},{"not_picked":["Demon Form","Double Tap"],"picked":"Bludgeon","floor":33},{"not_picked":["Clothesline+1","Iron Wave+1"],"picked":"Inflame+1","floor":35},{"not_picked":["Dark Embrace","Warcry"],"picked":"Clash+1","floor":37},{"not_picked":["Clothesline","Inflame+1"],"picked":"Clash+1","floor":38}],"player_experience":0,"relics_obtained":[{"floor":7.0,"key":"Bag of Marbles"},{"floor":9.0,"key":"Juzu Bracelet"},{"floor":14.0,"key":"Pen Nib"},{"floor":21,"key":"Thread and Needle"},{"floor":21,"key":"Pantograph"},{"floor":26,"key":"Red Skull"},{"floor":27,"key":"Necronomicon"}],"event_choices":[{"damage_healed":0.0,"max_hp_gain":0.0,"max_hp_loss":0.0,"gold_gain":0.0,"event_name":"Upgrade Shrine","player_choice":"Upgraded","floor":2.0,"gold_loss":0.0,"damage_taken":0.0,"cards_upgraded":["Twin Strike"]},{"damage_healed":0.0,"max_hp_gain":0.0,"max_hp_loss":0.0,"gold_gain":0.0,"event_name":"Shining Light","player_choice":"Entered Light","floor":5.0,"gold_loss":0.0,"damage_taken":16.0,"cards_upgraded":["Defend_R","Bash"]},{"damage_healed":0.0,"max_hp_gain":0.0,"max_hp_loss":0.0,"gold_gain":0.0,"event_name":"Lab","player_choice":"Got Potions","floor":12.0,"gold_loss":0.0,"damage_taken":0.0},{"damage_healed":0,"gold_gain":0,"player_choice":"Fight","damage_taken":0,"max_hp_gain":0,"max_hp_loss":0,"event_name":"Colosseum","floor":21,"gold_loss":0},{"damage_healed":0,"gold_gain":0,"player_choice":"Fought Nobs","damage_taken":0,"max_hp_gain":0,"max_hp_loss":0,"event_name":"Colosseum","floor":21,"gold_loss":0},{"damage_healed":0,"gold_gain":0,"player_choice":"Traded Relic","damage_taken":0,"relics_obtained":["Nloth\u0027s Gift"],"max_hp_gain":0,"max_hp_loss":0,"event_name":"N\u0027loth","floor":22,"relics_lost":["Thread and Needle"],"gold_loss":0},{"damage_healed":0,"gold_gain":0,"player_choice":"Obtained Book","damage_taken":16,"max_hp_gain":0,"max_hp_loss":0,"event_name":"Cursed Tome","floor":27,"gold_loss":0},{"damage_healed":22,"gold_gain":0,"player_choice":"Writhe","damage_taken":0,"max_hp_gain":0,"max_hp_loss":0,"event_name":"Winding Halls","floor":36,"gold_loss":0,"cards_obtained":["Writhe"]}],"is_beta":false,"boss_relics":[{"not_picked":["Runic Dome","Cursed Key"],"picked":"Black Star"},{"not_picked":["Velvet Choker","Runic Pyramid"],"picked":"Eternal Feather"}],"items_purged_floors":[],"is_endless":false,"potions_floor_spawned":[1,7,8,13,16,18,20,24,30,37,38],"killed_by":"Writhing Mass","ascension_level":0}