{"gold_per_floor":[119,129,129,152,173,173,213,213,213,213,213,30,45,69,69,188,188,212,233,251,60,73,73,108,108,108,142,142,142,154,174,174,271,271,287,247,258,258,11,11],"floor_reached":40,"playtime":1779,"items_purged":["Pain"],"score":646,"play_id":"0416450d-2075-4026-9bae-fc0e989e4242","local_time":"20181013011859","is_ascension_mode":true,"campfire_choices":[{"data":"Bludgeon","floor":6.0,"key":"SMITH"},{"data":"Bash","floor":8.0,"key":"SMITH"},{"floor":15.0,"key":"REST"},{"data":"Spot Weakness","floor":23.0,"key":"SMITH"},{"floor":25.0,"key":"REST"},{"data":"Rage","floor":28.0,"key":"SMITH"},{"floor":32.0,"key":"REST"}],"neow_cost":"TEN_PERCENT_HP_LOSS","seed_source_timestamp":784088729428142,"circlet_count":0,"master_deck":["Strike_R","Strike_R","Defend_R","Defend_R","Defend_R+1","Defend_R","Bash+1","Bludgeon+1","Shrug It Off","Twin Strike","Dropkick+1","Headbutt+1","Evolve","Battle Trance","Pommel Strike+1","Rage+1","Feed+1","Dual Wield+1","Anger+1","Feed+1","Spot Weakness+1","Shrug It Off+1","Carnage+1","Pommel Strike+1","Reaper+1","Thunderclap+1","Whirlwind+1","Dropkick+1"],"special_seed":0,"relics":["Burning Blood","Bloody Idol","Ornamental Fan","Dodecahedron","Molten Egg 2","Bag of Marbles","Astrolabe","Strange Spoon","Incense Burner","Ice Cream","Smiling Mask","Black Star","WarpedTongs","DollysMirror"],"potions_floor_usage":[],"damage_taken":[{"damage":0.0,"enemies":"Cultist","floor":1.0,"turns":2.0},{"damage":9.0,"enemies":"Jaw Worm","floor":2.0,"turns":3.0},{"damage":7.0,"enemies":"2 Louse","floor":4.0,"turns":3.0},{"damage":10.0,"enemies":"2 Fungi Beasts","floor":5.0,"turns":3.0},{"damage":16.0,"enemies":"Gremlin Nob","floor":7.0,"turns":3.0},{"damage":2.0,"enemies":"Gremlin Gang","floor":13.0,"turns":3.0},{"damage":0.0,"enemies":"Looter","floor":14.0,"turns":1.0},{"damage":0.0,"enemies":"Slime Boss","floor":16.0,"turns":5.0},{"damage":0.0,"enemies":"Chosen","floor":18.0,"turns":3.0},{"damage":0.0,"enemies":"Spheric Guardian","floor":19.0,"turns":3.0},{"damage":2.0,"enemies":"Centurion and Healer","floor":20.0,"turns":4.0},{"damage":12.0,"enemies":"Chosen and Byrds","floor":22.0,"turns":4.0},{"damage":59.0,"enemies":"Book of Stabbing","floor":24.0,"turns":5.0},{"damage":27.0,"enemies":"Slavers","floor":27.0,"turns":5.0},{"damage":19.0,"enemies":"Sentry and Sphere","floor":30.0,"turns":6.0},{"damage":0.0,"enemies":"Centurion and Healer","floor":31.0,"turns":5.0},{"damage":66.0,"enemies":"Champ","floor":33.0,"turns":14.0},{"damage":4.0,"enemies":"3 Shapes","floor":35.0,"turns":7.0},{"damage":83.0,"enemies":"3 Darklings","floor":37.0,"turns":10.0},{"damage":37,"enemies":"Nemesis","floor":40,"turns":5}],"seed_played":"8308490621605296603","potions_obtained":[{"floor":5.0,"key":"Dexterity Potion"},{"floor":13.0,"key":"GamblersBrew"},{"floor":14.0,"key":"Regen Potion"},{"floor":19.0,"key":"AttackPotion"},{"floor":24.0,"key":"EssenceOfSteel"},{"floor":31.0,"key":"SpeedPotion"},{"floor":33.0,"key":"SteroidPotion"},{"floor":35.0,"key":"Regen Potion"},{"floor":37.0,"key":"Regen Potion"}],"is_trial":false,"path_per_floor":["M","M","?","M","M","R","E","R","T","?","?","$","M","M","R","B",null,"M","M","M","$","M","R","E","R","T","E","R","?","M","M","R","B",null,"M","?","M","?","$"],"character_chosen":"IRONCLAD","items_purchased":["Bag of Marbles","Battle Trance","Strange Spoon","DollysMirror"],"campfire_rested":3,"item_purchase_floors":[12,12,21,39],"current_hp_per_floor":[72,69,51,50,46,46,36,36,36,29,15,15,19,25,46,52,67,76,76,80,80,78,78,30,55,55,42,42,42,38,53,83,28,82,89,89,36,36,36,0],"gold":11,"neow_bonus":"THREE_RARE_CARDS","is_prod":false,"is_daily":false,"chose_seed":false,"campfire_upgraded":4,"win_rate":0,"timestamp":1539415139,"path_taken":["M","M","?","M","M","R","E","R","T","?","?","$","M","?","R","BOSS","M","M","M","$","M","R","E","R","T","E","R","?","M","M","R","BOSS","M","?","M","?","$","E"],"build_version":"2018-10-11","purchased_purges":1,"victory":false,"max_hp_per_floor":[72,72,72,72,72,72,72,72,72,72,72,72,72,72,72,72,72,76,76,80,80,84,84,84,84,84,92,92,92,96,100,100,100,100,100,100,100,100,100,100],"card_choices":[{"not_picked":["Immolate","Exhume"],"picked":"Bludgeon","floor":0.0},{"not_picked":["Warcry","Perfected Strike"],"picked":"Shrug It Off","floor":1.0},{"not_picked":["Bloodletting","Perfected Strike"],"picked":"Twin Strike","floor":2.0},{"not_picked":["Wild Strike","Twin Strike"],"picked":"Dropkick","floor":4.0},{"not_picked":["Heavy Blade","Bloodletting"],"picked":"Headbutt","floor":5.0},{"not_picked":["Anger","Corruption"],"picked":"Evolve","floor":7.0},{"not_picked":["Uppercut+1","Heavy Blade+1"],"picked":"Pommel Strike+1","floor":13.0},{"not_picked":["Ghostly Armor","Evolve"],"picked":"Rage","floor":14.0},{"not_picked":["Reaper+1","Brutality"],"picked":"Feed+1","floor":16.0},{"not_picked":["Power Through","Blood for Blood+1"],"picked":"Spot Weakness","floor":18.0},{"not_picked":["Hemokinesis+1","Body Slam+1","Sever Soul+1"],"picked":"SKIP","floor":19.0},{"not_picked":["Armaments+1","Clothesline+1"],"picked":"Shrug It Off+1","floor":20.0},{"not_picked":["Combust","Fire Breathing"],"picked":"Carnage+1","floor":22.0},{"not_picked":["Flame Barrier","Perfected Strike+1","Entrench+1"],"picked":"SKIP","floor":24.0},{"not_picked":["Feel No Pain","Fire Breathing"],"picked":"Pommel Strike+1","floor":27.0},{"not_picked":["Rupture+1","Second Wind","Perfected Strike+1"],"picked":"SKIP","floor":30.0},{"not_picked":["Evolve","Intimidate","Carnage+1"],"picked":"SKIP","floor":31.0},{"not_picked":["Feed+1","Dark Embrace"],"picked":"Reaper+1","floor":33.0},{"not_picked":["Heavy Blade+1","Flex+1"],"picked":"Thunderclap+1","floor":35.0},{"not_picked":["Sword Boomerang+1","Cleave+1"],"picked":"Whirlwind+1","floor":37.0}],"player_experience":516587,"relics_obtained":[{"floor":7.0,"key":"Ornamental Fan"},{"floor":9.0,"key":"Dodecahedron"},{"floor":24.0,"key":"Incense Burner"},{"floor":26.0,"key":"Ice Cream"},{"floor":27.0,"key":"Smiling Mask"}],"event_choices":[{"event_name":"Golden Idol","player_choice":"Take Damage","floor":3.0,"damage_taken":0.0},{"event_name":"Scrap Ooze","player_choice":"success","floor":10.0,"damage_taken":7.0},{"event_name":"Shining Light","player_choice":"Entered Light","floor":11.0,"damage_taken":0.0},{"event_name":"Forgotten Altar","player_choice":"Gave Idol","floor":29.0,"damage_taken":0.0},{"event_name":"Designer","player_choice":"Upgrade Card","floor":36.0,"damage_taken":0.0},{"event_name":"Accursed Blacksmith","player_choice":"Rummage","floor":38.0,"damage_taken":0.0}],"is_beta":false,"boss_relics":[{"not_picked":["Tiny House","Orrery"],"picked":"Astrolabe"},{"not_picked":["Snecko Eye","Eternal Feather"],"picked":"Black Star"}],"items_purged_floors":[39],"is_endless":false,"potions_floor_spawned":[5,13,14,19,24,31,33,35,37],"killed_by":"Nemesis","ascension_level":6}