{"gold_per_floor":[112,112,123,73,83,83,110,129,129,129,204,219,236,247,247,343,343,353,366,366,386,311,311,344,364,387,397,397,397,409,427,427,527,527,543,557,577,577,592,592,592,610,610,628,119,119],"floor_reached":46,"playtime":3070,"items_purged":["Writhe","Strike_B"],"score":495,"play_id":"2c3e6da5-a518-4bcf-b3fe-384b2e7a4e11","local_time":"20180923164721","is_ascension_mode":true,"campfire_choices":[{"data":"Dualcast","floor":6,"key":"SMITH"},{"data":"Glacier","floor":10,"key":"SMITH"},{"floor":15,"key":"REST"},{"data":"Consume","floor":23,"key":"SMITH"},{"floor":28,"key":"REST"},{"floor":32,"key":"REST"},{"floor":40,"key":"REST"}],"neow_cost":"NONE","seed_source_timestamp":704364099817148,"circlet_count":0,"master_deck":["Strike_B","Strike_B+1","Defend_B","Defend_B","Defend_B","Defend_B","Zap+1","Dualcast+1","Sweeping Beam","Melter","Cold Snap","Glacier+1","Seek","FTL","Capacitor","Coolheaded","All For One","Ball Lightning+1","Consume+1","Gash+1","Go for the Eyes","Streamline","Leap","Sweeping Beam+1","Electrodynamics","Coolheaded","Beam Cell","Beam Cell+1","Metamorphosis","Defragment+1","FTL","Go for the Eyes","Gash","Conserve Battery"],"relics":["Cracked Core","Potion Belt","Question Card","Blood Vial","Nuclear Battery","Calipers","Whetstone","Ancient Tea Set","Lizard Tail","Ginger","Smiling Mask","Strawberry","ClockworkSouvenir"],"potions_floor_usage":[18,24,29,31,33,33,42,44],"damage_taken":[{"damage":0,"enemies":"2 Louse","floor":1,"turns":1},{"damage":0,"enemies":"Small Slimes","floor":3,"turns":3},{"damage":0,"enemies":"Cultist","floor":5,"turns":2},{"damage":13,"enemies":"3 Sentries","floor":7,"turns":6},{"damage":0,"enemies":"2 Fungi Beasts","floor":8,"turns":3},{"damage":3,"enemies":"3 Louse","floor":12,"turns":3},{"damage":8,"enemies":"Lots of Slimes","floor":13,"turns":3},{"damage":5,"enemies":"Large Slime","floor":14,"turns":5},{"damage":31,"enemies":"Hexaghost","floor":16,"turns":11},{"damage":7,"enemies":"Shell Parasite","floor":18,"turns":3},{"damage":0,"enemies":"Spheric Guardian","floor":19,"turns":2},{"damage":14,"enemies":"Snake Plant","floor":21,"turns":7},{"damage":9,"enemies":"Gremlin Leader","floor":24,"turns":7},{"damage":22,"enemies":"Shelled Parasite and Fungi","floor":25,"turns":5},{"damage":18,"enemies":"3 Cultists","floor":27,"turns":6},{"damage":4,"enemies":"Colosseum Slavers","floor":29,"turns":4},{"damage":23,"enemies":"Snake Plant","floor":30,"turns":6},{"damage":0,"enemies":"Centurion and Healer","floor":31,"turns":7},{"damage":42,"enemies":"Automaton","floor":33,"turns":12},{"damage":24,"enemies":"3 Darklings","floor":35,"turns":7},{"damage":0,"enemies":"Orb Walker","floor":36,"turns":4},{"damage":29,"enemies":"Spire Growth","floor":37,"turns":6},{"damage":13,"enemies":"Jaw Worm Horde","floor":39,"turns":3},{"damage":8,"enemies":"Mind Bloom Boss Battle","floor":41,"turns":6},{"damage":50,"enemies":"3 Darklings","floor":42,"turns":4},{"damage":8,"enemies":"Reptomancer","floor":44,"turns":4},{"damage":31,"enemies":"Maw","floor":46,"turns":7}],"seed_played":"2786961704513735090","potions_obtained":[{"floor":5,"key":"GamblersBrew"},{"floor":12,"key":"Fire Potion"},{"floor":13,"key":"Explosive Potion"},{"floor":14,"key":"FearPotion"},{"floor":19,"key":"Energy Potion"},{"floor":27,"key":"Regen Potion"},{"floor":30,"key":"Block Potion"},{"floor":36,"key":"SteroidPotion"},{"floor":37,"key":"Poison Potion"},{"floor":44,"key":"Explosive Potion"}],"is_trial":false,"path_per_floor":["M","?","M","?","M","R","E","M","T","R","?","M","M","M","R","B",null,"M","M","?","M","$","R","E","M","T","M","R","?","M","M","R","B",null,"M","M","M","?","M","R","?","M","T","M","$"],"character_chosen":"DEFECT","items_purchased":["Gash","Strawberry","ClockworkSouvenir","Conserve Battery"],"campfire_rested":4,"item_purchase_floors":[45,45,45,45],"current_hp_per_floor":[75,63,63,63,63,63,50,50,50,50,39,38,32,29,51,22,75,68,70,70,58,58,58,51,31,31,15,37,47,26,28,50,10,75,51,53,26,26,15,37,31,25,25,19,26,0],"gold":119,"neow_bonus":"UPGRADE_CARD","is_prod":false,"is_daily":false,"chose_seed":false,"campfire_upgraded":3,"win_rate":1,"timestamp":1537714041,"path_taken":["M","?","M","?","?","R","E","M","T","R","?","M","M","M","R","BOSS","M","M","?","M","$","R","E","?","T","M","R","?","M","M","R","BOSS","M","M","M","?","M","R","?","M","T","?","$","M"],"build_version":"2018-09-20","purchased_purges":2,"victory":false,"max_hp_per_floor":[75,75,75,75,75,75,75,75,75,75,75,75,75,75,75,75,75,75,75,75,75,75,75,75,75,75,75,75,75,75,75,75,75,75,75,75,75,75,75,75,75,75,75,75,82,82],"card_choices":[{"not_picked":["Conserve Battery","Redo"],"picked":"Sweeping Beam","floor":1},{"not_picked":["Conserve Battery","Loop"],"picked":"Melter","floor":3},{"not_picked":["Go for the Eyes","Steam"],"picked":"Cold Snap","floor":5},{"not_picked":["Aggregate","Steam"],"picked":"Glacier","floor":7},{"not_picked":["Barrage","Leap","Double Energy"],"picked":"Seek","floor":8},{"not_picked":["Rebound","Hologram","Force Field"],"picked":"FTL","floor":12},{"not_picked":["Barrage","Turbo","Lockon"],"picked":"Capacitor","floor":13},{"not_picked":["Redo","Stack","Cold Snap"],"picked":"Coolheaded","floor":14},{"not_picked":["Fission","Multi-Cast","Electrodynamics"],"picked":"All For One","floor":16},{"not_picked":["Turbo","Coolheaded+1","Lockon"],"picked":"Ball Lightning+1","floor":18},{"not_picked":["Conserve Battery","Sweeping Beam","Gash"],"picked":"Consume","floor":19},{"not_picked":["Compile Driver+1","Fission","Steam"],"picked":"Gash","floor":21},{"not_picked":["Defragment","Barrage","Glacier"],"picked":"Go for the Eyes","floor":24},{"not_picked":["Undo","Hello World","Hologram","Tempest"],"picked":"SKIP","floor":25},{"not_picked":["Cold Snap","Beam Cell","Rebound"],"picked":"Streamline","floor":27},{"not_picked":["Rebound","Barrage","Streamline"],"picked":"Leap","floor":30},{"not_picked":["Turbo","Chill+1","Stack"],"picked":"Sweeping Beam+1","floor":31},{"not_picked":["Buffer","Biased Cognition","Rainbow"],"picked":"Electrodynamics","floor":33},{"not_picked":["Darkness","Turbo+1","Consume+1"],"picked":"Coolheaded","floor":35},{"not_picked":["Conserve Battery+1","Sweeping Beam","Heatsinks+1"],"picked":"Beam Cell","floor":36},{"not_picked":["Hologram+1","Streamline+1","Static Discharge+1"],"picked":"Beam Cell+1","floor":37},{"not_picked":["Mayhem","Dark Shackles","Blind"],"picked":"Metamorphosis","floor":38},{"not_picked":["Auto Shields","Force Field","Cold Snap+1"],"picked":"Defragment+1","floor":39},{"not_picked":["Hologram+1","Fusion","Blizzard"],"picked":"FTL","floor":41},{"not_picked":["BootSequence","Blizzard","Coolheaded"],"picked":"Go for the Eyes","floor":42},{"not_picked":["Reinforced Body","Ball Lightning+1","Self Repair+1","Stack"],"picked":"SKIP","floor":44}],"player_experience":24113,"relics_obtained":[{"floor":7,"key":"Question Card"},{"floor":9,"key":"Blood Vial"},{"floor":24,"key":"Whetstone"},{"floor":26,"key":"Ancient Tea Set"},{"floor":41,"key":"Ginger"},{"floor":43,"key":"Smiling Mask"}],"event_choices":[{"event_name":"Scrap Ooze","player_choice":"success","floor":2,"damage_taken":12},{"event_name":"The Cleric","player_choice":"Card Removal","floor":4,"damage_taken":0},{"event_name":"World of Goop","player_choice":"Gather Gold","floor":11,"damage_taken":0},{"event_name":"The Mausoleum","player_choice":"Yes","floor":20,"damage_taken":0},{"event_name":"Colosseum","player_choice":"Fight","floor":29,"damage_taken":0},{"event_name":"Colosseum","player_choice":"Fled From Nobs","floor":29,"damage_taken":0},{"event_name":"SensoryStone","player_choice":"Memory 1","floor":38,"damage_taken":0},{"event_name":"MindBloom","player_choice":"Fight","floor":41,"damage_taken":0}],"is_beta":true,"boss_relics":[{"not_picked":["Eternal Feather","Calling Bell"],"picked":"Nuclear Battery"},{"not_picked":["Orrery","FrozenCore"],"picked":"Lizard Tail"}],"items_purged_floors":[22,45],"is_endless":false,"potions_floor_spawned":[5,12,13,14,19,27,29,30,36,37,44],"killed_by":"Maw","ascension_level":2}