{"gold_per_floor":[114,133,133,143,44,74,74,74,74,120,120,146,46,57,57,160,160,160,160,11,11,11,11],"floor_reached":23,"playtime":919,"items_purged":[],"score":241,"play_id":"c5f68f3a-e342-448a-92bc-bb19c80f91d8","local_time":"20180723132807","is_ascension_mode":true,"campfire_choices":[{"data":"Glacier","floor":8,"key":"SMITH"},{"data":"Beam Cell","floor":11,"key":"SMITH"},{"data":"Creative AI","floor":15,"key":"SMITH"}],"neow_cost":"NONE","seed_source_timestamp":737815341231363,"circlet_count":0,"master_deck":["Strike_B","Strike_B","Strike_B","Defend_B","Defend_B","Defend_B","Defend_B","Zap+1","Dualcast+1","Beam Cell+1","Ball Lightning","Gash","Glacier+1","Cold Snap","Chill","Creative AI+1","FTL+1","Conserve Battery","Tempest","All For One+1","Redo","Thunder Strike+1","Rip and Tear+1","Conserve Battery"],"relics":["Cracked Core","Smiling Mask","Question Card","Pen Nib","Molten Egg 2","Ectoplasm","Bag of Preparation"],"potions_floor_usage":[23],"damage_taken":[{"damage":2,"enemies":"Jaw Worm","floor":1,"turns":2},{"damage":7,"enemies":"Small Slimes","floor":2,"turns":3},{"damage":0,"enemies":"Cultist","floor":4,"turns":2},{"damage":1,"enemies":"Lagavulin","floor":6,"turns":7},{"damage":5,"enemies":"Gremlin Nob","floor":12,"turns":3},{"damage":0,"enemies":"Exordium Wildlife","floor":14,"turns":4},{"damage":28,"enemies":"Slime Boss","floor":16,"turns":9},{"damage":0,"enemies":"Spheric Guardian","floor":18,"turns":3},{"damage":22,"enemies":"3 Byrds","floor":19,"turns":4},{"damage":17,"enemies":"Snake Plant","floor":21,"turns":4},{"damage":0,"enemies":"Centurion and Healer","floor":22,"turns":5},{"damage":45,"enemies":"Book of Stabbing","floor":23,"turns":5}],"seed_played":"-9060811540401196554","potions_obtained":[{"floor":1,"key":"Ancient Potion"},{"floor":6,"key":"Ancient Potion"},{"floor":14,"key":"LiquidBronze"},{"floor":16,"key":"Regen Potion"},{"floor":18,"key":"FocusPotion"}],"is_trial":false,"path_per_floor":["M","M","?","M","$","E","?","R","T","T","R","E","$","M","R","B",null,"M","M","$","M","M"],"character_chosen":"DEFECT","items_purchased":["Glacier","Cold Snap","FTL+1","Conserve Battery","Bag of Preparation"],"campfire_rested":0,"item_purchase_floors":[5,5,13,13,20],"current_hp_per_floor":[73,66,66,66,66,65,58,58,58,58,58,53,53,53,53,25,75,75,53,53,36,36,0],"gold":11,"neow_bonus":"UPGRADE_CARD","is_prod":false,"is_daily":false,"chose_seed":false,"campfire_upgraded":3,"win_rate":0,"timestamp":1532374087,"path_taken":["M","M","?","M","$","E","?","R","T","?","R","E","$","M","R","BOSS","M","M","$","M","?","E"],"build_version":"2018-07-19v2","purchased_purges":0,"victory":false,"max_hp_per_floor":[75,75,75,75,75,75,75,75,75,75,75,75,75,75,75,75,75,75,75,75,75,75,75],"card_choices":[{"not_picked":["White Noise","Rebound"],"picked":"Beam Cell","floor":1},{"not_picked":["Blizzard","Leap"],"picked":"Ball Lightning","floor":2},{"not_picked":["Sweeping Beam","Beam Cell"],"picked":"Gash","floor":4},{"not_picked":["Hologram","Steam"],"picked":"Chill","floor":6},{"not_picked":["Stack","Fission","Rebound"],"picked":"Creative AI","floor":12},{"not_picked":["Barrage+1","Sweeping Beam+1","Leap"],"picked":"Tempest","floor":14},{"not_picked":["Meteor Strike+1","Machine Learning","Multi-Cast"],"picked":"All For One+1","floor":16},{"not_picked":["Conserve Battery","Lockon+1","Turbo"],"picked":"Redo","floor":18},{"not_picked":["Redo","Conserve Battery","Hologram+1"],"picked":"Thunder Strike+1","floor":19},{"not_picked":["Sweeping Beam+1","Leap+1","Force Field"],"picked":"Rip and Tear+1","floor":21},{"not_picked":["Streamline+1","Sweeping Beam+1","Coolheaded"],"picked":"Conserve Battery","floor":22}],"player_experience":265566,"relics_obtained":[{"floor":6,"key":"Smiling Mask"},{"floor":9,"key":"Question Card"},{"floor":10,"key":"Pen Nib"},{"floor":12,"key":"Molten Egg 2"}],"event_choices":[{"event_name":"Living Wall","player_choice":"Grow","floor":3,"damage_taken":0},{"event_name":"Golden Wing","player_choice":"Card Removal","floor":7,"damage_taken":0}],"is_beta":false,"boss_relics":[{"not_picked":["Runic Pyramid","Eternal Feather"],"picked":"Ectoplasm"}],"items_purged_floors":[],"is_endless":false,"potions_floor_spawned":[1,6,14,16,18,21],"killed_by":"Book of Stabbing","ascension_level":4}