{"gold_per_floor":[109,184,184,195,207,207,221,255,294,261],"floor_reached":10,"playtime":507,"items_purged":[],"score":99,"play_id":"5b697857-6fc1-45c0-931b-12820318ce1d","local_time":"20181112113707","is_ascension_mode":true,"campfire_choices":[{"data":"Neutralize","floor":6,"key":"SMITH"}],"neow_cost":"NONE","seed_source_timestamp":60986414120473,"circlet_count":0,"master_deck":["Defend_G","Defend_G","Defend_G","Defend_G","Defend_G","Strike_G","Strike_G","Strike_G","Strike_G","Survivor","Neutralize+1","Dagger Throw","Blur","Slice","Crippling Poison","Backflip","Deadly Poison"],"relics":["Ring of the Snake","Vajra","MawBank","Centennial Puzzle"],"potions_floor_usage":[],"damage_taken":[{"damage":1,"enemies":"2 Louse","floor":1,"turns":5},{"damage":2,"enemies":"Jaw Worm","floor":4,"turns":4},{"damage":0,"enemies":"Cultist","floor":5,"turns":4},{"damage":0,"enemies":"Looter","floor":7,"turns":4},{"damage":30,"enemies":"Lagavulin","floor":8,"turns":11},{"damage":19,"enemies":"Exordium Thugs","floor":10,"turns":4}],"seed_played":"2362099359851841696","potions_obtained":[{"floor":5,"key":"GamblersBrew"},{"floor":7,"key":"SkillPotion"}],"is_trial":false,"path_per_floor":["M","?","?","M","M","R","M","E","T","M"],"character_chosen":"THE_SILENT","items_purchased":[],"campfire_rested":0,"item_purchase_floors":[],"current_hp_per_floor":[62,51,51,49,49,49,49,19,19,0],"gold":261,"neow_bonus":"RANDOM_COMMON_RELIC","is_prod":false,"is_daily":false,"chose_seed":false,"campfire_upgraded":1,"win_rate":0,"timestamp":1542051427,"path_taken":["M","?","?","M","M","R","?","E","T","M"],"build_version":"2018-11-08","purchased_purges":0,"victory":false,"max_hp_per_floor":[70,70,70,70,70,70,70,70,70,70],"card_choices":[{"not_picked":["Flechettes","Deadly Poison"],"picked":"Dagger Throw","floor":1},{"not_picked":["Catalyst","Accuracy"],"picked":"Slice","floor":4},{"not_picked":["Sucker Punch","Bane"],"picked":"Crippling Poison","floor":5},{"not_picked":["Endless Agony","Flying Knee"],"picked":"Backflip","floor":7},{"not_picked":["Flying Knee","Dagger Spray"],"picked":"Deadly Poison","floor":8}],"player_experience":558088,"relics_obtained":[{"floor":8,"key":"MawBank"},{"floor":9,"key":"Centennial Puzzle"}],"event_choices":[{"damage_healed":0,"gold_gain":75,"player_choice":"Gather Gold","damage_taken":11,"max_hp_gain":0,"max_hp_loss":0,"event_name":"World of Goop","floor":2,"gold_loss":0},{"damage_healed":0,"gold_gain":0,"cards_transformed":["Strike_G"],"player_choice":"Transformed","damage_taken":0,"max_hp_gain":0,"max_hp_loss":0,"event_name":"Transmorgrifier","floor":3,"gold_loss":0,"cards_obtained":["Blur"]}],"is_beta":false,"boss_relics":[],"items_purged_floors":[],"is_endless":false,"potions_floor_spawned":[5,7],"killed_by":"Exordium Thugs","ascension_level":9}