{"gold_per_floor":[114,125,2,2,19,47,61,61,61,79,79,114,127,12,12,113,113,125,145,145,145],"floor_reached":21,"playtime":992,"items_purged":[],"score":287,"play_id":"29b8ae89-cc84-4d0e-9107-3297e23569bf","local_time":"20181006003834","is_ascension_mode":true,"campfire_choices":[{"floor":8,"key":"REST"},{"data":"Defragment","floor":11,"key":"SMITH"},{"floor":15,"key":"REST"}],"neow_cost":"NONE","seed_source_timestamp":178051068794061,"circlet_count":0,"master_deck":["Strike_B","Strike_B","Strike_B","Defend_B","Defend_B","Defend_B","Defend_B","Zap","Dualcast","AscendersBane","Sunder","Coolheaded","Defragment+1","Beam Cell","Cold Snap","Rebound","Leap","Auto Shields","Core Surge","Go for the Eyes","Self Repair","White Noise","Machine Learning","Chaos","BootSequence+1"],"special_seed":0,"relics":["Inserter","Bottled Tornado","Letter Opener","Bronze Scales","Sozu"],"potions_floor_usage":[],"damage_taken":[{"damage":14,"enemies":"Cultist","floor":1,"turns":5},{"damage":8,"enemies":"Jaw Worm","floor":2,"turns":4},{"damage":0,"enemies":"Small Slimes","floor":5,"turns":4},{"damage":26,"enemies":"Lagavulin","floor":6,"turns":10},{"damage":13,"enemies":"Blue Slaver","floor":7,"turns":4},{"damage":9,"enemies":"Exordium Wildlife","floor":10,"turns":6},{"damage":9,"enemies":"3 Sentries","floor":12,"turns":8},{"damage":7,"enemies":"Looter","floor":13,"turns":4},{"damage":19,"enemies":"Hexaghost","floor":16,"turns":10},{"damage":7,"enemies":"Spheric Guardian","floor":18,"turns":6},{"damage":38,"enemies":"2 Thieves","floor":19,"turns":4},{"damage":32,"enemies":"Snake Plant","floor":21,"turns":4}],"seed_played":"-9138578678570756342","potions_obtained":[{"floor":7,"key":"Fire Potion"},{"floor":10,"key":"Ancient Potion"},{"floor":16,"key":"FocusPotion"}],"is_trial":false,"path_per_floor":["M","M","$","?","M","E","M","R","T","M","R","E","M","$","R","B",null,"M","M","?"],"character_chosen":"DEFECT","items_purchased":["Defragment","Beam Cell","Self Repair","White Noise"],"campfire_rested":2,"item_purchase_floors":[3,3,14,14],"current_hp_per_floor":[54,46,46,46,46,20,7,29,29,20,20,11,4,4,26,14,60,60,29,29,0],"gold":145,"neow_bonus":"BOSS_RELIC","is_prod":false,"is_daily":false,"chose_seed":false,"campfire_upgraded":1,"win_rate":0,"timestamp":1538807914,"path_taken":["M","M","?","?","M","E","M","R","T","?","R","E","?","?","R","BOSS","M","M","?","M"],"build_version":"2018-10-04v2","purchased_purges":0,"victory":false,"max_hp_per_floor":[75,75,75,75,75,75,75,75,75,75,75,75,75,75,75,75,75,75,75,75,75],"card_choices":[{"not_picked":["Sweeping Beam","Cold Snap"],"picked":"Sunder","floor":1},{"not_picked":["Skim","Sweeping Beam"],"picked":"Coolheaded","floor":2},{"not_picked":["Amplify","Rebound"],"picked":"Cold Snap","floor":5},{"not_picked":["Streamline","Stack"],"picked":"Rebound","floor":6},{"not_picked":["Force Field","Streamline"],"picked":"Leap","floor":7},{"not_picked":["Ball Lightning","Hologram"],"picked":"Auto Shields","floor":10},{"not_picked":["Static Discharge","Electrodynamics"],"picked":"Core Surge","floor":12},{"not_picked":["Beam Cell","Rebound"],"picked":"Go for the Eyes","floor":13},{"not_picked":["Meteor Strike","Hyperbeam"],"picked":"Machine Learning","floor":16},{"not_picked":["Turbo","Redo+1"],"picked":"Chaos","floor":18},{"not_picked":["Redo","Scrape"],"picked":"BootSequence+1","floor":19}],"player_experience":496120,"relics_obtained":[{"floor":6,"key":"Bottled Tornado"},{"floor":9,"key":"Letter Opener"},{"floor":12,"key":"Bronze Scales"}],"event_choices":[{"event_name":"Purifier","player_choice":"One Purge","floor":4,"damage_taken":0},{"event_name":"The Lab","player_choice":"Got Potions","floor":20,"damage_taken":0}],"is_beta":false,"boss_relics":[{"not_picked":["Snecko Eye","Coffee Dripper"],"picked":"Sozu"}],"items_purged_floors":[],"is_endless":false,"potions_floor_spawned":[7,10,16],"killed_by":"Snake Plant","ascension_level":10}