{"gold_per_floor":[118,43,54,70,89,89,124,124,124,151,2,177,194,194,194,194],"floor_reached":16,"playtime":486,"items_purged":["Regret"],"score":190,"play_id":"a68ebc5a-9beb-48ae-91e2-d4dd88f71927","local_time":"20181007011243","is_ascension_mode":true,"campfire_choices":[{"data":"Defragment","floor":6,"key":"SMITH"},{"data":"Zap","floor":8,"key":"SMITH"},{"floor":15,"key":"REST"}],"neow_cost":"CURSE","seed_source_timestamp":267017044737610,"circlet_count":0,"master_deck":["Strike_B","Strike_B","Strike_B+1","Strike_B","Defend_B","Defend_B","Defend_B","Defend_B","Zap+1","Dualcast","AscendersBane","Rebound+1","FTL","Defragment+1","White Noise","Reboot","Consume","Doubt","Self Repair"],"relics":["Cracked Core","Kunai","Pear","Bottled Flame","Whetstone","Blood Vial"],"potions_floor_usage":[5],"damage_taken":[{"damage":1,"enemies":"2 Louse","floor":1,"turns":2},{"damage":3,"enemies":"Small Slimes","floor":3,"turns":3},{"damage":2,"enemies":"Jaw Worm","floor":4,"turns":3},{"damage":13,"enemies":"Large Slime","floor":5,"turns":6},{"damage":25,"enemies":"Lagavulin","floor":7,"turns":6},{"damage":10,"enemies":"Gremlin Nob","floor":10,"turns":4},{"damage":17,"enemies":"2 Fungi Beasts","floor":13,"turns":3},{"damage":45,"enemies":"Hexaghost","floor":16,"turns":7}],"seed_played":"6286607829695799282","potions_obtained":[{"floor":4,"key":"Energy Potion"},{"floor":13,"key":"SteroidPotion"}],"is_trial":false,"path_per_floor":["M","$","M","M","M","R","E","R","T","E","$","?","M","?","R"],"character_chosen":"DEFECT","items_purchased":["Whetstone"],"campfire_rested":1,"item_purchase_floors":[11],"current_hp_per_floor":[81,81,78,76,63,63,38,38,48,38,38,38,21,14,43,0],"gold":194,"neow_bonus":"TWENTY_PERCENT_HP_BONUS","is_prod":false,"is_daily":false,"chose_seed":false,"campfire_upgraded":2,"win_rate":0,"timestamp":1538896363,"path_taken":["M","$","M","M","M","R","E","R","T","E","$","?","M","?","R","BOSS"],"build_version":"2018-10-04v2","purchased_purges":1,"victory":false,"max_hp_per_floor":[89,89,89,89,89,89,89,89,99,99,99,99,99,99,99,99],"card_choices":[{"not_picked":["Stack","Sweeping Beam"],"picked":"Rebound","floor":1},{"not_picked":["Storm","BootSequence"],"picked":"FTL","floor":3},{"not_picked":["Sunder","Aggregate"],"picked":"Defragment","floor":4},{"not_picked":["Leap","Stack"],"picked":"White Noise","floor":5},{"not_picked":["Gash","Beam Cell"],"picked":"Reboot","floor":7},{"not_picked":["Seek","Amplify"],"picked":"Consume","floor":10},{"not_picked":["Gash","Melter"],"picked":"Self Repair","floor":13}],"player_experience":500170,"relics_obtained":[{"floor":7,"key":"Kunai"},{"floor":9,"key":"Pear"},{"floor":10,"key":"Bottled Flame"}],"event_choices":[{"event_name":"Liars Game","player_choice":"agreed","floor":12,"damage_taken":0},{"event_name":"Scrap Ooze","player_choice":"success","floor":14,"damage_taken":7}],"is_beta":false,"boss_relics":[],"items_purged_floors":[2],"is_endless":false,"potions_floor_spawned":[4,13],"killed_by":"Hexaghost","ascension_level":10}