{"gold_per_floor":[117,21,21,38,58,73,73,85,85,112,112,112],"floor_reached":12,"playtime":400,"items_purged":[],"score":80,"play_id":"e0196f6d-f67f-4725-8f06-43050a316e29","local_time":"20190208223227","daily_mods":["Cursed Run","Elite Swarm","Lethality","Terminal","Uncertain Future","Binary"],"is_ascension_mode":false,"campfire_choices":[{"data":"Shrug It Off","floor":11.0,"key":"SMITH"}],"neow_cost":"","seed_source_timestamp":0,"circlet_count":0,"master_deck":["Strike_R","Strike_R","Strike_R","Strike_R","Defend_R","Defend_R","Defend_R","Defend_R","Bash","Shrug It Off+1","Shame"],"special_seed":0,"relics":["Cursed Key","Darkstone Periapt","Du-Vu Doll","Busted Crown","GremlinMask","Happy Flower","Mummified Hand"],"potions_floor_usage":[12,12],"damage_taken":[{"damage":0.0,"enemies":"2 Louse","floor":1.0,"turns":2.0},{"damage":0.0,"enemies":"Cultist","floor":4.0,"turns":2.0},{"damage":0.0,"enemies":"Jaw Worm","floor":5.0,"turns":2.0},{"damage":0.0,"enemies":"Exordium Thugs","floor":6.0,"turns":3.0},{"damage":0.0,"enemies":"3 Louse","floor":8.0,"turns":4.0},{"damage":4.0,"enemies":"Lagavulin","floor":10.0,"turns":4.0},{"damage":2,"enemies":"3 Sentries","floor":12,"turns":2}],"seed_played":"-1444385610802813387","potions_obtained":[{"floor":4.0,"key":"BloodPotion"},{"floor":5.0,"key":"Poison Potion"}],"is_trial":true,"path_per_floor":["?","M","?"],"character_chosen":"IRONCLAD","items_purchased":["Shrug It Off","PowerPotion"],"campfire_rested":0,"item_purchase_floors":[2,2],"current_hp_per_floor":[1,1,1,1,1,1,1,1,6,2,2,0],"gold":112,"neow_bonus":"","is_prod":false,"is_daily":false,"chose_seed":false,"campfire_upgraded":1,"win_rate":0,"timestamp":1549661547,"path_taken":["M","$","?","?","M","M","?","M","T","E","R","E"],"build_version":"2019-01-23","purchased_purges":0,"victory":false,"max_hp_per_floor":[1,1,1,1,1,1,1,1,6,5,4,4],"card_choices":[],"player_experience":130651,"relics_obtained":[{"floor":9.0,"key":"Happy Flower"},{"floor":10.0,"key":"Mummified Hand"}],"event_choices":[{"cards_removed":["Strike_R"],"damage_healed":0.0,"max_hp_gain":0.0,"max_hp_loss":0.0,"gold_gain":0.0,"event_name":"Bonfire Elementals","player_choice":"Offered Basic","floor":3.0,"gold_loss":0.0,"damage_taken":0.0},{"damage_healed":0.0,"max_hp_gain":0.0,"max_hp_loss":0.0,"gold_gain":0.0,"event_name":"FaceTrader","player_choice":"Trade","floor":7.0,"gold_loss":0.0,"damage_taken":0.0,"relics_obtained":["GremlinMask"]}],"is_beta":false,"boss_relics":[],"items_purged_floors":[],"is_endless":false,"potions_floor_spawned":[4,5,6,8],"killed_by":"3 Sentries","ascension_level":0}