{"gold_per_floor":[359,215,215,233,1,28,28,43,43,69,69,87,99,115,115,213,213,223,223,243,243],"floor_reached":21,"playtime":916,"items_purged":["Strike_R"],"score":191,"play_id":"12cd26bc-a0a2-4f88-82ec-d5756d3c5631","local_time":"20190308140343","is_ascension_mode":false,"campfire_choices":[{"data":"Inflame","floor":7,"key":"SMITH"},{"floor":11,"key":"REST"},{"floor":15,"key":"REST"}],"neow_cost":"TEN_PERCENT_HP_LOSS","seed_source_timestamp":258353129734222,"circlet_count":0,"master_deck":["Strike_R","Strike_R","Strike_R","Defend_R","Defend_R","Defend_R","Defend_R","Bash","Inflame+1","Inflame","Rupture","Shrug It Off","Flex","Sword Boomerang","Flex","Spot Weakness","Heavy Blade","Ghostly Armor","Inflame","Double Tap","Armaments","Flex"],"relics":["Burning Blood","Membership Card","Champion Belt","Bottled Tornado","Black Star","Ancient Tea Set"],"potions_floor_usage":[13,16,16,16,21],"damage_taken":[{"damage":7,"enemies":"Jaw Worm","floor":1,"turns":5},{"damage":4,"enemies":"Cultist","floor":4,"turns":4},{"damage":18,"enemies":"Lagavulin","floor":6,"turns":7},{"damage":12,"enemies":"2 Louse","floor":8,"turns":2},{"damage":49,"enemies":"3 Sentries","floor":10,"turns":9},{"damage":10,"enemies":"Looter","floor":12,"turns":2},{"damage":8,"enemies":"Blue Slaver","floor":13,"turns":5},{"damage":7,"enemies":"Exordium Wildlife","floor":14,"turns":5},{"damage":9,"enemies":"Slime Boss","floor":16,"turns":8},{"damage":45,"enemies":"Spheric Guardian","floor":18,"turns":8},{"damage":0,"enemies":"Chosen","floor":20,"turns":4},{"damage":51,"enemies":"Shelled Parasite and Fungi","floor":21,"turns":5}],"seed_played":"2883747488421565663","potions_obtained":[{"floor":1,"key":"Dexterity Potion"},{"floor":8,"key":"EntropicBrew"},{"floor":10,"key":"Weak Potion"},{"floor":14,"key":"BloodPotion"},{"floor":20,"key":"Regen Potion"}],"is_trial":false,"path_per_floor":["?","M","M","?","M"],"character_chosen":"IRONCLAD","items_purchased":["Inflame","Membership Card","Flex","Sword Boomerang"],"campfire_rested":2,"item_purchase_floors":[2,5,5,5],"current_hp_per_floor":[71,71,71,72,72,60,60,54,54,11,32,28,26,25,46,50,72,33,33,39,0],"gold":243,"neow_bonus":"TWO_FIFTY_GOLD","is_prod":false,"is_daily":false,"chose_seed":false,"campfire_upgraded":1,"win_rate":0,"timestamp":1552050223,"path_taken":["M","$","?","M","$","E","R","?","T","E","R","M","?","M","R","BOSS","M","?","?","M"],"build_version":"2019-01-23","purchased_purges":1,"victory":false,"max_hp_per_floor":[72,72,72,72,72,72,72,72,72,72,72,72,72,72,72,72,72,72,72,72,72],"card_choices":[{"not_picked":["Ghostly Armor","Havoc"],"picked":"Inflame","floor":1},{"not_picked":["Havoc","Perfected Strike"],"picked":"Shrug It Off","floor":4},{"not_picked":["Wild Strike","Blood for Blood"],"picked":"Flex","floor":6},{"not_picked":["Sword Boomerang","Thunderclap"],"picked":"Spot Weakness","floor":8},{"not_picked":["Limit Break","Rupture"],"picked":"Heavy Blade","floor":10},{"not_picked":["Feel No Pain","Carnage"],"picked":"Ghostly Armor","floor":12},{"not_picked":["Wild Strike","Hemokinesis","Sword Boomerang"],"picked":"SKIP","floor":13},{"not_picked":["Wild Strike","Hemokinesis","Sword Boomerang"],"picked":"SKIP","floor":13},{"not_picked":["Thunderclap","Havoc"],"picked":"Inflame","floor":14},{"not_picked":["Offering","Exhume"],"picked":"Double Tap","floor":16},{"not_picked":["Carnage","Headbutt"],"picked":"Armaments","floor":18},{"not_picked":["Rupture","Sword Boomerang"],"picked":"Flex","floor":20}],"player_experience":173836,"relics_obtained":[{"floor":6,"key":"Champion Belt"},{"floor":10,"key":"Bottled Tornado"}],"event_choices":[{"damage_healed":0,"gold_gain":0,"cards_transformed":["Strike_R"],"player_choice":"Transformed","damage_taken":0,"max_hp_gain":0,"max_hp_loss":0,"event_name":"Transmorgrifier","floor":3,"gold_loss":0,"cards_obtained":["Rupture"]},{"damage_healed":0,"gold_gain":0,"player_choice":"Gave Potion","damage_taken":0,"relics_obtained":["Ancient Tea Set"],"max_hp_gain":0,"max_hp_loss":0,"event_name":"WeMeetAgain","floor":19,"gold_loss":0}],"is_beta":false,"boss_relics":[{"not_picked":["Pandora\u0027s Box","Eternal Feather"],"picked":"Black Star"}],"items_purged_floors":[2],"is_endless":false,"potions_floor_spawned":[1,8,10,14,20],"killed_by":"Shelled Parasite and Fungi","ascension_level":0}