{"path_per_floor":["M","?","M","?","$","R","$","R","T","R","?","M","?","$","R","B",null,"M","?","$","?","M","R","?","M","T","?","R","M","R","$","R","B",null,"M","?","?","?","M","R","?","M","T","E","?","M","R","M","R","B"],"character_chosen":"DEFECT","items_purchased":["Leap","Melter","Capacitor"],"gold_per_floor":[116,66,76,76,51,51,15,15,15,15,15,35,35,12,12,111,111,125,40,40,40,53,53,0,14,14,14,14,25,25,25,25,124,124,135,135,135,135,151,151,198,216,261,294,0,13,13,33,33,33],"floor_reached":51,"campfire_rested":3,"playtime":2229,"current_hp_per_floor":[74,74,73,73,73,73,73,73,73,73,73,68,68,68,68,48,75,75,75,75,75,64,64,64,43,43,68,68,60,60,60,60,13,75,64,55,55,55,44,66,56,47,47,39,39,39,61,39,61,29],"items_purged":[],"gold":33,"score":684,"play_id":"73184f91-0f57-4a7e-b358-26bc9a0c74a8","local_time":"20180501231952","is_prod":false,"is_daily":false,"chose_seed":false,"is_ascension_mode":false,"campfire_upgraded":8,"timestamp":1525234792,"path_taken":["M","?","M","?","$","R","$","R","T","R","?","M","?","?","R","BOSS","M","?","$","?","?","R","?","M","T","?","R","?","R","$","R","BOSS","M","?","?","?","M","R","?","?","T","E","?","?","R","M","R","BOSS"],"build_version":"2018-05-01","seed_source_timestamp":1368662157703799,"purchased_purges":0,"victory":true,"master_deck":["Defend_B","Defend_B","Defend_B","Zap+1","Dualcast+1","FTL+1","Reprieve","Darkness+1","Leap+1","Melter","Chaos+1","Capacitor+1","Thunder Strike","Doom and Gloom","Ball Lightning","Cold Snap","Aggregate","Auto Shields+1","Reboot","Leap+1","Madness","Beam Cell+1","White Noise+1","Sunder+1","Decay","Reinforced Body+1","Reboot","Ball Lightning+1"],"max_hp_per_floor":[75,75,75,75,75,75,75,75,75,75,75,75,75,75,75,75,75,75,75,75,75,75,75,75,75,75,75,75,75,75,75,75,75,75,75,75,75,75,75,75,75,75,75,75,75,75,75,75,75,75],"relics":["Cracked Core","Mercury Hourglass","Orrery","Pen Nib","Letter Opener","Cursed Key","Ice Cream","Orichalcum","Thread and Needle","Red Mask"],"card_choices":[{"not_picked":["Leap","Tempest"],"picked":"Reprieve","floor":1},{"not_picked":["Sweeping Beam","Scrape"],"picked":"Darkness","floor":3},{"not_picked":["Skim","Axe Kick"],"picked":"Chaos","floor":12},{"not_picked":["Multi-Cast","Biased Cognition"],"picked":"Thunder Strike","floor":16},{"not_picked":["Go for the Eyes","Rebound"],"picked":"Doom and Gloom","floor":17},{"not_picked":["Loop","Genetic Algorithm"],"picked":"Ball Lightning","floor":17},{"not_picked":["Axe Kick","Streamline"],"picked":"Cold Snap","floor":18},{"not_picked":["Go for the Eyes","Fusion"],"picked":"Aggregate","floor":22},{"not_picked":["Reprieve","Force Field"],"picked":"Auto Shields","floor":25},{"not_picked":["Seek","Amplify"],"picked":"Reboot","floor":33},{"not_picked":["Cold Snap","Axe Kick"],"picked":"Leap","floor":35},{"not_picked":["Axe Kick","Sweeping Beam"],"picked":"Beam Cell","floor":39},{"not_picked":["Go for the Eyes","Ball Lightning"],"picked":"White Noise","floor":41},{"not_picked":["Cold Snap","Rip and Tear"],"picked":"Sunder","floor":42},{"not_picked":["Turbo","Storm"],"picked":"Reinforced Body","floor":44},{"not_picked":["Auto Shields","Leap"],"picked":"Reboot","floor":46},{"not_picked":["Turbo","Skim"],"picked":"Ball Lightning","floor":48}],"player_experience":24974,"potions_floor_usage":[22,22,25,42,44,50,50],"damage_taken":[{"damage":1,"enemies":"Jaw Worm","floor":1,"turns":2},{"damage":1,"enemies":"2 Louse","floor":3,"turns":2},{"damage":5,"enemies":"Small Slimes","floor":12,"turns":2},{"damage":20,"enemies":"Slime Boss","floor":16,"turns":5},{"damage":0,"enemies":"Spheric Guardian","floor":18,"turns":3},{"damage":11,"enemies":"Shell Parasite","floor":22,"turns":4},{"damage":21,"enemies":"Snake Plant","floor":25,"turns":4},{"damage":8,"enemies":"Sentry and Sphere","floor":29,"turns":3},{"damage":47,"enemies":"Collector","floor":33,"turns":8},{"damage":11,"enemies":"3 Shapes","floor":35,"turns":3},{"damage":11,"enemies":"Orb Walker","floor":39,"turns":4},{"damage":10,"enemies":"Mysterious Sphere","floor":41,"turns":4},{"damage":9,"enemies":"Flame Bruiser 2 Orb","floor":42,"turns":5},{"damage":8,"enemies":"Giant Head","floor":44,"turns":5},{"damage":0,"enemies":"Sphere and 2 Shapes","floor":46,"turns":4},{"damage":22,"enemies":"3 Darklings","floor":48,"turns":4},{"damage":32,"enemies":"Time Eater","floor":50,"turns":9}],"event_choices":[{"event_name":"The Cleric","player_choice":"Card Removal","floor":2,"damage_taken":0},{"event_name":"Golden Wing","player_choice":"Ignored","floor":4,"damage_taken":0},{"event_name":"Purifier","player_choice":"One Purge","floor":11,"damage_taken":0},{"event_name":"Bonfire Elementals","player_choice":"BASIC","floor":13,"damage_taken":0},{"event_name":"Addict","player_choice":"Obtained Relic","floor":19,"damage_taken":0},{"event_name":"Back to Basics","player_choice":"Elegance","floor":21,"damage_taken":0},{"event_name":"Masked Bandits","player_choice":"Paid Bandits 53 gold","floor":24,"damage_taken":0},{"event_name":"The Library","player_choice":"Heal","floor":27,"damage_taken":0},{"event_name":"Winding Halls","player_choice":"Embrace Madness","floor":36,"damage_taken":0},{"event_name":"SecretPortal","player_choice":"Rejected Portal.","floor":38,"damage_taken":0},{"event_name":"Mysterious Sphere","player_choice":"Fight","floor":41,"damage_taken":0},{"event_name":"Tomb of Lord Red Mask","player_choice":"Paid","floor":45,"damage_taken":0}],"boss_relics":[{"not_picked":["White Beast Statue","Eternal Feather"],"picked":"Orrery"},{"not_picked":["Nuclear Battery","Runic Pyramid"],"picked":"Cursed Key"}],"potions_floor_spawned":[1,16,18,29,35,39,42,48],"seed_played":"-4279534883612604121","ascension_level":0,"is_trial":false}