{"gold_per_floor":[116,131,149,149,149,178,194,194,218,218,249,265,265,275,275,352,352,368,368,368,368,52,85,85,119,119,146,166,166,176,186,186,263,263,277,294,38,53,65,65,99,99,153,153,153,81,100,131,131,131,131,131,81,81],"floor_reached":54,"playtime":3449,"items_purged":["Writhe","Strike_R"],"score":1642,"play_id":"4120d897-5560-4da2-b51b-edbf5d5065cb","local_time":"20181205130024","is_ascension_mode":true,"campfire_choices":[{"floor":8.0,"key":"REST"},{"floor":10.0,"key":"REST"},{"data":"Armaments","floor":15.0,"key":"SMITH"},{"data":"Dual Wield","floor":24.0,"key":"SMITH"},{"floor":29.0,"key":"RECALL"},{"data":"Searing Blow+1","floor":32.0,"key":"SMITH"},{"floor":40.0,"key":"REST"},{"floor":42.0,"key":"REST"},{"floor":45.0,"key":"REST"},{"floor":49.0,"key":"REST"},{"floor":52.0,"key":"REST"}],"neow_cost":"NONE","seed_source_timestamp":305167843143670,"circlet_count":0,"master_deck":["AscendersBane","Strike_R","Strike_R+1","Strike_R","Defend_R+1","Defend_R","Defend_R","Defend_R+1","Bash","Twin Strike","Headbutt","Sword Boomerang+1","Armaments+1","Battle Trance+1","Infernal Blade+1","True Grit","Sword Boomerang","Impervious","Ghostly","Ghostly","Ghostly","Ghostly","Ghostly","Apotheosis","Clothesline","Dual Wield+1","Searing Blow+2","Exhume","Disarm","Barricade","Clothesline","Whirlwind","Metallicize","Entrench","Body Slam"],"special_seed":0,"relics":["Burning Blood","Boot","Lantern","Blood Vial","Anchor","Thread and Needle","Snecko Eye","Pen Nib","Pantograph","Whetstone","Bag of Preparation","Letter Opener","Fusion Hammer","War Paint","Centennial Puzzle","Prayer Wheel"],"potions_floor_usage":[54],"damage_taken":[{"damage":12.0,"enemies":"Small Slimes","floor":1.0,"turns":4.0},{"damage":4.0,"enemies":"Jaw Worm","floor":2.0,"turns":4.0},{"damage":1.0,"enemies":"Cultist","floor":3.0,"turns":3.0},{"damage":48.0,"enemies":"3 Sentries","floor":6.0,"turns":9.0},{"damage":10.0,"enemies":"3 Louse","floor":7.0,"turns":3.0},{"damage":43.0,"enemies":"Lagavulin","floor":11.0,"turns":6.0},{"damage":1.0,"enemies":"Looter","floor":12.0,"turns":2.0},{"damage":2.0,"enemies":"Exordium Wildlife","floor":14.0,"turns":3.0},{"damage":29.0,"enemies":"The Guardian","floor":16.0,"turns":12.0},{"damage":0.0,"enemies":"Spheric Guardian","floor":18.0,"turns":3.0},{"damage":0.0,"enemies":"Book of Stabbing","floor":23.0,"turns":5.0},{"damage":0.0,"enemies":"Gremlin Leader","floor":25.0,"turns":6.0},{"damage":6.0,"enemies":"Book of Stabbing","floor":27.0,"turns":7.0},{"damage":0.0,"enemies":"Chosen","floor":28.0,"turns":3.0},{"damage":0.0,"enemies":"3 Cultists","floor":30.0,"turns":5.0},{"damage":0.0,"enemies":"Centurion and Healer","floor":31.0,"turns":6.0},{"damage":0.0,"enemies":"Champ","floor":33.0,"turns":11.0},{"damage":1.0,"enemies":"3 Shapes","floor":35.0,"turns":4.0},{"damage":33.0,"enemies":"3 Darklings","floor":36.0,"turns":10.0},{"damage":0.0,"enemies":"Maw","floor":38.0,"turns":8.0},{"damage":0.0,"enemies":"Sphere and 2 Shapes","floor":39.0,"turns":6.0},{"damage":0.0,"enemies":"Nemesis","floor":41.0,"turns":6.0},{"damage":0.0,"enemies":"3 Darklings","floor":47.0,"turns":5.0},{"damage":0.0,"enemies":"Reptomancer","floor":48.0,"turns":8.0},{"damage":0.0,"enemies":"Time Eater","floor":50.0,"turns":18.0},{"damage":43,"enemies":"Shield and Spear","floor":54,"turns":6}],"seed_played":"-3903280721629382472","potions_obtained":[{"floor":2.0,"key":"Energy Potion"},{"floor":3.0,"key":"Energy Potion"},{"floor":12.0,"key":"SmokeBomb"},{"floor":16.0,"key":"Poison Potion"},{"floor":27.0,"key":"AttackPotion"},{"floor":28.0,"key":"Dexterity Potion"},{"floor":38.0,"key":"EssenceOfSteel"}],"is_trial":false,"path_per_floor":["M","M","M","?","?","E","M","R","T","R","E","M","?","M","R","B",null,"M","?","?","?","$","E","R","E","T","E","M","R","M","M","R","B",null,"M","M","$","M","M","R","E","R","T","?","R","$","M","E","R","B",null,"R","$","E"],"character_chosen":"IRONCLAD","items_purchased":["Apotheosis","Clothesline","War Paint","Metallicize","Body Slam"],"campfire_rested":7,"item_purchase_floors":[22,22,37,46,53],"current_hp_per_floor":[66,68,73,57,57,15,11,35,35,59,24,31,28,34,34,13,63,71,71,56,42,42,42,42,42,42,42,42,42,42,42,42,42,42,42,15,15,23,31,42,42,42,42,40,40,40,40,40,40,40,40,40,40,0],"gold":81,"neow_bonus":"RANDOM_COMMON_RELIC","is_prod":false,"is_daily":false,"chose_seed":false,"campfire_upgraded":3,"win_rate":0,"timestamp":1544040024,"path_taken":["M","M","M","?","?","E","M","R","T","R","E","?","?","M","R","BOSS","M","?","?","?","$","E","R","E","T","E","?","R","M","M","R","BOSS","M","?","$","M","M","R","E","R","T","?","R","$","M","E","R","BOSS","R","$","E"],"build_version":"2018-11-15","purchased_purges":2,"victory":false,"max_hp_per_floor":[80,80,80,80,80,80,80,80,80,80,80,80,80,80,80,80,80,80,80,85,42,42,42,42,42,42,42,42,42,42,42,42,42,42,42,42,42,42,42,42,42,42,42,40,40,40,40,40,40,40,40,40,40,40],"card_choices":[{"not_picked":["Searing Blow","Sword Boomerang"],"picked":"Twin Strike","floor":1.0},{"not_picked":["True Grit","Reckless Charge"],"picked":"Headbutt","floor":2.0},{"not_picked":["Brutality","Havoc","Warcry"],"picked":"SKIP","floor":3.0},{"not_picked":["Wild Strike","Clash"],"picked":"Armaments","floor":6.0},{"not_picked":["Iron Wave","Cleave"],"picked":"Battle Trance","floor":7.0},{"not_picked":["Cleave","Burning Pact"],"picked":"Infernal Blade","floor":11.0},{"not_picked":["Headbutt","Searing Blow"],"picked":"True Grit","floor":12.0},{"not_picked":["Brutality","Iron Wave"],"picked":"Sword Boomerang","floor":14.0},{"not_picked":["Offering","Limit Break"],"picked":"Impervious","floor":16.0},{"not_picked":["Bloodletting+1","Havoc","Wild Strike"],"picked":"SKIP","floor":18.0},{"not_picked":["Flex","Fire Breathing"],"picked":"Dual Wield","floor":23.0},{"not_picked":["Body Slam","Clash+1"],"picked":"Searing Blow+1","floor":25.0},{"not_picked":["Flex","Rage"],"picked":"Exhume","floor":27.0},{"not_picked":["Sever Soul","Havoc+1","Anger"],"picked":"SKIP","floor":28.0},{"not_picked":["Sever Soul","Havoc+1","Anger"],"picked":"SKIP","floor":28.0},{"not_picked":["Sever Soul","Havoc+1","Anger"],"picked":"SKIP","floor":28.0},{"not_picked":["Whirlwind","Flex"],"picked":"Disarm","floor":30.0},{"not_picked":["Searing Blow+1","Carnage","Headbutt"],"picked":"SKIP","floor":31.0},{"not_picked":["Bludgeon","Impervious"],"picked":"Barricade","floor":33.0},{"not_picked":["Headbutt","Shrug It Off","Combust"],"picked":"SKIP","floor":35.0},{"not_picked":["Havoc","Anger","Rage"],"picked":"SKIP","floor":36.0},{"not_picked":["Shrug It Off","Wild Strike"],"picked":"Clothesline","floor":38.0},{"not_picked":["Havoc","Ghostly Armor","Wild Strike+1"],"picked":"SKIP","floor":39.0},{"not_picked":["Rupture+1","Barricade"],"picked":"Whirlwind","floor":41.0},{"not_picked":["Flex","Headbutt"],"picked":"Entrench","floor":47.0},{"not_picked":["Clash","Perfected Strike+1","Wild Strike+1"],"picked":"SKIP","floor":48.0}],"player_experience":676085,"relics_obtained":[{"floor":6.0,"key":"Lantern"},{"floor":9.0,"key":"Blood Vial"},{"floor":11.0,"key":"Anchor"},{"floor":23.0,"key":"Pantograph"},{"floor":25.0,"key":"Whetstone"},{"floor":26.0,"key":"Bag of Preparation"},{"floor":27.0,"key":"Letter Opener"},{"floor":41.0,"key":"Centennial Puzzle"},{"floor":48.0,"key":"Prayer Wheel"}],"event_choices":[{"damage_healed":0.0,"max_hp_gain":0.0,"max_hp_loss":0.0,"gold_gain":0.0,"event_name":"Shining Light","player_choice":"Entered Light","floor":4.0,"gold_loss":0.0,"damage_taken":16.0,"cards_upgraded":["Defend_R","Defend_R"]},{"damage_healed":0.0,"max_hp_gain":0.0,"max_hp_loss":0.0,"gold_gain":0.0,"cards_transformed":["Strike_R"],"event_name":"Transmorgrifier","player_choice":"Transformed","floor":5.0,"gold_loss":0.0,"damage_taken":0.0,"cards_obtained":["Sword Boomerang"]},{"damage_healed":0.0,"max_hp_gain":0.0,"max_hp_loss":0.0,"gold_gain":0.0,"event_name":"Scrap Ooze","player_choice":"Success","floor":13.0,"gold_loss":0.0,"damage_taken":3.0,"relics_obtained":["Thread and Needle"]},{"damage_healed":0.0,"max_hp_gain":0.0,"max_hp_loss":0.0,"gold_gain":0.0,"event_name":"The Mausoleum","player_choice":"Opened","floor":19.0,"gold_loss":0.0,"damage_taken":0.0,"relics_obtained":["Pen Nib"],"cards_obtained":["Writhe"]},{"damage_healed":0.0,"max_hp_gain":5.0,"max_hp_loss":0.0,"gold_gain":0.0,"event_name":"Forgotten Altar","player_choice":"Shed Blood","floor":20.0,"gold_loss":0.0,"damage_taken":20.0},{"damage_healed":0.0,"max_hp_gain":0.0,"max_hp_loss":43.0,"gold_gain":0.0,"event_name":"Ghosts","player_choice":"Became a Ghost","floor":21.0,"gold_loss":0.0,"damage_taken":0.0,"cards_obtained":["Ghostly","Ghostly","Ghostly","Ghostly","Ghostly"]},{"damage_healed":0.0,"max_hp_gain":0.0,"max_hp_loss":2.0,"gold_gain":0.0,"event_name":"Winding Halls","player_choice":"Max HP","floor":44.0,"gold_loss":0.0,"damage_taken":0.0}],"is_beta":false,"boss_relics":[{"not_picked":["Philosopher\u0027s Stone","Runic Cube"],"picked":"Snecko Eye"},{"not_picked":["Velvet Choker","White Beast Statue"],"picked":"Fusion Hammer"}],"items_purged_floors":[22,37],"is_endless":false,"potions_floor_spawned":[2,3,12,16,27,28,31,33,36,38,39],"killed_by":"Shield and Spear","ascension_level":13}