{"path_per_floor":["M","M","$","M","M","R","M","R","T","$","R","?","M","M","R","B",null,"M","?"],"character_chosen":"IRONCLAD","items_purchased":["Shrug It Off","Energy Potion","Metallicize","Warcry"],"gold_per_floor":[114,127,50,70,87,87,107,107,107,4,4,4,19,35,35,131,131,145,60],"floor_reached":20,"campfire_rested":1,"playtime":1617,"current_hp_per_floor":[60,52,52,57,43,43,41,41,41,41,41,41,22,16,43,22,92,57,57],"items_purged":[],"gold":60,"play_id":"6ddf3dd6-e47d-4be6-86ac-8d5f1b61667d","is_prod":false,"is_daily":false,"campfire_rituals":0,"campfire_upgraded":3,"is_hardmode":false,"path_taken":["M","M","$","M","M","R","?","R","T","$","R","?","M","M","R","BOSS","M","?","M"],"build_version":"2018-01-18-PROD4","purchased_purges":0,"victory":false,"master_deck":["Strike_R","Strike_R","Strike_R","Strike_R","Strike_R","Defend_R","Defend_R","Defend_R","Defend_R","Bash","Brutality","Pommel Strike","Bloodletting","Shrug It Off","Shrug It Off","Feed","Iron Wave","Metallicize","Warcry","Cleave","Spot Weakness","Dark Embrace","Second Wind"],"max_hp_per_floor":[80,80,80,80,80,80,84,84,84,84,84,84,88,92,92,92,92,96,96],"relics":["Burning Blood","Bird Faced Urn","Question Card","Anchor"],"campfire_meditates":0,"card_choices":[{"not_picked":["Metallicize","Armaments"],"picked":"Pommel Strike"},{"not_picked":["Warcry","Perfected Strike"],"picked":"Bloodletting"},{"not_picked":["Blood for Blood","Thunderclap"],"picked":"Shrug It Off"},{"not_picked":["Infernal Blade","Warcry"],"picked":"Feed"},{"not_picked":["Shrug It Off","Thunderclap"],"picked":"Iron Wave"},{"not_picked":["Pommel Strike","Twin Strike"],"picked":"Cleave"},{"not_picked":["Pommel Strike","Blood for Blood"],"picked":"Spot Weakness"},{"not_picked":["Limit Break","Reaper"],"picked":"Dark Embrace"},{"not_picked":["Infernal Blade","Iron Wave","Heavy Blade"],"picked":"Second Wind"}],"player_experience":19327,"potions_floor_usage":[14,14],"damage_taken":[{"damage":26,"enemies":"Blue Slaver","floor":1,"turns":3},{"damage":14,"enemies":"Small Slimes","floor":2,"turns":3},{"damage":1,"enemies":"2 Louse","floor":4,"turns":4},{"damage":20,"enemies":"Red Slaver","floor":5,"turns":4},{"damage":12,"enemies":"Looter","floor":7,"turns":3},{"damage":33,"enemies":"Exordium Thugs","floor":13,"turns":8},{"damage":18,"enemies":"Lots of Slimes","floor":14,"turns":4},{"damage":29,"enemies":"Slime Boss","floor":16,"turns":10},{"damage":47,"enemies":"Chosen","floor":18,"turns":8},{"damage":62,"enemies":"3 Byrds","floor":20,"turns":7}],"event_choices":[{"event_name":"Golden Idol","player_choice":"Ignored","floor":12,"damage_taken":0},{"event_name":"Addict","player_choice":"Obtained Relic","floor":19,"damage_taken":0}],"boss_relics":[{"not_picked":["Cursed Key","Velvet Choker"],"picked":"Question Card"}],"potions_floor_spawned":[1,5,7,16],"seed_played":"471372715011409398","killed_by":"3 Byrds","is_trial":false}