{"gold_per_floor":[211,211,227,327,342,357,62,62,88,9,9,19,19,46,46,148,148,160,160,18,31,31,31,63,76,99,119,119,132,147,147],"floor_reached":31,"playtime":1060,"items_purged":["Defend_B"],"score":270,"play_id":"f9e53986-0441-4d5f-95b1-b13d327a6499","local_time":"20190309135639","is_ascension_mode":true,"campfire_choices":[{"data":"Defragment","floor":8,"key":"SMITH"},{"floor":13,"key":"REST"},{"data":"Zap","floor":15,"key":"SMITH"},{"floor":23,"key":"REST"},{"floor":28,"key":"REST"}],"neow_cost":"NONE","seed_source_timestamp":344199261176444,"circlet_count":0,"master_deck":["Strike_B","Strike_B","Strike_B","Defend_B","Defend_B","Defend_B","Zap+1","Dualcast","Leap","Steam Power","Ball Lightning","Steam","Defragment+1","Heatsinks","Tempest","Leap","Thunder Strike","Leap+1","Electrodynamics","Barrage","Redo","White Noise+1","Ball Lightning","Ball Lightning","Consume+1","Creative AI"],"relics":["Cracked Core","PreservedInsect","Ancient Tea Set","Nuclear Battery","Peace Pipe","Dream Catcher"],"potions_floor_usage":[29],"damage_taken":[{"damage":0,"enemies":"2 Louse","floor":1,"turns":4},{"damage":1,"enemies":"Cultist","floor":3,"turns":3},{"damage":1,"enemies":"Jaw Worm","floor":5,"turns":4},{"damage":3,"enemies":"Red Slaver","floor":6,"turns":3},{"damage":17,"enemies":"Exordium Thugs","floor":12,"turns":5},{"damage":27,"enemies":"3 Sentries","floor":14,"turns":5},{"damage":28,"enemies":"Hexaghost","floor":16,"turns":9},{"damage":16,"enemies":"2 Thieves","floor":18,"turns":4},{"damage":17,"enemies":"3 Byrds","floor":21,"turns":3},{"damage":29,"enemies":"Slavers","floor":24,"turns":3},{"damage":9,"enemies":"Centurion and Healer","floor":25,"turns":5},{"damage":21,"enemies":"Snake Plant","floor":27,"turns":3},{"damage":17,"enemies":"Snecko","floor":29,"turns":4},{"damage":10,"enemies":"Chosen and Byrds","floor":30,"turns":4},{"damage":9,"enemies":"3 Cultists","floor":31,"turns":2}],"seed_played":"4605196880614103509","potions_obtained":[{"floor":3,"key":"EssenceOfSteel"},{"floor":16,"key":"GamblersBrew"},{"floor":18,"key":"Energy Potion"},{"floor":21,"key":"Regen Potion"},{"floor":30,"key":"SkillPotion"}],"is_trial":false,"path_per_floor":["?","M","?","M","$","?","?","?","M","M"],"character_chosen":"DEFECT","items_purchased":["PreservedInsect","Defragment","Heatsinks","Electrodynamics"],"campfire_rested":3,"item_purchase_floors":[7,7,10,20],"current_hp_per_floor":[75,75,74,74,73,70,70,70,70,70,75,58,80,53,53,25,80,64,64,64,47,47,71,42,33,33,12,36,19,9,0],"gold":147,"neow_bonus":"HUNDRED_GOLD","is_prod":false,"is_daily":false,"chose_seed":false,"campfire_upgraded":2,"win_rate":0,"timestamp":1552136199,"path_taken":["M","?","?","?","?","M","?","R","T","$","?","M","R","E","R","BOSS","M","?","$","M","?","R","E","M","T","M","R","?","?","M"],"build_version":"2019-01-23","purchased_purges":1,"victory":false,"max_hp_per_floor":[75,75,75,75,75,75,75,75,75,75,80,80,80,80,80,80,80,80,80,80,80,80,80,80,80,80,80,80,80,80,80],"card_choices":[{"not_picked":["Steam","Sweeping Beam"],"picked":"Leap","floor":1},{"not_picked":["Storm","Cold Snap"],"picked":"Steam Power","floor":3},{"not_picked":["Coolheaded","Go for the Eyes"],"picked":"Ball Lightning","floor":5},{"not_picked":["Hyperbeam","Leap"],"picked":"Steam","floor":6},{"not_picked":["Chill","Steam"],"picked":"Tempest","floor":12},{"not_picked":["Darkness","Streamline"],"picked":"Leap","floor":14},{"not_picked":["Echo Form","All For One"],"picked":"Thunder Strike","floor":16},{"not_picked":["Hologram","Sweeping Beam"],"picked":"Leap+1","floor":18},{"not_picked":["Chaos","Reprogram"],"picked":"Barrage","floor":21},{"not_picked":["White Noise","Beam Cell"],"picked":"Redo","floor":24},{"not_picked":["Compile Driver","Steam"],"picked":"White Noise+1","floor":25},{"not_picked":["Meteor Strike","Rebound"],"picked":"Ball Lightning","floor":27},{"not_picked":["Conserve Battery","Gash"],"picked":"Ball Lightning","floor":28},{"not_picked":["Cold Snap+1","Beam Cell"],"picked":"Consume+1","floor":29},{"not_picked":["Auto Shields","Streamline"],"picked":"Creative AI","floor":30}],"player_experience":186509,"relics_obtained":[{"floor":14,"key":"Ancient Tea Set"},{"floor":24,"key":"Peace Pipe"},{"floor":26,"key":"Dream Catcher"}],"event_choices":[{"cards_removed":["Strike_B"],"damage_healed":0,"gold_gain":0,"player_choice":"Offered Basic","damage_taken":0,"max_hp_gain":0,"max_hp_loss":0,"event_name":"Bonfire Elementals","floor":2,"gold_loss":0},{"damage_healed":0,"gold_gain":100,"player_choice":"Gold","damage_taken":0,"max_hp_gain":0,"max_hp_loss":0,"event_name":"Wheel of Change","floor":4,"gold_loss":0},{"damage_healed":0,"gold_gain":0,"player_choice":"Donut","damage_taken":0,"max_hp_gain":5,"max_hp_loss":0,"event_name":"Big Fish","floor":11,"gold_loss":0},{"damage_healed":0,"gold_gain":0,"player_choice":"Ignored","damage_taken":0,"max_hp_gain":0,"max_hp_loss":0,"event_name":"Beggar","floor":19,"gold_loss":0},{"damage_healed":0,"gold_gain":0,"player_choice":"Got Potions","damage_taken":0,"max_hp_gain":0,"max_hp_loss":0,"event_name":"Lab","floor":22,"gold_loss":0}],"is_beta":false,"boss_relics":[{"not_picked":["Lizard Tail","Ectoplasm"],"picked":"Nuclear Battery"}],"items_purged_floors":[7],"is_endless":false,"potions_floor_spawned":[3,16,18,21,27,30],"killed_by":"3 Cultists","ascension_level":1}