{"gold_per_floor":[118,118,129,129,186,186,219,219,274,290,217,242,283,299,299,392,392,392,392,392,392,392,392,392,392,392,392,392,392,392,392,392,392],"floor_reached":33,"playtime":1640,"items_purged":[],"score":609,"play_id":"5c29d595-56ff-4721-ae86-613e45582eb9","local_time":"20181226025839","is_ascension_mode":true,"campfire_choices":[{"floor":6.0,"key":"REST"},{"data":"Neutralize","floor":8.0,"key":"SMITH"},{"data":"Envenom","floor":15.0,"key":"SMITH"},{"data":"Footwork","floor":27.0,"key":"SMITH"},{"data":"Cloak And Dagger","floor":29.0,"key":"SMITH"},{"data":"Glass Knife","floor":32.0,"key":"SMITH"}],"neow_cost":"NONE","seed_source_timestamp":21958426335851,"circlet_count":0,"master_deck":["AscendersBane","Defend_G","Defend_G","Defend_G+1","Defend_G","Defend_G+1","Strike_G","Strike_G","Strike_G","Strike_G","Strike_G","Survivor","Neutralize+1","Backstab","Backflip","Deadly Poison","Backstab","Envenom+1","Slice","Footwork+1","Cloak And Dagger+1","Glass Knife+1","Escape Plan+1","Slice+1","Infinite Blades","Backstab","Poisoned Stab+1","Blur","Blur+1","Blade Dance+1"],"special_seed":0,"relics":["Ring of the Snake","Omamori","Golden Idol","Matryoshka","Tiny Chest","War Paint","Mercury Hourglass","Ectoplasm","Red Mask","MutagenicStrength","Meat on the Bone","Bag of Marbles","Strawberry","Happy Flower","MawBank","Toxic Egg 2"],"potions_floor_usage":[33,33],"damage_taken":[{"damage":0.0,"enemies":"Jaw Worm","floor":1.0,"turns":6.0},{"damage":0.0,"enemies":"2 Louse","floor":3.0,"turns":3.0},{"damage":9.0,"enemies":"3 Sentries","floor":7.0,"turns":13.0},{"damage":0.0,"enemies":"Small Slimes","floor":10.0,"turns":3.0},{"damage":0.0,"enemies":"Looter","floor":12.0,"turns":3.0},{"damage":7.0,"enemies":"Lagavulin","floor":13.0,"turns":6.0},{"damage":0.0,"enemies":"Red Slaver","floor":14.0,"turns":3.0},{"damage":9.0,"enemies":"Hexaghost","floor":16.0,"turns":9.0},{"damage":17.0,"enemies":"Spheric Guardian","floor":18.0,"turns":4.0},{"damage":5.0,"enemies":"Masked Bandits","floor":19.0,"turns":4.0},{"damage":0.0,"enemies":"3 Byrds","floor":20.0,"turns":4.0},{"damage":13.0,"enemies":"Gremlin Leader","floor":23.0,"turns":7.0},{"damage":9.0,"enemies":"Snecko","floor":24.0,"turns":5.0},{"damage":13.0,"enemies":"Book of Stabbing","floor":25.0,"turns":5.0},{"damage":0.0,"enemies":"Gremlin Leader","floor":28.0,"turns":4.0},{"damage":10.0,"enemies":"Book of Stabbing","floor":30.0,"turns":3.0},{"damage":0.0,"enemies":"Snake Plant","floor":31.0,"turns":1.0},{"damage":54,"enemies":"Collector","floor":33,"turns":7}],"seed_played":"2841030656392113853","potions_obtained":[{"floor":1.0,"key":"SkillPotion"},{"floor":3.0,"key":"Poison Potion"},{"floor":10.0,"key":"Energy Potion"},{"floor":14.0,"key":"GamblersBrew"},{"floor":18.0,"key":"SteroidPotion"},{"floor":19.0,"key":"GamblersBrew"},{"floor":25.0,"key":"LiquidBronze"},{"floor":31.0,"key":"LiquidBronze"}],"is_trial":false,"path_per_floor":["M","?","M","?","?","R","E","R","T","M","$","M","E","M","R","B",null,"M","?","M","?","?","E","M","E","T","R","E","R","E","M","R","B"],"character_chosen":"THE_SILENT","items_purchased":["Envenom"],"campfire_rested":1,"item_purchase_floors":[11],"current_hp_per_floor":[65,47,47,29,29,50,41,41,41,41,41,41,34,34,34,25,60,43,38,38,38,62,49,40,39,46,46,46,46,48,48,48,0],"gold":392,"neow_bonus":"TEN_PERCENT_HP_BONUS","is_prod":false,"is_daily":false,"chose_seed":false,"campfire_upgraded":5,"win_rate":0,"timestamp":1545821919,"path_taken":["M","?","M","?","?","R","E","R","T","?","$","M","E","M","R","BOSS","M","?","M","?","?","E","M","E","T","R","E","R","E","M","R","BOSS"],"build_version":"2018-12-20","purchased_purges":0,"victory":false,"max_hp_per_floor":[72,72,72,72,72,72,72,72,72,72,72,72,72,72,72,72,72,72,72,72,72,72,72,72,72,79,79,79,79,79,79,79,79],"card_choices":[{"not_picked":["Calculated Gamble","Skewer"],"picked":"Backstab","floor":1.0},{"not_picked":["Outmaneuver","Underhanded Strike"],"picked":"Backflip","floor":3.0},{"not_picked":["Underhanded Strike","Outmaneuver"],"picked":"Deadly Poison","floor":7.0},{"not_picked":["Blur","Setup"],"picked":"Backstab","floor":10.0},{"not_picked":["Blur","Prepared"],"picked":"Slice","floor":12.0},{"not_picked":["Underhanded Strike","Glass Knife"],"picked":"Footwork","floor":13.0},{"not_picked":["Sucker Punch","Outmaneuver"],"picked":"Cloak And Dagger","floor":14.0},{"not_picked":["Unload","Burst"],"picked":"Glass Knife","floor":16.0},{"not_picked":["Cloak And Dagger","Deflect"],"picked":"Escape Plan+1","floor":18.0},{"not_picked":["PiercingWail","Skewer"],"picked":"Slice+1","floor":19.0},{"not_picked":["Outmaneuver","Crippling Poison"],"picked":"Infinite Blades","floor":20.0},{"not_picked":["Blade Dance","Masterful Stab","Wraith Form v2"],"picked":"SKIP","floor":23.0},{"not_picked":["Predator","Bane"],"picked":"Backstab","floor":24.0},{"not_picked":["Expertise","Endless Agony"],"picked":"Poisoned Stab+1","floor":25.0},{"not_picked":["Reflex","Endless Agony"],"picked":"Blur","floor":28.0},{"not_picked":["Expertise","Sucker Punch"],"picked":"Blur","floor":30.0},{"not_picked":["Poisoned Stab","Dagger Throw"],"picked":"Blade Dance+1","floor":31.0}],"player_experience":656666,"relics_obtained":[{"floor":7.0,"key":"Matryoshka"},{"floor":9.0,"key":"Tiny Chest"},{"floor":9.0,"key":"War Paint"},{"floor":13.0,"key":"Mercury Hourglass"},{"floor":19.0,"key":"Red Mask"},{"floor":23.0,"key":"Meat on the Bone"},{"floor":25.0,"key":"Bag of Marbles"},{"floor":26.0,"key":"Strawberry"},{"floor":26.0,"key":"Happy Flower"},{"floor":28.0,"key":"MawBank"},{"floor":30.0,"key":"Toxic Egg 2"}],"event_choices":[{"damage_healed":0.0,"max_hp_gain":0.0,"max_hp_loss":0.0,"gold_gain":0.0,"event_name":"Scrap Ooze","player_choice":"Success","floor":2.0,"gold_loss":0.0,"damage_taken":18.0,"relics_obtained":["Omamori"]},{"damage_healed":0.0,"max_hp_gain":0.0,"max_hp_loss":0.0,"gold_gain":0.0,"event_name":"Golden Idol","player_choice":"Take Damage","floor":4.0,"gold_loss":0.0,"damage_taken":18.0,"relics_obtained":["Golden Idol"]},{"damage_healed":0.0,"max_hp_gain":0.0,"max_hp_loss":0.0,"gold_gain":57.0,"event_name":"Golden Wing","player_choice":"Gained Gold","floor":5.0,"gold_loss":0.0,"damage_taken":0.0},{"damage_healed":0.0,"max_hp_gain":0.0,"max_hp_loss":0.0,"gold_gain":0.0,"event_name":"Masked Bandits","player_choice":"Fought Bandits","floor":19.0,"gold_loss":0.0,"damage_taken":0.0},{"damage_healed":0.0,"max_hp_gain":0.0,"max_hp_loss":0.0,"gold_gain":0.0,"event_name":"Drug Dealer","player_choice":"Inject Mutagens","floor":21.0,"gold_loss":0.0,"damage_taken":0.0,"relics_obtained":["MutagenicStrength"]},{"damage_healed":24.0,"max_hp_gain":0.0,"max_hp_loss":0.0,"gold_gain":0.0,"event_name":"The Library","player_choice":"Heal","floor":22.0,"gold_loss":0.0,"damage_taken":0.0}],"is_beta":false,"boss_relics":[{"not_picked":["Velvet Choker","Snecko Eye"],"picked":"Ectoplasm"}],"items_purged_floors":[],"is_endless":false,"potions_floor_spawned":[1,3,10,14,18,19,25,31],"killed_by":"Collector","ascension_level":14}