{"path_per_floor":["M","M","M","?","?","R","$","M","T","M","$","R","?","$","R","B",null,"M","?","?","M","M","R","M","R","T"],"character_chosen":"DEFECT","items_purchased":["Gash","Streamline","Capacitor"],"gold_per_floor":[119,136,151,151,151,151,9,34,34,54,30,30,30,6,6,130,130,149,149,72,56,79,79,99,99,99,99],"floor_reached":27,"campfire_rested":2,"playtime":1299,"current_hp_per_floor":[75,67,67,72,72,72,72,59,59,59,59,59,59,59,59,9,80,58,58,58,25,13,37,6,30,30,3],"items_purged":["Injury"],"gold":99,"score":203,"play_id":"1656c943-9bed-4ab3-b2be-840510ef1028","local_time":"20180428231120","is_prod":false,"is_daily":false,"chose_seed":false,"is_ascension_mode":false,"campfire_upgraded":3,"timestamp":1524975080,"path_taken":["M","?","M","?","?","R","$","M","T","?","$","R","?","?","R","BOSS","M","?","?","M","M","R","M","R","T","?"],"build_version":"2018-04-27v3","seed_source_timestamp":1109770454561428,"purchased_purges":1,"victory":false,"master_deck":["Strike_B","Strike_B","Strike_B","Strike_B","Defend_B","Defend_B","Defend_B","Defend_B","Zap","Dualcast+1","Turbo","Gash","Chaos+1","Gash","Undo","Cold Snap","Streamline","Capacitor+1","Redo","Sweeping Beam","J.A.X.","Sunder","Doom and Gloom","Scrape+1"],"max_hp_per_floor":[75,75,75,80,80,80,80,80,80,80,80,80,80,80,80,80,80,80,80,80,80,80,80,80,80,80,80],"relics":["Lizard Tail","Golden Idol","Bird Faced Urn","Sozu","Molten Egg 2"],"card_choices":[{"not_picked":["Rebound","Axe Kick"],"picked":"Turbo","floor":1.0},{"not_picked":["Go for the Eyes","Scrape"],"picked":"Gash","floor":2.0},{"not_picked":["Genetic Algorithm","Leap"],"picked":"Chaos","floor":3.0},{"not_picked":["Go for the Eyes","Rebound"],"picked":"Undo","floor":8.0},{"not_picked":["Stack","Rip and Tear"],"picked":"Cold Snap","floor":10.0},{"not_picked":["Amplify","Seek"],"picked":"Redo","floor":16.0},{"not_picked":["Axe Kick","Reprogram"],"picked":"Sweeping Beam","floor":18.0},{"not_picked":["Rebound","Go for the Eyes"],"picked":"Sunder","floor":21.0},{"not_picked":["Turbo","Cold Snap"],"picked":"Doom and Gloom","floor":22.0},{"not_picked":["Flux Capacitor","Ball Lightning"],"picked":"Scrape","floor":24}],"player_experience":10350,"potions_floor_usage":[24],"damage_taken":[{"damage":0.0,"enemies":"Cultist","floor":1.0,"turns":4.0},{"damage":8.0,"enemies":"Jaw Worm","floor":2.0,"turns":4.0},{"damage":0.0,"enemies":"Small Slimes","floor":3.0,"turns":3.0},{"damage":13.0,"enemies":"Blue Slaver","floor":8.0,"turns":4.0},{"damage":0.0,"enemies":"2 Fungi Beasts","floor":10.0,"turns":3.0},{"damage":52.0,"enemies":"Hexaghost","floor":16.0,"turns":10.0},{"damage":22.0,"enemies":"Shell Parasite","floor":18.0,"turns":7.0},{"damage":35.0,"enemies":"2 Thieves","floor":21.0,"turns":4.0},{"damage":27.0,"enemies":"Snecko","floor":22.0,"turns":5.0},{"damage":47,"enemies":"Snake Plant","floor":24,"turns":5},{"damage":48,"enemies":"Slaver and Parasite","floor":27,"turns":5}],"event_choices":[{"event_name":"Big Fish","player_choice":"Donut","floor":4.0,"damage_taken":0.0},{"event_name":"Golden Idol","player_choice":"Take Wound","floor":5.0,"damage_taken":0.0},{"event_name":"The Cleric","player_choice":"Leave","floor":13.0,"damage_taken":0.0},{"event_name":"Vampires","player_choice":"Ignored","floor":19.0,"damage_taken":0.0},{"event_name":"Drug Dealer","player_choice":"Got JAXXED","floor":20.0,"damage_taken":0.0}],"boss_relics":[],"potions_floor_spawned":[3,8,10,16,18,22],"seed_played":"2333281997209363013","killed_by":"Slaver and Parasite","ascension_level":0,"is_trial":false}