{"gold_per_floor":[111,111,111,36,51,51,94,94,94,135,135,148,167,210,210,339,339,360,374,59,75,98,98,164,164,188,188,229,229,250,268,268,398,398,412,65,65,0,0,0,44,67,90,123,146,146,161,177,177,177,177,177,3,42,42],"floor_reached":55,"playtime":2453,"items_purged":["Strike_B","Defend_B","Strike_B"],"score":1304,"play_id":"feae48ee-b41a-4020-a8f4-b70101e3b5b9","local_time":"20181120123634","is_ascension_mode":true,"campfire_choices":[{"data":"Streamline","floor":6.0,"key":"SMITH"},{"data":"Cold Snap","floor":8.0,"key":"SMITH"},{"floor":15.0,"key":"REST"},{"floor":23.0,"key":"RECALL"},{"floor":25.0,"key":"REST"},{"data":"Consume","floor":27.0,"key":"SMITH"},{"data":"Capacitor","floor":29.0,"key":"SMITH"},{"floor":32.0,"key":"REST"},{"floor":40.0,"key":"REST"},{"data":"Cold Snap","floor":46.0,"key":"SMITH"},{"floor":49,"key":"REST"},{"data":"Go for the Eyes","floor":52,"key":"SMITH"}],"neow_cost":"NONE","seed_source_timestamp":777752203230638,"circlet_count":0,"master_deck":["AscendersBane","Strike_B","Strike_B","Defend_B","Defend_B","Defend_B","Zap+1","Dualcast","Streamline+1","Cold Snap+1","Cold Snap+1","Chill","Scrape","Go for the Eyes+1","Echo Form","Core Surge","Beam Cell","Conserve Battery+1","Self Repair","Rip and Tear","Cold Snap","Ball Lightning+1","Consume+1","Capacitor+1","Aggregate","Seek+1","Chill","Conserve Battery+1","Barrage+1","Defragment+1","Static Discharge+1"],"special_seed":0,"relics":["Cracked Core","NeowsBlessing","Golden Idol","Turnip","Shuriken","Omamori","PreservedInsect","Nuclear Battery","Runic Capacitor","Tiny Chest","Bag of Marbles","Bronze Scales","Cursed Key","Kunai","Red Mask","DataDisk","Regal Pillow","Symbiotic Virus","Smiling Mask"],"potions_floor_usage":[50,54,55],"damage_taken":[{"damage":0.0,"enemies":"2 Louse","floor":1.0,"turns":1.0},{"damage":0.0,"enemies":"Small Slimes","floor":5.0,"turns":1.0},{"damage":0.0,"enemies":"Gremlin Nob","floor":7.0,"turns":1.0},{"damage":22.0,"enemies":"3 Sentries","floor":10.0,"turns":7.0},{"damage":0.0,"enemies":"Cultist","floor":12.0,"turns":2.0},{"damage":9.0,"enemies":"3 Louse","floor":13.0,"turns":3.0},{"damage":16.0,"enemies":"Gremlin Nob","floor":14.0,"turns":3.0},{"damage":37.0,"enemies":"The Guardian","floor":16.0,"turns":11.0},{"damage":6.0,"enemies":"3 Byrds","floor":18.0,"turns":5.0},{"damage":9.0,"enemies":"Shell Parasite","floor":19.0,"turns":5.0},{"damage":9.0,"enemies":"Cultist and Chosen","floor":21.0,"turns":5.0},{"damage":1.0,"enemies":"3 Cultists","floor":22.0,"turns":5.0},{"damage":14.0,"enemies":"Slavers","floor":24.0,"turns":5.0},{"damage":31.0,"enemies":"Gremlin Leader","floor":28.0,"turns":5.0},{"damage":11.0,"enemies":"Snecko","floor":30.0,"turns":4.0},{"damage":6.0,"enemies":"Centurion and Healer","floor":31.0,"turns":6.0},{"damage":12.0,"enemies":"Champ","floor":33.0,"turns":12.0},{"damage":41.0,"enemies":"3 Darklings","floor":35.0,"turns":5.0},{"damage":11.0,"enemies":"Reptomancer","floor":41.0,"turns":6.0},{"damage":12.0,"enemies":"3 Shapes","floor":42.0,"turns":4.0},{"damage":7.0,"enemies":"Giant Head","floor":44.0,"turns":7.0},{"damage":9.0,"enemies":"3 Darklings","floor":45.0,"turns":5.0},{"damage":11.0,"enemies":"Spire Growth","floor":47.0,"turns":4.0},{"damage":16.0,"enemies":"Writhing Mass","floor":48.0,"turns":6.0},{"damage":41,"enemies":"Time Eater","floor":50,"turns":15},{"damage":24,"enemies":"Shield and Spear","floor":54,"turns":6},{"damage":69,"enemies":"The Heart","floor":55,"turns":3}],"seed_played":"-4753673148650791057","potions_obtained":[{"floor":10.0,"key":"Swift Potion"},{"floor":11.0,"key":"EntropicBrew"},{"floor":11.0,"key":"LiquidBronze"},{"floor":16.0,"key":"Dexterity Potion"},{"floor":19.0,"key":"AttackPotion"},{"floor":22.0,"key":"Dexterity Potion"},{"floor":24.0,"key":"SkillPotion"},{"floor":28.0,"key":"GamblersBrew"},{"floor":35.0,"key":"EntropicBrew"},{"floor":41.0,"key":"SkillPotion"},{"floor":44.0,"key":"Regen Potion"},{"floor":54,"key":"Dexterity Potion"}],"is_trial":false,"path_per_floor":["M","?","?","$","M","R","E","R","T","E","?","M","M","E","R","B",null,"M","M","$","M","M","R","E","R","T","R","E","R","M","M","M","R","B",null,"M","$","T","?","?","R","E","M","T","E","M","R","M","M","M","R","B",null,"R","$","E","B"],"character_chosen":"DEFECT","items_purchased":["Runic Capacitor","Self Repair","Rip and Tear","Kunai","SkillPotion"],"campfire_rested":5,"item_purchase_floors":[20,20,20,36,53],"current_hp_per_floor":[68,68,68,68,68,68,68,68,68,46,46,46,37,21,41,19,57,51,42,42,40,46,46,39,59,59,59,42,42,31,32,52,47,64,30,30,30,30,30,50,46,48,48,48,46,46,42,26,61,35,61,61,61,44,0],"gold":42,"neow_bonus":"THREE_ENEMY_KILL","is_prod":false,"is_daily":false,"chose_seed":false,"campfire_upgraded":6,"win_rate":0,"timestamp":1542742594,"path_taken":["M","?","?","$","M","R","E","R","T","E","?","M","M","E","R","BOSS","M","M","$","M","M","R","E","R","T","R","E","R","M","M","R","BOSS","M","$","?","?","?","R","E","?","T","E","M","R","M","M","R","BOSS","R","$","E","BOSS"],"build_version":"2018-11-15","purchased_purges":3,"victory":false,"max_hp_per_floor":[75,69,69,69,69,69,69,69,69,69,69,69,69,69,69,69,69,69,69,69,69,69,69,69,69,69,69,69,69,69,69,69,69,69,69,69,69,69,69,69,69,69,69,69,69,69,69,69,69,69,69,69,69,69,69],"card_choices":[{"not_picked":["Barrage","Gash"],"picked":"Streamline","floor":1.0},{"not_picked":["Streamline","Coolheaded"],"picked":"Cold Snap","floor":5.0},{"not_picked":["Hello World","Sweeping Beam"],"picked":"Cold Snap","floor":7.0},{"not_picked":["Reinforced Body","Streamline"],"picked":"Chill","floor":10.0},{"not_picked":["Barrage","Redo"],"picked":"Scrape","floor":12.0},{"not_picked":["Steam","Coolheaded"],"picked":"Go for the Eyes","floor":13.0},{"not_picked":["Fusion","Go for the Eyes"],"picked":"Echo Form","floor":14.0},{"not_picked":["Echo Form","Rainbow"],"picked":"Core Surge","floor":16.0},{"not_picked":["Conserve Battery","Sweeping Beam"],"picked":"Beam Cell","floor":18.0},{"not_picked":["Hologram","Gash"],"picked":"Conserve Battery+1","floor":19.0},{"not_picked":["Stack","Rebound"],"picked":"Cold Snap","floor":21.0},{"not_picked":["Thunder Strike","Conserve Battery"],"picked":"Ball Lightning+1","floor":22.0},{"not_picked":["Defragment","Steam"],"picked":"Consume","floor":24.0},{"not_picked":["Melter","BootSequence"],"picked":"Capacitor","floor":28.0},{"not_picked":["Go for the Eyes","Barrage","Hologram"],"picked":"SKIP","floor":30.0},{"not_picked":["Undo","Self Repair"],"picked":"Aggregate","floor":31.0},{"not_picked":["Electrodynamics","Thunder Strike"],"picked":"Seek","floor":33.0},{"not_picked":["White Noise","Conserve Battery"],"picked":"Chill","floor":35.0},{"not_picked":["Hologram","Compile Driver+1","Steam"],"picked":"SKIP","floor":41.0},{"not_picked":["Leap","Go for the Eyes+1","Doom and Gloom+1"],"picked":"SKIP","floor":42.0},{"not_picked":["Ball Lightning","Compile Driver+1"],"picked":"Conserve Battery+1","floor":44.0},{"not_picked":["Hyperbeam","Skim+1","Barrage+1"],"picked":"SKIP","floor":45.0},{"not_picked":["Hyperbeam","Skim+1"],"picked":"Barrage+1","floor":45.0},{"not_picked":["Gash","Double Energy+1","Blizzard"],"picked":"SKIP","floor":47.0},{"not_picked":["Redo","Conserve Battery"],"picked":"Defragment+1","floor":48},{"not_picked":["Blizzard","Leap"],"picked":"Static Discharge+1","floor":54}],"player_experience":633997,"relics_obtained":[{"floor":7.0,"key":"Turnip"},{"floor":9.0,"key":"Shuriken"},{"floor":10.0,"key":"Omamori"},{"floor":14.0,"key":"PreservedInsect"},{"floor":24.0,"key":"Tiny Chest"},{"floor":26.0,"key":"Bag of Marbles"},{"floor":28.0,"key":"Bronze Scales"},{"floor":41.0,"key":"DataDisk"},{"floor":43.0,"key":"Regal Pillow"},{"floor":44.0,"key":"Symbiotic Virus"},{"floor":54,"key":"Smiling Mask"}],"event_choices":[{"damage_healed":0.0,"max_hp_gain":0.0,"max_hp_loss":6.0,"gold_gain":0.0,"event_name":"Golden Idol","player_choice":"Lose Max HP","floor":2.0,"gold_loss":0.0,"damage_taken":0.0,"relics_obtained":["Golden Idol"]},{"damage_healed":0.0,"max_hp_gain":0.0,"max_hp_loss":0.0,"gold_gain":0.0,"event_name":"Living Wall","player_choice":"Grow","floor":3.0,"gold_loss":0.0,"damage_taken":0.0,"cards_upgraded":["Zap"]},{"damage_healed":0.0,"max_hp_gain":0.0,"max_hp_loss":0.0,"gold_gain":0.0,"event_name":"Lab","player_choice":"Got Potions","floor":11.0,"gold_loss":0.0,"damage_taken":0.0},{"damage_healed":0.0,"max_hp_gain":0.0,"max_hp_loss":0.0,"gold_gain":0.0,"event_name":"Tomb of Lord Red Mask","player_choice":"Paid","floor":38.0,"gold_loss":65.0,"damage_taken":0.0,"relics_obtained":["Red Mask"]},{"damage_healed":0.0,"max_hp_gain":0.0,"max_hp_loss":0.0,"gold_gain":0.0,"event_name":"Upgrade Shrine","player_choice":"Upgraded","floor":39.0,"gold_loss":0.0,"damage_taken":0.0,"cards_upgraded":["Seek"]}],"is_beta":false,"boss_relics":[{"not_picked":["Calling Bell","Eternal Feather"],"picked":"Nuclear Battery"},{"not_picked":["Fusion Hammer","Snecko Eye"],"picked":"Cursed Key"}],"items_purged_floors":[4,36,53],"is_endless":false,"potions_floor_spawned":[10,13,14,16,19,22,24,28,35,41,44,54],"killed_by":"The Heart","ascension_level":12}