{"gold_per_floor":[116,116,130,143,156,191,191,224,224,224,243,262,262,277,277,372,372,382,382,57,74,124,124,154,164,210,210,225,225],"floor_reached":29,"playtime":1535,"items_purged":[],"score":308,"play_id":"a39333e1-3c55-4a6c-a2ac-046c96cc36d9","local_time":"20180815224317","is_ascension_mode":true,"campfire_choices":[{"data":"Neutralize","floor":7,"key":"SMITH"},{"floor":10,"key":"REST"},{"data":"Finisher","floor":15,"key":"SMITH"},{"data":"Tactician","floor":23,"key":"SMITH"},{"floor":27,"key":"REST"}],"neow_cost":"","seed_source_timestamp":2757449119336230,"circlet_count":0,"master_deck":["Defend_G","Defend_G","Defend_G","Defend_G","Defend_G","Strike_G","Strike_G","Strike_G","Strike_G","Strike_G","Survivor","Neutralize+1","Tactician+1","Dash","Heel Hook","Noxious Fumes","Finisher+1","Footwork","Flechettes+1","Blade Dance","Dagger Throw+1","Malaise","Cloak And Dagger+1","Blur","Acrobatics","Acrobatics","Dagger Spray+1","Acrobatics+1"],"relics":["Ring of the Snake","Blue Candle","Molten Egg 2","Pantograph","GremlinMask","HoveringKite","Ninja Scroll","Bag of Preparation","Bronze Scales"],"potions_floor_usage":[5,6,6,8,24,24,28,28],"damage_taken":[{"damage":0,"enemies":"2 Louse","floor":1,"turns":3},{"damage":1,"enemies":"Cultist","floor":3,"turns":4},{"damage":0,"enemies":"Small Slimes","floor":4,"turns":5},{"damage":0,"enemies":"Gremlin Gang","floor":5,"turns":3},{"damage":26,"enemies":"Gremlin Nob","floor":6,"turns":5},{"damage":30,"enemies":"Lagavulin","floor":8,"turns":6},{"damage":8,"enemies":"Large Slime","floor":11,"turns":8},{"damage":7,"enemies":"Exordium Wildlife","floor":12,"turns":5},{"damage":6,"enemies":"Looter","floor":14,"turns":4},{"damage":35,"enemies":"The Guardian","floor":16,"turns":14},{"damage":8,"enemies":"Chosen","floor":18,"turns":6},{"damage":12,"enemies":"3 Byrds","floor":21,"turns":6},{"damage":30,"enemies":"Book of Stabbing","floor":24,"turns":9},{"damage":15,"enemies":"Snake Plant","floor":25,"turns":9},{"damage":18,"enemies":"Centurion and Healer","floor":28,"turns":9},{"damage":13,"enemies":"Chosen and Byrds","floor":29,"turns":4}],"seed_played":"8640256529887998997","potions_obtained":[{"floor":2,"key":"Explosive Potion"},{"floor":2,"key":"Block Potion"},{"floor":2,"key":"Weak Potion"},{"floor":3,"key":"Fire Potion"},{"floor":5,"key":"SteroidPotion"},{"floor":12,"key":"Swift Potion"},{"floor":14,"key":"GhostInAJar"},{"floor":16,"key":"GhostInAJar"},{"floor":25,"key":"Block Potion"}],"is_trial":false,"path_per_floor":["M","?","M","M","M","E","R","E","T","R","M","M","?","M","R","B",null,"M","?","$","M","?","R","E","M","T","R","M"],"character_chosen":"THE_SILENT","items_purchased":["Ninja Scroll","Blur"],"campfire_rested":2,"item_purchase_floors":[20,20],"current_hp_per_floor":[70,70,69,69,69,43,43,13,13,34,26,19,19,13,13,3,70,62,62,62,50,50,50,20,5,5,26,8,0],"gold":225,"neow_bonus":"","is_prod":false,"is_daily":false,"chose_seed":false,"campfire_upgraded":3,"win_rate":0,"timestamp":1534394597,"path_taken":["M","?","M","M","M","E","R","E","T","R","M","M","?","M","R","BOSS","M","?","$","?","?","R","E","M","T","R","M","M"],"build_version":"2018-08-09","purchased_purges":0,"victory":false,"max_hp_per_floor":[70,70,70,70,70,70,70,70,70,70,70,70,70,70,70,70,70,70,70,70,70,70,70,70,70,70,70,70,70],"card_choices":[{"not_picked":["Deadly Poison","Distraction"],"picked":"Tactician","floor":1},{"not_picked":["Choke","Deflect"],"picked":"Dash","floor":3},{"not_picked":["Outmaneuver","Eviscerate"],"picked":"Heel Hook","floor":4},{"not_picked":["Underhanded Strike","Bane"],"picked":"Noxious Fumes","floor":5},{"not_picked":["Dagger Spray","Caltrops"],"picked":"Finisher","floor":6},{"not_picked":["PiercingWail","Calculated Gamble"],"picked":"Footwork","floor":8},{"not_picked":["Bane+1","Slice+1"],"picked":"Flechettes+1","floor":11},{"not_picked":["Accuracy","PiercingWail"],"picked":"Blade Dance","floor":12},{"not_picked":["Acrobatics","Dodge and Roll"],"picked":"Dagger Throw+1","floor":14},{"not_picked":["Grand Finale+1","Unload+1"],"picked":"Malaise","floor":16},{"not_picked":["Setup","All Out Attack+1"],"picked":"Cloak And Dagger+1","floor":18},{"not_picked":["Blade Dance+1","Crippling Poison+1"],"picked":"Acrobatics","floor":21},{"not_picked":["Blade Dance","Dagger Throw+1"],"picked":"Acrobatics","floor":24},{"not_picked":["Venomology","Setup"],"picked":"Dagger Spray+1","floor":25},{"not_picked":["Cloak And Dagger","Blur"],"picked":"Acrobatics+1","floor":28}],"player_experience":396750,"relics_obtained":[{"floor":6,"key":"Blue Candle"},{"floor":8,"key":"Molten Egg 2"},{"floor":9,"key":"Pantograph"},{"floor":24,"key":"Bag of Preparation"},{"floor":26,"key":"Bronze Scales"}],"event_choices":[{"event_name":"The Lab","player_choice":"Got Potions","floor":2,"damage_taken":0},{"event_name":"FaceTrader","player_choice":"Trade","floor":13,"damage_taken":0},{"event_name":"Ghosts","player_choice":"Ignored","floor":19,"damage_taken":0},{"event_name":"The Joust","player_choice":"Bet on Murderer","floor":22,"damage_taken":0}],"is_beta":false,"boss_relics":[{"not_picked":["Snecko Eye","Busted Crown"],"picked":"HoveringKite"}],"items_purged_floors":[],"is_endless":false,"potions_floor_spawned":[3,4,5,12,14,16,21,25],"killed_by":"Chosen and Byrds","ascension_level":4}