{"gold_per_floor":[114,130,144,94,94,94,112,112,187,187,187,207,207,220,220,319,319,332,342,322,341,341,341,361,395,442,442,4,4,16,30,30,30],"floor_reached":33,"playtime":1490,"items_purged":["Decay"],"score":259,"play_id":"32f0b6d9-30ef-49e6-890d-3d13cff3598b","local_time":"20180703132936","is_ascension_mode":false,"campfire_choices":[{"data":"Concentrate","floor":6,"key":"SMITH"},{"data":"Phantasmal Killer","floor":8,"key":"SMITH"},{"data":"Footwork","floor":10,"key":"SMITH"},{"data":"Neutralize","floor":13,"key":"SMITH"},{"data":"Sucker Punch","floor":15,"key":"SMITH"},{"floor":23,"key":"REST"},{"floor":27,"key":"REST"},{"floor":29,"key":"REST"},{"floor":32,"key":"REST"}],"neow_cost":"NONE","seed_source_timestamp":154458891956242,"circlet_count":0,"master_deck":["Survivor","Neutralize+1","Phantasmal Killer+1","Flying Knee+1","Die Die Die","Concentrate+1","Footwork+1","Underhanded Strike","Sucker Punch+1","Night Terror","Skewer","Endless Agony","Deflect","Malaise","Sucker Punch","Underhanded Strike","Underhanded Strike","Reflex","Noxious Fumes","Backstab","Distraction","Sucker Punch","Backflip","Bandage Up","Leg Sweep"],"relics":["Ring of the Snake","Mercury Hourglass","Pandora\u0027s Box","Happy Flower","Singing Bowl","Strange Spoon"],"potions_floor_usage":[16,16,19,25,25,25,33],"damage_taken":[{"damage":0,"enemies":"Jaw Worm","floor":1,"turns":4},{"damage":5,"enemies":"Small Slimes","floor":2,"turns":3},{"damage":0,"enemies":"2 Louse","floor":3,"turns":1},{"damage":5,"enemies":"Looter","floor":7,"turns":3},{"damage":1,"enemies":"Blue Slaver","floor":12,"turns":4},{"damage":0,"enemies":"2 Fungi Beasts","floor":14,"turns":2},{"damage":26,"enemies":"Hexaghost","floor":16,"turns":14},{"damage":29,"enemies":"Shell Parasite","floor":18,"turns":6},{"damage":27,"enemies":"Chosen","floor":19,"turns":4},{"damage":0,"enemies":"Centurion and Healer","floor":21,"turns":5},{"damage":29,"enemies":"Sentry and Sphere","floor":24,"turns":6},{"damage":5,"enemies":"Gremlin Leader","floor":25,"turns":6},{"damage":22,"enemies":"Snecko","floor":30,"turns":5},{"damage":23,"enemies":"Chosen and Byrds","floor":31,"turns":7},{"damage":40,"enemies":"Collector","floor":33,"turns":6}],"seed_played":"-5185018614976371498","potions_obtained":[{"floor":1,"key":"Energy Potion"},{"floor":3,"key":"SkillPotion"},{"floor":14,"key":"AttackPotion"},{"floor":19,"key":"EssenceOfSteel"},{"floor":20,"key":"Dexterity Potion"},{"floor":21,"key":"SkillPotion"},{"floor":31,"key":"Block Potion"}],"is_trial":false,"path_per_floor":["M","M","M","?","?","R","M","R","T","R","?","M","R","M","R","B",null,"M","M","?","M","?","R","M","E","T","R","$","R","M","M","R"],"character_chosen":"THE_SILENT","items_purchased":["Bandage Up","Strange Spoon","Leg Sweep"],"campfire_rested":4,"item_purchase_floors":[28,28,28],"current_hp_per_floor":[70,65,65,65,51,51,46,46,46,46,39,38,38,38,38,12,70,41,14,14,14,14,35,6,1,1,22,22,43,27,10,32,0],"gold":30,"neow_bonus":"ONE_RANDOM_RARE_CARD","is_prod":false,"is_daily":false,"chose_seed":false,"campfire_upgraded":5,"win_rate":0.0,"timestamp":1530646176,"path_taken":["M","M","M","?","?","R","M","R","T","R","?","M","R","M","R","BOSS","M","M","?","M","?","R","M","E","T","R","$","R","?","M","R","BOSS"],"build_version":"2018-06-28","purchased_purges":1,"victory":false,"max_hp_per_floor":[70,70,70,70,70,70,70,70,70,70,70,70,70,70,70,70,70,70,70,70,70,70,70,70,70,70,70,70,70,72,74,74,74],"card_choices":[{"not_picked":["Blade Dance","Backflip"],"picked":"Flying Knee","floor":1},{"not_picked":["Backflip","Outmaneuver"],"picked":"Die Die Die","floor":2},{"not_picked":["Backflip","Dagger Throw"],"picked":"Concentrate","floor":3},{"not_picked":["Deadly Poison","Slice"],"picked":"Footwork","floor":7},{"not_picked":["Setup","Prepared"],"picked":"Underhanded Strike","floor":12},{"not_picked":["Dagger Throw","Deflect"],"picked":"Sucker Punch","floor":14},{"not_picked":["Phantasmal Killer","Storm of Steel"],"picked":"Night Terror","floor":16},{"not_picked":["Outmaneuver","Sucker Punch"],"picked":"Noxious Fumes","floor":18},{"not_picked":["Deadly Poison","Flying Knee"],"picked":"Backstab","floor":19},{"not_picked":["Cloak And Dagger","Sucker Punch"],"picked":"Distraction","floor":21},{"not_picked":["Skewer","Catalyst"],"picked":"Sucker Punch","floor":24},{"not_picked":["Deadly Poison","Cloak And Dagger"],"picked":"Backflip","floor":25},{"not_picked":["Slice","Poisoned Stab+1","Prepared"],"picked":"Singing Bowl","floor":30},{"not_picked":["Poisoned Stab","Flechettes","Predator"],"picked":"Singing Bowl","floor":31}],"player_experience":135086,"relics_obtained":[{"floor":9,"key":"Mercury Hourglass"},{"floor":25,"key":"Happy Flower"},{"floor":26,"key":"Singing Bowl"}],"event_choices":[{"event_name":"The Cleric","player_choice":"Card Removal","floor":4,"damage_taken":0},{"event_name":"Shining Light","player_choice":"Entered Light","floor":5,"damage_taken":0},{"event_name":"Golden Wing","player_choice":"Card Removal","floor":11,"damage_taken":0},{"event_name":"The Woman in Blue","player_choice":"Bought 1 Potion","floor":20,"damage_taken":0},{"event_name":"Forgotten Altar","player_choice":"Smashed Altar","floor":22,"damage_taken":0}],"boss_relics":[{"not_picked":["Lizard Tail","Black Star"],"picked":"Pandora\u0027s Box"}],"items_purged_floors":[28],"is_endless":false,"potions_floor_spawned":[1,3,14,19,21,31],"killed_by":"Collector","ascension_level":0}