{"gold_per_floor":[114,125,125,3,22,22,53,53,53,3,3,34,60,92,104,221,233,235,263,275,299,236,248],"floor_reached":23,"playtime":940,"items_purged":["Regret"],"score":302,"play_id":"c692728c-addb-4c5e-a7be-093e2762d9e4","local_time":"20181102233926","is_ascension_mode":true,"campfire_choices":[{"data":"Zap","floor":6,"key":"SMITH"},{"data":"Streamline","floor":8,"key":"SMITH"},{"data":"Dualcast","floor":11,"key":"SMITH"},{"floor":15,"key":"REST"}],"neow_cost":"NONE","seed_source_timestamp":2593474371690647,"circlet_count":0,"master_deck":["AscendersBane","Strike_B","Strike_B","Strike_B","Defend_B","Defend_B","Defend_B","Zap+1","Dualcast+1","Streamline+1","Steam","Coolheaded+1","Turbo+1","Leap+1","Rip and Tear+1","Darkness+1","Conserve Battery+1","Echo Form","Capacitor","Barrage+1","Darkness+1","Redo+1"],"relics":["Eternal Feather","Toxic Egg 2","Smiling Mask","Molten Egg 2","MawBank","Busted Crown"],"potions_floor_usage":[7,16,18,21],"damage_taken":[{"damage":0,"enemies":"Small Slimes","floor":1,"turns":3},{"damage":3,"enemies":"2 Louse","floor":2,"turns":3},{"damage":2,"enemies":"Jaw Worm","floor":5,"turns":4},{"damage":35,"enemies":"Gremlin Nob","floor":7,"turns":4},{"damage":17,"enemies":"Lagavulin","floor":12,"turns":7},{"damage":12,"enemies":"3 Louse","floor":13,"turns":3},{"damage":13,"enemies":"2 Fungi Beasts","floor":14,"turns":5},{"damage":21,"enemies":"Hexaghost","floor":16,"turns":10},{"damage":24,"enemies":"2 Thieves","floor":18,"turns":4},{"damage":13,"enemies":"Shell Parasite","floor":19,"turns":7},{"damage":25,"enemies":"3 Cultists","floor":21,"turns":6},{"damage":10,"enemies":"Gremlin Leader","floor":23,"turns":1}],"seed_played":"-2498221756444576576","potions_obtained":[{"floor":1,"key":"AttackPotion"},{"floor":7,"key":"SteroidPotion"},{"floor":12,"key":"AttackPotion"},{"floor":16,"key":"SpeedPotion"},{"floor":18,"key":"Fruit Juice"}],"is_trial":false,"path_per_floor":["M","M","?","$","M","R","E","R","T","?","R","E","M","M","R","B",null,"M","M","?","M","?","E"],"character_chosen":"DEFECT","items_purchased":["Coolheaded+1"],"campfire_rested":1,"item_purchase_floors":[4],"current_hp_per_floor":[68,65,65,65,63,72,37,46,46,46,55,38,26,13,44,23,62,43,30,30,5,5,0],"gold":248,"neow_bonus":"BOSS_RELIC","is_prod":false,"is_daily":false,"chose_seed":false,"campfire_upgraded":3,"win_rate":0,"timestamp":1541223566,"path_taken":["M","M","?","$","M","R","E","R","T","?","R","E","M","M","R","BOSS","M","M","?","M","?","E"],"build_version":"2018-11-01","purchased_purges":1,"victory":false,"max_hp_per_floor":[75,75,75,75,75,75,75,75,75,75,75,75,75,75,75,75,75,80,80,80,80,80,80],"card_choices":[{"not_picked":["Hello World","Stack"],"picked":"Streamline","floor":1},{"not_picked":["Skim","Storm"],"picked":"Steam","floor":2},{"not_picked":["Skim+1","Beam Cell"],"picked":"Turbo+1","floor":5},{"not_picked":["Reprogram+1","Sweeping Beam"],"picked":"Leap+1","floor":7},{"not_picked":["Redo+1","Gash+1"],"picked":"Rip and Tear+1","floor":12},{"not_picked":["Leap+1","Steam+1"],"picked":"Darkness+1","floor":13},{"not_picked":["Compile Driver+1","FTL+1"],"picked":"Conserve Battery+1","floor":14},{"not_picked":["Core Surge+1","Hyperbeam+1"],"picked":"Echo Form","floor":16},{"not_picked":[],"picked":"Capacitor","floor":18},{"not_picked":[],"picked":"Barrage+1","floor":19},{"not_picked":[],"picked":"Redo+1","floor":21}],"player_experience":536414,"relics_obtained":[{"floor":7,"key":"Smiling Mask"},{"floor":9,"key":"Molten Egg 2"},{"floor":12,"key":"MawBank"}],"event_choices":[{"damage_healed":0,"gold_gain":0,"player_choice":"Box","damage_taken":0,"relics_obtained":["Toxic Egg 2"],"max_hp_gain":0,"max_hp_loss":0,"event_name":"Big Fish","floor":3,"gold_loss":0,"cards_obtained":["Regret"]},{"cards_removed":["Strike_B"],"damage_healed":0,"gold_gain":0,"player_choice":"Card Removal","damage_taken":0,"max_hp_gain":0,"max_hp_loss":0,"event_name":"The Cleric","floor":10,"gold_loss":50},{"damage_healed":0,"gold_gain":0,"player_choice":"Read","damage_taken":0,"max_hp_gain":0,"max_hp_loss":0,"event_name":"The Library","floor":20,"gold_loss":0,"cards_obtained":["Darkness"]},{"cards_removed":["Defend_B"],"damage_healed":0,"gold_gain":0,"player_choice":"Gave Gold","damage_taken":0,"max_hp_gain":0,"max_hp_loss":0,"event_name":"Beggar","floor":22,"gold_loss":75}],"is_beta":false,"boss_relics":[{"not_picked":["Astrolabe","Orrery"],"picked":"Busted Crown"}],"items_purged_floors":[4],"is_endless":false,"potions_floor_spawned":[1,7,12,16,18],"killed_by":"Gremlin Leader","ascension_level":10}