{"gold_per_floor":[136,136,211,245,51,51,83,94,117,117,135,135,135,207,207,332,332,356,396,396,396,409,440,440,478,505,530,530,530,38,62,62,183,183,196,529,3,13,13,47,47,47],"floor_reached":42,"playtime":4177,"items_purged":[],"score":537,"play_id":"c3a358d3-df45-42e6-a728-1471a92212c6","local_time":"20190130205822","daily_mods":["Shiny","Colorless Cards","Elite Swarm"],"is_ascension_mode":false,"campfire_choices":[{"floor":6.0,"key":"REST"},{"floor":10.0,"key":"REST"},{"floor":13.0,"key":"REST"},{"data":"Apotheosis","floor":15.0,"key":"SMITH"},{"floor":24.0,"key":"REST"},{"floor":29.0,"key":"REST"},{"floor":32.0,"key":"REST"}],"neow_cost":"","seed_source_timestamp":0,"circlet_count":0,"master_deck":["Venomology","Corpse Explosion","Malaise","Phantasmal Killer","Die Die Die","Adrenaline","Envenom","Doppelganger","Burst","Wraith Form v2","Tools of the Trade","Night Terror","Unload","After Image","Bullet Time","Storm of Steel","Glass Knife","A Thousand Cuts","Grand Finale","Thinking Ahead","Metamorphosis","Master of Strategy","Magnetism","Chrysalis","Transmutation","HandOfGreed","Mayhem","Apotheosis+1","Secret Weapon","Panache","Violence","Secret Technique","The Bomb","Sadistic Nature","Slice","Quick Slash","Secret Technique","Outmaneuver","Outmaneuver","Injury","Bullet Time","Bouncing Flask","Dark Shackles","Flash of Steel+1","Bullet Time","Die Die Die","Flying Knee","All Out Attack","Dagger Spray","Unload","Dagger Spray","Flechettes","Prepared","Backflip","Choke","Storm of Steel"],"special_seed":0,"relics":["Ring of the Snake","Lantern","Medical Kit","Boot","Centennial Puzzle","Bottled Flame","Runic Pyramid","MutagenicStrength","Mummified Hand","Calipers","Orichalcum","Incense Burner","Bag of Marbles","Fusion Hammer","Sling","Oddly Smooth Stone","Dodecahedron","Blue Candle"],"potions_floor_usage":[42],"damage_taken":[{"damage":0.0,"enemies":"2 Louse","floor":1.0,"turns":2.0},{"damage":0.0,"enemies":"Cultist","floor":4.0,"turns":2.0},{"damage":32.0,"enemies":"Lagavulin","floor":7.0,"turns":5.0},{"damage":11.0,"enemies":"Jaw Worm","floor":8.0,"turns":2.0},{"damage":6.0,"enemies":"2 Fungi Beasts","floor":11.0,"turns":2.0},{"damage":61.0,"enemies":"The Guardian","floor":16.0,"turns":5.0},{"damage":10.0,"enemies":"Spheric Guardian","floor":18.0,"turns":3.0},{"damage":17.0,"enemies":"3 Byrds","floor":19.0,"turns":4.0},{"damage":8.0,"enemies":"Snecko","floor":22.0,"turns":3.0},{"damage":18.0,"enemies":"Book of Stabbing","floor":23.0,"turns":5.0},{"damage":35.0,"enemies":"Gremlin Leader","floor":25.0,"turns":7.0},{"damage":0.0,"enemies":"Cultist and Chosen","floor":27.0,"turns":3.0},{"damage":0.0,"enemies":"Snake Plant","floor":31.0,"turns":2.0},{"damage":15.0,"enemies":"Collector","floor":33.0,"turns":6.0},{"damage":0.0,"enemies":"Orb Walker","floor":35.0,"turns":1.0},{"damage":14.0,"enemies":"3 Darklings","floor":38.0,"turns":3.0},{"damage":7.0,"enemies":"Giant Head","floor":40.0,"turns":5.0},{"damage":82,"enemies":"Nemesis","floor":42,"turns":4}],"seed_played":"-1674690611718405551","potions_obtained":[{"floor":4.0,"key":"Weak Potion"},{"floor":8.0,"key":"Explosive Potion"},{"floor":27.0,"key":"SkillPotion"},{"floor":35.0,"key":"Regen Potion"}],"is_trial":true,"path_per_floor":["?","?","M","?","T","?","?","?","?","?","T"],"character_chosen":"THE_SILENT","items_purchased":["Medical Kit","Incense Burner","Bag of Marbles","All Out Attack","Sling","Flechettes","Prepared","Oddly Smooth Stone","Backflip"],"campfire_rested":6,"item_purchase_floors":[5,30,30,30,37,37,37,37,37],"current_hp_per_floor":[70,67,56,56,56,70,38,27,27,48,42,42,63,63,63,2,70,60,43,43,43,35,17,38,3,3,3,3,24,24,24,45,30,70,70,70,70,56,56,54,54,0],"gold":47,"neow_bonus":"","is_prod":false,"is_daily":false,"chose_seed":false,"campfire_upgraded":1,"win_rate":0.0,"timestamp":1548878302,"path_taken":["M","?","?","?","$","R","E","M","T","R","M","?","R","?","R","BOSS","M","M","?","?","M","E","R","E","T","M","?","R","$","M","R","BOSS","M","?","$","M","?","E","?","E"],"build_version":"2019-01-23","purchased_purges":0,"victory":false,"max_hp_per_floor":[70,70,70,70,70,70,70,70,70,70,70,70,70,70,70,70,70,70,70,70,70,70,70,70,70,70,70,70,70,70,70,70,70,70,70,70,70,70,70,70,70,70],"card_choices":[{"not_picked":["Flechettes","Masterful Stab"],"picked":"Slice","floor":1.0},{"not_picked":["Escape Plan","Deflect"],"picked":"Quick Slash","floor":4.0},{"not_picked":["Doppelganger","Grand Finale"],"picked":"Secret Technique","floor":7.0},{"not_picked":["Bane","Quick Slash"],"picked":"Outmaneuver","floor":8.0},{"not_picked":["Caltrops","Dagger Spray"],"picked":"Outmaneuver","floor":11.0},{"not_picked":["Grand Finale","Violence"],"picked":"Bullet Time","floor":16.0},{"not_picked":["Finisher","Escape Plan+1"],"picked":"Bouncing Flask","floor":18.0},{"not_picked":["Underhanded Strike","Tactician"],"picked":"Dark Shackles","floor":19.0},{"not_picked":["Panacea","Outmaneuver"],"picked":"Flash of Steel+1","floor":22.0},{"not_picked":["Magnetism","Wraith Form v2"],"picked":"Bullet Time","floor":23.0},{"not_picked":["Burst","Apotheosis"],"picked":"Die Die Die","floor":25.0},{"not_picked":["Underhanded Strike+1","Dodge and Roll"],"picked":"Flying Knee","floor":27.0},{"not_picked":["Heel Hook","Cloak And Dagger+1"],"picked":"Dagger Spray","floor":31.0},{"not_picked":["Night Terror","Malaise"],"picked":"Unload","floor":33.0},{"not_picked":["Panacea","Flying Knee+1"],"picked":"Dagger Spray","floor":35.0},{"not_picked":["Purity+1","Deflect"],"picked":"Choke","floor":38.0},{"not_picked":["HandOfGreed","Burst"],"picked":"Storm of Steel","floor":40.0}],"player_experience":43955,"relics_obtained":[{"floor":7.0,"key":"Boot"},{"floor":9.0,"key":"Centennial Puzzle"},{"floor":14.0,"key":"Bottled Flame"},{"floor":23.0,"key":"Mummified Hand"},{"floor":25.0,"key":"Calipers"},{"floor":26.0,"key":"Orichalcum"},{"floor":40.0,"key":"Dodecahedron"},{"floor":41,"key":"Blue Candle"}],"event_choices":[{"damage_healed":0.0,"max_hp_gain":0.0,"max_hp_loss":0.0,"gold_gain":0.0,"event_name":"Scrap Ooze","player_choice":"Success","floor":2.0,"gold_loss":0.0,"damage_taken":3.0,"relics_obtained":["Lantern"]},{"damage_healed":0.0,"max_hp_gain":0.0,"max_hp_loss":0.0,"gold_gain":75.0,"event_name":"World of Goop","player_choice":"Gather Gold","floor":3.0,"gold_loss":0.0,"damage_taken":11.0},{"damage_healed":0.0,"max_hp_gain":0.0,"max_hp_loss":0.0,"gold_gain":0.0,"event_name":"Golden Idol","player_choice":"Take Wound","floor":12.0,"gold_loss":0.0,"damage_taken":0.0,"relics_obtained":["Golden Idol"],"cards_obtained":["Injury"]},{"damage_healed":0.0,"max_hp_gain":0.0,"max_hp_loss":0.0,"gold_gain":0.0,"event_name":"Drug Dealer","player_choice":"Inject Mutagens","floor":20.0,"gold_loss":0.0,"damage_taken":0.0,"relics_obtained":["MutagenicStrength"]},{"damage_healed":0.0,"max_hp_gain":0.0,"max_hp_loss":0.0,"gold_gain":0.0,"event_name":"Back to Basics","player_choice":"Simplicity","floor":21.0,"gold_loss":0.0,"damage_taken":0.0,"cards_upgraded":[]},{"damage_healed":0.0,"max_hp_gain":0.0,"max_hp_loss":0.0,"gold_gain":0.0,"event_name":"Vampires","player_choice":"Ignored","floor":28.0,"gold_loss":0.0,"damage_taken":0.0},{"damage_healed":0.0,"max_hp_gain":0.0,"max_hp_loss":0.0,"gold_gain":333.0,"event_name":"The Moai Head","player_choice":"Gave Idol","floor":36.0,"relics_lost":["Golden Idol"],"gold_loss":0.0,"damage_taken":0.0},{"damage_healed":0.0,"max_hp_gain":0.0,"max_hp_loss":0.0,"gold_gain":0.0,"event_name":"Mysterious Sphere","player_choice":"Ignored","floor":39.0,"gold_loss":0.0,"damage_taken":0.0}],"is_beta":false,"boss_relics":[{"not_picked":["WristBlade","Empty Cage"],"picked":"Runic Pyramid"},{"not_picked":["Cursed Key","HoveringKite"],"picked":"Fusion Hammer"}],"items_purged_floors":[],"is_endless":false,"potions_floor_spawned":[4,8,18,23,27,35,40],"killed_by":"Nemesis","ascension_level":0}