{"gold_per_floor":[113,125,142,71,83,83,95,95,95,115,130,130,140,140],"floor_reached":14,"playtime":1216,"items_purged":[],"score":99,"play_id":"0d17f122-f793-4959-9df1-92de1f4b956e","local_time":"20190311145213","is_ascension_mode":true,"campfire_choices":[{"data":"Searing Blow","floor":8,"key":"SMITH"},{"data":"Searing Blow+1","floor":12,"key":"SMITH"}],"neow_cost":"NONE","seed_source_timestamp":2226472097218330,"circlet_count":0,"master_deck":["Strike_R","Strike_R","Strike_R","Strike_R","Strike_R","Defend_R","Defend_R","Defend_R","Defend_R","Bash+1","Pommel Strike","Evolve","Shockwave","Searing Blow+2","Feel No Pain","Regret","Shrug It Off","Reaper","Seeing Red"],"relics":["Burning Blood","Bag of Preparation","Dodecahedron"],"potions_floor_usage":[10,13],"damage_taken":[{"damage":4,"enemies":"Jaw Worm","floor":1,"turns":4},{"damage":7,"enemies":"Small Slimes","floor":2,"turns":3},{"damage":2,"enemies":"2 Louse","floor":3,"turns":2},{"damage":22,"enemies":"Red Slaver","floor":5,"turns":4},{"damage":14,"enemies":"Blue Slaver","floor":7,"turns":3},{"damage":43,"enemies":"Gremlin Gang","floor":10,"turns":5},{"damage":6,"enemies":"2 Fungi Beasts","floor":11,"turns":3},{"damage":11,"enemies":"Looter","floor":13,"turns":3},{"damage":24,"enemies":"Exordium Thugs","floor":14,"turns":6}],"seed_played":"2637697476391076029","potions_obtained":[{"floor":1,"key":"Weak Potion"},{"floor":2,"key":"SneckoOil"},{"floor":7,"key":"SpeedPotion"},{"floor":13,"key":"SpeedPotion"}],"is_trial":false,"path_per_floor":["M","M","M","$","M","?","M","R","T","M","M","R","M","M"],"character_chosen":"IRONCLAD","items_purchased":["Searing Blow"],"campfire_rested":0,"item_purchase_floors":[4],"current_hp_per_floor":[80,79,80,80,64,64,56,56,56,19,19,19,18,2],"gold":140,"neow_bonus":"UPGRADE_CARD","is_prod":false,"is_daily":false,"chose_seed":false,"campfire_upgraded":2,"win_rate":0,"timestamp":1552283533,"path_taken":["M","M","M","$","M","?","M","R","T","M","M","R","M","M"],"build_version":"2019-01-23","purchased_purges":0,"victory":false,"max_hp_per_floor":[80,80,80,80,80,80,80,80,80,80,80,80,80,80],"card_choices":[{"not_picked":["Flame Barrier","Armaments"],"picked":"Pommel Strike","floor":1},{"not_picked":["Carnage","Rage"],"picked":"Evolve","floor":2},{"not_picked":["Feel No Pain","Iron Wave"],"picked":"Shockwave","floor":3},{"not_picked":["Clash","Iron Wave"],"picked":"Feel No Pain","floor":5},{"not_picked":["Sword Boomerang","Heavy Blade","Iron Wave"],"picked":"SKIP","floor":7},{"not_picked":["Carnage","Sentinel"],"picked":"Shrug It Off","floor":10},{"not_picked":["Anger","Sever Soul"],"picked":"Reaper","floor":11},{"not_picked":["Pommel Strike","Intimidate"],"picked":"Seeing Red","floor":13}],"player_experience":308232,"relics_obtained":[{"floor":9,"key":"Dodecahedron"}],"event_choices":[{"damage_healed":0,"gold_gain":0,"player_choice":"Box","damage_taken":0,"relics_obtained":["Bag of Preparation"],"max_hp_gain":0,"max_hp_loss":0,"event_name":"Big Fish","floor":6,"gold_loss":0,"cards_obtained":["Regret"]}],"is_beta":false,"boss_relics":[],"items_purged_floors":[],"is_endless":false,"potions_floor_spawned":[1,2,7,13],"killed_by":"Exordium Thugs","ascension_level":3}