{"gold_per_floor":[113,288,288,288,63,63,78,103,148,148,166,166],"floor_reached":12,"playtime":304,"items_purged":["Regret"],"score":95,"play_id":"c5d468b7-34b3-474d-a51f-b31ee3893508","local_time":"20190315220300","is_ascension_mode":true,"campfire_choices":[{"data":"Bash","floor":6,"key":"SMITH"}],"neow_cost":"CURSE","seed_source_timestamp":21750720383822,"circlet_count":0,"master_deck":["Strike_R","Strike_R","Strike_R","Strike_R","Strike_R","Defend_R","Defend_R","Defend_R","Defend_R","Bash+1","Injury","Doubt","Injury","Body Slam+1","Shrug It Off","Body Slam"],"relics":["Burning Blood","Calipers","Golden Idol","Ancient Tea Set","Bronze Scales","Strawberry"],"potions_floor_usage":[11],"damage_taken":[{"damage":2,"enemies":"Small Slimes","floor":1,"turns":5},{"damage":10,"enemies":"2 Louse","floor":7,"turns":3},{"damage":11,"enemies":"Cultist","floor":8,"turns":3},{"damage":50,"enemies":"Gremlin Gang","floor":11,"turns":5},{"damage":16,"enemies":"Gremlin Nob","floor":12,"turns":3}],"seed_played":"-6070289677421128908","potions_obtained":[{"floor":7,"key":"SteroidPotion"},{"floor":11,"key":"Energy Potion"}],"is_trial":false,"path_per_floor":["M","?","?","?","$","R","M","M","T","?","M","E"],"character_chosen":"IRONCLAD","items_purchased":["Bronze Scales"],"campfire_rested":0,"item_purchase_floors":[5],"current_hp_per_floor":[76,76,76,76,76,76,72,67,74,74,30,14],"gold":166,"neow_bonus":"ONE_RARE_RELIC","is_prod":false,"is_daily":false,"chose_seed":false,"campfire_upgraded":1,"win_rate":0,"timestamp":1552654980,"path_taken":["M","?","?","?","$","R","M","M","T","?","M","E"],"build_version":"2019-01-23","purchased_purges":1,"victory":false,"max_hp_per_floor":[80,80,80,80,80,80,80,80,87,87,87,87],"card_choices":[{"not_picked":["Perfected Strike","Flex","Hemokinesis"],"picked":"SKIP","floor":1},{"not_picked":["Shrug It Off","Wild Strike"],"picked":"Body Slam","floor":7},{"not_picked":["Anger","Dark Embrace"],"picked":"Shrug It Off","floor":8},{"not_picked":["Armaments","Ghostly Armor"],"picked":"Body Slam","floor":11}],"player_experience":384082,"relics_obtained":[{"floor":9,"key":"Strawberry"}],"event_choices":[{"damage_healed":0,"gold_gain":175,"player_choice":"AGREE","damage_taken":0,"max_hp_gain":0,"max_hp_loss":0,"event_name":"Liars Game","floor":2,"gold_loss":0,"cards_obtained":["Doubt"]},{"damage_healed":0,"gold_gain":0,"player_choice":"Take Wound","damage_taken":0,"relics_obtained":["Golden Idol"],"max_hp_gain":0,"max_hp_loss":0,"event_name":"Golden Idol","floor":3,"gold_loss":0,"cards_obtained":["Injury"]},{"damage_healed":0,"gold_gain":0,"player_choice":"Box","damage_taken":0,"relics_obtained":["Ancient Tea Set"],"max_hp_gain":0,"max_hp_loss":0,"event_name":"Big Fish","floor":4,"gold_loss":0,"cards_obtained":["Regret"]},{"damage_healed":0,"gold_gain":0,"player_choice":"Upgraded","damage_taken":0,"max_hp_gain":0,"max_hp_loss":0,"event_name":"Upgrade Shrine","floor":10,"gold_loss":0,"cards_upgraded":["Body Slam"]}],"is_beta":false,"boss_relics":[],"items_purged_floors":[5],"is_endless":false,"potions_floor_spawned":[7,11],"killed_by":"Gremlin Nob","ascension_level":8}