{"gold_per_floor":[111,124,142,160,260,260,290,30,30,30,47,47,61,61,61,61],"floor_reached":16,"playtime":457,"items_purged":["Strike_R"],"score":138,"play_id":"c3007126-cbbb-4729-b165-584e45ef74c4","local_time":"20190317122832","is_ascension_mode":true,"campfire_choices":[{"data":"Armaments","floor":6,"key":"SMITH"},{"floor":10,"key":"REST"},{"data":"Fiend Fire","floor":12,"key":"SMITH"},{"data":"Pommel Strike","floor":15,"key":"SMITH"}],"neow_cost":"NONE","seed_source_timestamp":216245706480705,"circlet_count":0,"master_deck":["Strike_R","Strike_R","Strike_R","Strike_R","Defend_R","Defend_R","Defend_R","Defend_R","Bash+1","Cleave","True Grit+1","Havoc","Armaments+1","Dropkick","Fiend Fire+1","Shrug It Off+1","Pommel Strike+1","Pummel"],"relics":["Burning Blood","Vajra","War Paint"],"potions_floor_usage":[7,16],"damage_taken":[{"damage":7,"enemies":"2 Louse","floor":1,"turns":3},{"damage":1,"enemies":"Cultist","floor":2,"turns":3},{"damage":7,"enemies":"Jaw Worm","floor":3,"turns":3},{"damage":4,"enemies":"Red Slaver","floor":4,"turns":4},{"damage":42,"enemies":"Lagavulin","floor":7,"turns":9},{"damage":8,"enemies":"Large Slime","floor":11,"turns":5},{"damage":0,"enemies":"Looter","floor":13,"turns":2},{"damage":69,"enemies":"Hexaghost","floor":16,"turns":11}],"seed_played":"1739598300656686314","potions_obtained":[{"floor":2,"key":"Fire Potion"},{"floor":3,"key":"FearPotion"}],"is_trial":false,"path_per_floor":["?"],"character_chosen":"IRONCLAD","items_purchased":["Fiend Fire","Shrug It Off"],"campfire_rested":1,"item_purchase_floors":[8,8],"current_hp_per_floor":[71,76,75,77,77,77,41,41,41,65,63,63,69,69,69,0],"gold":61,"neow_bonus":"UPGRADE_CARD","is_prod":false,"is_daily":false,"chose_seed":false,"campfire_upgraded":3,"win_rate":0,"timestamp":1552822112,"path_taken":["M","M","M","M","?","R","E","$","T","R","M","R","M","$","R","BOSS"],"build_version":"2019-01-23","purchased_purges":1,"victory":false,"max_hp_per_floor":[80,80,80,80,80,80,80,80,80,80,80,80,80,80,80,80],"card_choices":[{"not_picked":["Clothesline","Body Slam"],"picked":"Cleave","floor":1},{"not_picked":["Perfected Strike","Cleave"],"picked":"True Grit","floor":2},{"not_picked":["Reckless Charge","Thunderclap"],"picked":"Havoc","floor":3},{"not_picked":["Cleave","Warcry"],"picked":"Armaments","floor":4},{"not_picked":["Anger","Reaper"],"picked":"Dropkick","floor":7},{"not_picked":["Wild Strike","Twin Strike"],"picked":"Pommel Strike","floor":11},{"not_picked":["Blood for Blood","Headbutt"],"picked":"Pummel","floor":13}],"player_experience":359798,"relics_obtained":[{"floor":7,"key":"Vajra"},{"floor":9,"key":"War Paint"}],"event_choices":[{"damage_healed":0,"gold_gain":100,"player_choice":"Pray","damage_taken":0,"max_hp_gain":0,"max_hp_loss":0,"event_name":"Golden Shrine","floor":5,"gold_loss":0}],"is_beta":false,"boss_relics":[],"items_purged_floors":[8],"is_endless":false,"potions_floor_spawned":[2,3],"killed_by":"Hexaghost","ascension_level":7}