{"gold_per_floor":[117,192,210,228,248,248,271,291,363,379,379,397,397,417,417,513,513,528,453,49,49,60,60,73,73,73,92,92],"floor_reached":28,"playtime":973,"items_purged":["Strike_G"],"score":214,"play_id":"cdb39636-45b0-4d56-94e3-24cfca27b89c","local_time":"20180809115653","is_ascension_mode":false,"campfire_choices":[{"data":"Sucker Punch","floor":6,"key":"SMITH"},{"data":"Crippling Poison","floor":11,"key":"SMITH"},{"floor":15,"key":"REST"},{"floor":23,"key":"REST"},{"floor":25,"key":"REST"}],"neow_cost":"NONE","seed_source_timestamp":2200901989322511,"circlet_count":0,"master_deck":["Defend_G","Defend_G","Defend_G","Defend_G","Defend_G","Strike_G","Strike_G","Strike_G","Survivor","Neutralize","Crippling Poison+1","Sucker Punch+1","Sucker Punch","Dodge and Roll","Dodge and Roll","Dagger Spray","Predator","Backflip","Heel Hook","Die Die Die","Dagger Spray+1","Trip","Unload","Caltrops","Acrobatics","Slice+1","Sucker Punch+1"],"relics":["Philosopher\u0027s Stone"],"potions_floor_usage":[12,16,22],"damage_taken":[{"damage":4,"enemies":"Jaw Worm","floor":1,"turns":5},{"damage":0,"enemies":"2 Louse","floor":3,"turns":3},{"damage":0,"enemies":"Small Slimes","floor":4,"turns":4},{"damage":0,"enemies":"Blue Slaver","floor":5,"turns":4},{"damage":10,"floor":7,"turns":4},{"damage":18,"enemies":"Exordium Wildlife","floor":8,"turns":5},{"damage":2,"enemies":"2 Fungi Beasts","floor":10,"turns":4},{"damage":15,"enemies":"Lots of Slimes","floor":12,"turns":2},{"damage":0,"enemies":"Blue Slaver","floor":14,"turns":4},{"damage":21,"enemies":"Slime Boss","floor":16,"turns":10},{"damage":17,"enemies":"Spheric Guardian","floor":18,"turns":5},{"damage":27,"enemies":"2 Thieves","floor":22,"turns":4},{"damage":26,"enemies":"Snake Plant","floor":24,"turns":4},{"damage":23,"enemies":"Centurion and Healer","floor":27,"turns":6},{"damage":25,"enemies":"Slaver and Parasite","floor":28,"turns":2}],"seed_played":"-6455674795208752774","potions_obtained":[{"floor":3,"key":"Energy Potion"},{"floor":4,"key":"LiquidBronze"},{"floor":5,"key":"GamblersBrew"},{"floor":12,"key":"FairyPotion"},{"floor":22,"key":"SteroidPotion"},{"floor":24,"key":"SteroidPotion"}],"is_trial":false,"path_per_floor":["M","?","M","M","M","R","?","M","T","M","R","M","?","M","R","B",null,"M","?","$","?","M","R","M","R","T","M"],"character_chosen":"THE_SILENT","items_purchased":["Trip","Unload","Caltrops"],"campfire_rested":3,"item_purchase_floors":[20,20,20],"current_hp_per_floor":[66,55,55,55,55,55,45,27,27,25,25,10,10,10,31,10,70,53,53,53,40,13,35,9,31,31,8,0],"gold":92,"neow_bonus":"BOSS_RELIC","is_prod":false,"is_daily":false,"chose_seed":false,"campfire_upgraded":2,"win_rate":0,"timestamp":1533837413,"path_taken":["M","?","M","M","M","R","?","M","T","M","R","?","?","?","R","BOSS","M","?","$","?","M","R","M","R","T","M","?"],"build_version":"2018-08-02","purchased_purges":1,"victory":false,"max_hp_per_floor":[70,70,70,70,70,70,70,70,70,70,70,70,70,70,70,70,70,70,70,70,75,75,75,75,75,75,75,75],"card_choices":[{"not_picked":["Blade Dance","Slice"],"picked":"Crippling Poison","floor":1},{"not_picked":["Quick Slash","Skewer"],"picked":"Sucker Punch","floor":3},{"not_picked":["Choke","Dagger Throw"],"picked":"Sucker Punch","floor":4},{"not_picked":["Reflex","Bane"],"picked":"Dodge and Roll","floor":5},{"not_picked":["Underhanded Strike","Masterful Stab"],"picked":"Dodge and Roll","floor":7},{"not_picked":["Deadly Poison","Deflect"],"picked":"Dagger Spray","floor":8},{"not_picked":["Caltrops","Flechettes"],"picked":"Predator","floor":10},{"not_picked":["Tactician","Well Laid Plans"],"picked":"Backflip","floor":12},{"not_picked":["Cloak And Dagger","Choke"],"picked":"Heel Hook","floor":14},{"not_picked":["A Thousand Cuts","Grand Finale"],"picked":"Die Die Die","floor":16},{"not_picked":["Masterful Stab+1","Sucker Punch"],"picked":"Dagger Spray+1","floor":18},{"not_picked":["Masterful Stab","Dash"],"picked":"Acrobatics","floor":22},{"not_picked":["Dodge and Roll","Poisoned Stab"],"picked":"Slice+1","floor":24},{"not_picked":["Blade Dance","Outmaneuver"],"picked":"Sucker Punch+1","floor":27}],"player_experience":366300,"relics_obtained":[],"event_choices":[{"event_name":"World of Goop","player_choice":"Gather Gold","floor":2,"damage_taken":0},{"event_name":"Mushrooms","player_choice":"Fought Mushrooms","floor":7,"damage_taken":0},{"event_name":"WeMeetAgain","player_choice":"Attack","floor":13,"damage_taken":0},{"event_name":"Beggar","player_choice":"Gave Gold","floor":19,"damage_taken":0},{"event_name":"Forgotten Altar","player_choice":"Shed Blood","floor":21,"damage_taken":0}],"is_beta":false,"boss_relics":[{"not_picked":["Coffee Dripper","Snecko Eye","HoveringKite"]}],"items_purged_floors":[20],"is_endless":false,"potions_floor_spawned":[3,4,5,12,22,24],"killed_by":"Slaver and Parasite","ascension_level":0}