{"gold_per_floor":[111,23,40,115,115,115,146,146,146,146,177,195,206,216,216,319,369,382,305,154,170,188,213,213,245,245,257,257,257,273,300,300,395,395,414,71,118,130,130,161,161,193,193,193,193,213,227,253,253,253],"floor_reached":51,"playtime":2750,"items_purged":[],"score":1116,"play_id":"35ce37cf-5cff-4afa-96ad-57336aead183","local_time":"20180813124242","is_ascension_mode":true,"campfire_choices":[{"data":"Defragment","floor":6.0,"key":"SMITH"},{"data":"Glacier","floor":8.0,"key":"SMITH"},{"data":"Beam Cell","floor":10.0,"key":"SMITH"},{"floor":15.0,"key":"REST"},{"floor":24.0,"key":"REST"},{"data":"Defragment","floor":29.0,"key":"SMITH"},{"floor":32.0,"key":"REST"},{"floor":41.0,"key":"REST"},{"floor":45,"key":"REST"},{"floor":49,"key":"REST"}],"neow_cost":"NONE","seed_source_timestamp":2547334269502940,"circlet_count":0,"master_deck":["Zap","Dualcast","Cold Snap","Leap","Streamline+1","Streamline","Glacier+1","Sweeping Beam","Rip and Tear","Compile Driver","Go for the Eyes","Defragment+1","Beam Cell+1","Hello World","Turbo","Steam","Conserve Battery","Gash","All For One","Defragment+1","J.A.X.","FTL+1","Sunder","Hologram","Glacier+1","Leap","Go for the Eyes","Buffer","Darkness+1","Sadistic Nature","Scrape","Redo+1","Loop","Fusion","Go for the Eyes+1","Steam+1","Consume+1"],"special_seed":0,"relics":["Pandora\u0027s Box","Letter Opener","Regal Pillow","Happy Flower","Shuriken","Tiny House","Omamori","Bag of Preparation","Smiling Mask","Darkstone Periapt","Dodecahedron","Inserter","Lantern","Torii","Ancient Tea Set","Cables","Dream Catcher","Anchor"],"potions_floor_usage":[50,50,50],"damage_taken":[{"damage":0.0,"enemies":"2 Louse","floor":1.0,"turns":2.0},{"damage":0.0,"enemies":"Jaw Worm","floor":3.0,"turns":3.0},{"damage":12.0,"enemies":"Gremlin Nob","floor":7.0,"turns":3.0},{"damage":21.0,"enemies":"3 Sentries","floor":11.0,"turns":6.0},{"damage":0.0,"enemies":"Cultist","floor":12.0,"turns":3.0},{"damage":5.0,"enemies":"Looter","floor":13.0,"turns":2.0},{"damage":0.0,"enemies":"3 Louse","floor":14.0,"turns":3.0},{"damage":0.0,"enemies":"Slime Boss","floor":16.0,"turns":7.0},{"damage":6.0,"enemies":"3 Byrds","floor":18.0,"turns":3.0},{"damage":3.0,"enemies":"Spheric Guardian","floor":21.0,"turns":4.0},{"damage":1.0,"enemies":"Snecko","floor":22.0,"turns":3.0},{"damage":39.0,"enemies":"Slavers","floor":23.0,"turns":3.0},{"damage":13.0,"enemies":"Gremlin Leader","floor":25.0,"turns":5.0},{"damage":3.0,"enemies":"Chosen and Byrds","floor":27.0,"turns":3.0},{"damage":0.0,"enemies":"Snake Plant","floor":30.0,"turns":4.0},{"damage":26.0,"enemies":"Slavers","floor":31.0,"turns":5.0},{"damage":11.0,"enemies":"Automaton","floor":33.0,"turns":10.0},{"damage":0.0,"enemies":"3 Darklings","floor":35.0,"turns":6.0},{"damage":8.0,"floor":37.0,"turns":4.0},{"damage":16.0,"enemies":"Flame Bruiser 1 Orb","floor":38.0,"turns":8.0},{"damage":28.0,"enemies":"Giant Head","floor":40.0,"turns":9.0},{"damage":11,"enemies":"2 Orb Walkers","floor":42,"turns":7},{"damage":1,"enemies":"Sphere and 2 Shapes","floor":46,"turns":4},{"damage":0,"enemies":"4 Shapes","floor":47,"turns":9},{"damage":0,"enemies":"Giant Head","floor":48,"turns":8},{"damage":9,"enemies":"Donu and Deca","floor":50,"turns":8}],"seed_played":"3076075100377684466","potions_obtained":[{"floor":3.0,"key":"Poison Potion"},{"floor":7.0,"key":"LiquidBronze"},{"floor":12.0,"key":"GamblersBrew"},{"floor":13.0,"key":"Swift Potion"},{"floor":14.0,"key":"SkillPotion"},{"floor":18.0,"key":"Regen Potion"},{"floor":30.0,"key":"FocusPotion"},{"floor":31.0,"key":"EssenceOfSteel"},{"floor":35.0,"key":"Fire Potion"},{"floor":42,"key":"EssenceOfSteel"}],"is_trial":false,"path_per_floor":["M","$","M","?","?","R","E","R","T","R","E","M","M","M","R","B",null,"M","?","$","M","M","E","R","E","T","M","?","R","M","E","R","B",null,"M","$","?","M","$","E","R","E","T","$","R","M","M","E","R","B"],"character_chosen":"DEFECT","items_purchased":["Defragment","Beam Cell","Omamori","Sadistic Nature","Lantern"],"campfire_rested":6,"item_purchase_floors":[2,2,20,36,36],"current_hp_per_floor":[75,75,75,64,61,61,49,49,49,49,28,28,23,23,60,60,76,70,70,70,67,66,27,66,53,53,50,50,50,50,38,77,66,77,77,77,69,53,53,25,64,53,53,53,80,79,79,79,80,71],"gold":253,"neow_bonus":"BOSS_RELIC","is_prod":false,"is_daily":false,"chose_seed":false,"campfire_upgraded":4,"win_rate":0,"timestamp":1534185762,"path_taken":["M","$","M","?","?","R","E","R","T","R","E","M","?","M","R","BOSS","M","?","$","M","?","E","R","E","T","M","?","R","?","E","R","BOSS","M","$","?","M","?","E","R","E","T","$","R","M","?","E","R","BOSS"],"build_version":"2018-08-09","purchased_purges":0,"victory":true,"max_hp_per_floor":[75,75,75,75,75,75,75,75,75,75,75,75,75,75,75,75,80,80,80,80,80,80,80,80,80,80,80,80,80,80,80,80,80,80,80,80,80,80,80,80,80,80,80,80,80,80,80,80,80,80],"card_choices":[{"not_picked":["Lockon","Turbo"],"picked":"Go for the Eyes","floor":1.0},{"not_picked":["Streamline","Cold Snap"],"picked":"Hello World","floor":3.0},{"not_picked":["Gash","Amplify","Recycle"],"picked":"SKIP","floor":7.0},{"not_picked":["Sweeping Beam","Thunder Strike"],"picked":"Turbo","floor":11.0},{"not_picked":["Redo","Ball Lightning"],"picked":"Steam","floor":12.0},{"not_picked":["Stack","Defragment"],"picked":"Conserve Battery","floor":13.0},{"not_picked":["Darkness","Conserve Battery"],"picked":"Gash","floor":14.0},{"not_picked":["Buffer","Thunder Strike"],"picked":"All For One","floor":16.0},{"not_picked":["Rebound+1","Cold Snap"],"picked":"Defragment","floor":18.0},{"not_picked":["Gash","Cold Snap"],"picked":"FTL+1","floor":21.0},{"not_picked":["Stack","Chaos"],"picked":"Sunder","floor":22.0},{"not_picked":["Reprogram","Tempest"],"picked":"Hologram","floor":23.0},{"not_picked":["Storm","Beam Cell","Turbo"],"picked":"SKIP","floor":25.0},{"not_picked":["Genetic Algorithm","Defragment","Biased Cognition"],"picked":"SKIP","floor":27.0},{"not_picked":["Rebound","Melter+1"],"picked":"Leap","floor":30.0},{"not_picked":["Gash","Glacier"],"picked":"Go for the Eyes","floor":31.0},{"not_picked":["All For One","Thunder Strike"],"picked":"Buffer","floor":33.0},{"not_picked":["Steam+1","Hologram+1"],"picked":"Darkness+1","floor":35.0},{"not_picked":["Genetic Algorithm+1","Turbo"],"picked":"Scrape","floor":37.0},{"not_picked":["Leap+1","Force Field+1"],"picked":"Redo+1","floor":38.0},{"not_picked":["Gash+1","FTL"],"picked":"Loop","floor":40.0},{"not_picked":["Scrape+1","Machine Learning"],"picked":"Fusion","floor":42},{"not_picked":["Gash","Beam Cell"],"picked":"Go for the Eyes+1","floor":45},{"not_picked":["Sweeping Beam","Sunder"],"picked":"Steam+1","floor":46},{"not_picked":["Force Field+1","Turbo","Gash"],"picked":"SKIP","floor":47},{"not_picked":["Genetic Algorithm","Lockon"],"picked":"Consume+1","floor":48}],"player_experience":379764,"relics_obtained":[{"floor":7.0,"key":"Regal Pillow"},{"floor":9.0,"key":"Happy Flower"},{"floor":11.0,"key":"Shuriken"},{"floor":23.0,"key":"Bag of Preparation"},{"floor":25.0,"key":"Smiling Mask"},{"floor":26.0,"key":"Darkstone Periapt"},{"floor":31.0,"key":"Dodecahedron"},{"floor":37.0,"key":"Torii"},{"floor":40.0,"key":"Ancient Tea Set"},{"floor":42,"key":"Cables"},{"floor":43,"key":"Dream Catcher"},{"floor":48,"key":"Anchor"}],"event_choices":[{"event_name":"World of Goop","player_choice":"Gather Gold","floor":4.0,"damage_taken":0.0},{"event_name":"Scrap Ooze","player_choice":"success","floor":5.0,"damage_taken":3.0},{"event_name":"Drug Dealer","player_choice":"Got JAXXED","floor":19.0,"damage_taken":0.0},{"event_name":"Duplicator","player_choice":"One dupe","floor":28.0,"damage_taken":0.0},{"event_name":"Mysterious Sphere","player_choice":"Fight","floor":37.0,"damage_taken":0.0}],"is_beta":false,"boss_relics":[{"not_picked":["Fusion Hammer","Calling Bell"],"picked":"Tiny House"},{"not_picked":["Eternal Feather","Coffee Dripper"],"picked":"Inserter"}],"items_purged_floors":[],"is_endless":false,"potions_floor_spawned":[3,7,12,13,14,18,21,30,31,35,42,47],"ascension_level":5}