{"gold_per_floor":[113,124,124,124,36,68,88,118,186,136,136,154,154,174,174,174],"floor_reached":16,"playtime":526,"items_purged":[],"score":169,"play_id":"7c21b785-f4d2-4345-9899-4ef136145252","local_time":"20190316152824","is_ascension_mode":true,"campfire_choices":[{"floor":11,"key":"REST"},{"data":"Corruption","floor":13,"key":"SMITH"},{"floor":15,"key":"REST"}],"neow_cost":"NONE","seed_source_timestamp":140571631920327,"circlet_count":0,"master_deck":["Strike_R","Strike_R","Strike_R","Strike_R","Strike_R","Defend_R","Defend_R","Defend_R","Defend_R","Bash","Armaments","Clash","Corruption+1","Havoc","Armaments","True Grit","Clash","Intimidate","Shrug It Off"],"relics":["Burning Blood","NeowsBlessing","Peace Pipe","PreservedInsect","Ornamental Fan","Strawberry","Question Card"],"potions_floor_usage":[8,8,8,16],"damage_taken":[{"damage":0,"enemies":"Jaw Worm","floor":1,"turns":1},{"damage":0,"enemies":"2 Louse","floor":2,"turns":1},{"damage":0,"enemies":"3 Sentries","floor":6,"turns":1},{"damage":14,"enemies":"Cultist","floor":7,"turns":4},{"damage":33,"enemies":"Gremlin Nob","floor":8,"turns":5},{"damage":8,"enemies":"Blue Slaver","floor":12,"turns":4},{"damage":8,"enemies":"Large Slime","floor":14,"turns":9},{"damage":82,"enemies":"Hexaghost","floor":16,"turns":14}],"seed_played":"4610744430487290625","potions_obtained":[{"floor":1,"key":"FearPotion"},{"floor":2,"key":"EntropicBrew"},{"floor":12,"key":"Dexterity Potion"}],"is_trial":false,"path_per_floor":["?","?","?","M"],"character_chosen":"IRONCLAD","items_purchased":["Corruption","Havoc"],"campfire_rested":2,"item_purchase_floors":[5,5],"current_hp_per_floor":[80,80,80,55,55,61,53,33,33,33,59,57,57,55,81,0],"gold":174,"neow_bonus":"THREE_ENEMY_KILL","is_prod":false,"is_daily":false,"chose_seed":false,"campfire_upgraded":1,"win_rate":0,"timestamp":1552746504,"path_taken":["M","M","?","?","$","E","M","E","T","?","R","M","R","?","R","BOSS"],"build_version":"2019-01-23","purchased_purges":0,"victory":false,"max_hp_per_floor":[80,80,80,80,80,80,80,87,87,87,87,87,87,87,87,87],"card_choices":[{"not_picked":["Metallicize","Warcry"],"picked":"Armaments","floor":1},{"not_picked":["Rampage","Blood for Blood"],"picked":"Clash","floor":2},{"not_picked":["Clash","Clothesline"],"picked":"Armaments","floor":6},{"not_picked":["Sword Boomerang","Flex"],"picked":"True Grit","floor":7},{"not_picked":["Heavy Blade","Fire Breathing"],"picked":"Clash","floor":8},{"not_picked":["Rage","Rampage","Clash"],"picked":"Intimidate","floor":12},{"not_picked":["Perfected Strike","Brutality","Searing Blow"],"picked":"Shrug It Off","floor":14}],"player_experience":342314,"relics_obtained":[{"floor":6,"key":"Ornamental Fan"},{"floor":8,"key":"Strawberry"},{"floor":9,"key":"Question Card"}],"event_choices":[{"damage_healed":0,"gold_gain":0,"player_choice":"Box","damage_taken":0,"relics_obtained":["Peace Pipe"],"max_hp_gain":0,"max_hp_loss":0,"event_name":"Big Fish","floor":3,"gold_loss":0,"cards_obtained":["Regret"]},{"damage_healed":0,"gold_gain":0,"player_choice":"Success","damage_taken":25,"relics_obtained":["PreservedInsect"],"max_hp_gain":0,"max_hp_loss":0,"event_name":"Scrap Ooze","floor":4,"gold_loss":0},{"cards_removed":["Regret"],"damage_healed":0,"gold_gain":0,"player_choice":"Card Removal","damage_taken":0,"max_hp_gain":0,"max_hp_loss":0,"event_name":"The Cleric","floor":10,"gold_loss":50}],"is_beta":false,"boss_relics":[],"items_purged_floors":[],"is_endless":false,"potions_floor_spawned":[1,2,12],"killed_by":"Hexaghost","ascension_level":5}