{"gold_per_floor":[118,118,136,149,167,167,201,201,227,227,240,269,269,9,9,112,112,125,138,149,74,84,84,113,126,126,126,143,93,93,111,111,212,212,225,225,241,260,260,260,295,314,314,314,329,329,341,63,63,63],"floor_reached":51,"playtime":2482,"items_purged":[],"score":810,"play_id":"31d18284-522d-4400-b87e-6acf06863c75","local_time":"20180720164429","is_ascension_mode":true,"campfire_choices":[{"data":"Sunder","floor":6,"key":"SMITH"},{"data":"Zap","floor":8,"key":"SMITH"},{"data":"Dualcast","floor":10,"key":"SMITH"},{"data":"Echo Form","floor":15,"key":"SMITH"},{"data":"Double Energy","floor":23,"key":"SMITH"},{"floor":27,"key":"REST"},{"data":"Glacier","floor":30,"key":"SMITH"},{"floor":32,"key":"REST"},{"data":"Chaos","floor":40,"key":"SMITH"},{"floor":44,"key":"REST"},{"data":"Amplify","floor":49,"key":"SMITH"}],"neow_cost":"NONE","seed_source_timestamp":488867044086411,"circlet_count":0,"master_deck":["Zap+1","Dualcast+1","Sweeping Beam","Reboot","Sunder+1","Go for the Eyes","Auto Shields","Echo Form+1","Beam Cell","Gash","Creative AI+1","Conserve Battery","Aggregate+1","Double Energy+1","Chaos+1","Glacier+1","Biased Cognition+1","Double Energy+1","Gash","Redo","Ball Lightning+1","Aggregate+1","Buffer+1","Sweeping Beam","Compile Driver","Undo","Glacier","Self Repair+1","Scrape","Ball Lightning","Amplify+1","Skim+1","Panache+1","Static Discharge+1"],"relics":["Cracked Core","Orichalcum","Lantern","Potion Belt","Dream Catcher","Frozen Egg 2","Runic Dome","Peace Pipe","Cables","Pandora\u0027s Box","Ancient Tea Set","Bag of Preparation","ClockworkSouvenir"],"potions_floor_usage":[5,12,12,24,25,33,33,50,50],"damage_taken":[{"damage":0,"enemies":"Cultist","floor":1,"turns":3},{"damage":2,"enemies":"Jaw Worm","floor":3,"turns":4},{"damage":0,"enemies":"2 Louse","floor":4,"turns":2},{"damage":17,"enemies":"Gremlin Gang","floor":5,"turns":3},{"damage":7,"enemies":"3 Sentries","floor":7,"turns":5},{"damage":0,"enemies":"Large Slime","floor":11,"turns":3},{"damage":10,"enemies":"Lagavulin","floor":12,"turns":7},{"damage":4,"enemies":"Slime Boss","floor":16,"turns":8},{"damage":6,"enemies":"Chosen","floor":18,"turns":3},{"damage":0,"enemies":"Spheric Guardian","floor":19,"turns":2},{"damage":22,"enemies":"Snecko","floor":20,"turns":5},{"damage":0,"enemies":"Snake Plant","floor":22,"turns":2},{"damage":36,"enemies":"Slavers","floor":24,"turns":6},{"damage":11,"enemies":"3 Cultists","floor":25,"turns":6},{"damage":5,"enemies":"Snecko","floor":28,"turns":7},{"damage":15,"enemies":"Centurion and Healer","floor":31,"turns":4},{"damage":33,"enemies":"Collector","floor":33,"turns":6},{"damage":8,"enemies":"3 Darklings","floor":35,"turns":4},{"damage":0,"enemies":"Flame Bruiser 1 Orb","floor":37,"turns":5},{"damage":17,"enemies":"Sphere and 2 Shapes","floor":38,"turns":4},{"damage":46,"enemies":"Nemesis","floor":41,"turns":7},{"damage":23,"enemies":"Transient","floor":42,"turns":5},{"damage":4,"enemies":"Flame Bruiser 2 Orb","floor":45,"turns":6},{"damage":11,"enemies":"Maw","floor":47,"turns":8},{"damage":53,"enemies":"Time Eater","floor":50,"turns":12}],"seed_played":"-1576999396656537872","potions_obtained":[{"floor":1,"key":"Energy Potion"},{"floor":4,"key":"Weak Potion"},{"floor":7,"key":"Poison Potion"},{"floor":20,"key":"Regen Potion"},{"floor":24,"key":"Energy Potion"},{"floor":28,"key":"AttackPotion"},{"floor":31,"key":"FocusPotion"},{"floor":38,"key":"Explosive Potion"},{"floor":41,"key":"Dexterity Potion"},{"floor":47,"key":"Regen Potion"}],"is_trial":false,"path_per_floor":["M","?","M","M","M","R","E","R","T","R","M","E","?","$","R","B",null,"M","M","M","?","M","R","E","M","T","R","M","$","R","M","R","B",null,"M","?","M","M","?","R","E","M","T","R","M","$","M","$","R","B"],"character_chosen":"DEFECT","items_purchased":["Frozen Egg 2","Redo","ClockworkSouvenir","Static Discharge+1"],"campfire_rested":3,"item_purchase_floors":[14,29,48,48],"current_hp_per_floor":[75,75,73,73,56,56,49,49,49,49,49,39,44,44,44,40,80,74,74,52,52,52,52,25,14,14,38,33,33,33,18,42,9,80,80,80,80,73,73,73,37,24,24,48,64,64,63,63,63,25],"gold":63,"neow_bonus":"RANDOM_COMMON_RELIC","is_prod":false,"is_daily":false,"chose_seed":false,"campfire_upgraded":8,"win_rate":0,"timestamp":1532126669,"path_taken":["M","?","M","M","M","R","E","R","T","R","M","E","?","$","R","BOSS","M","?","M","?","M","R","E","M","T","R","M","$","R","M","R","BOSS","M","?","M","?","?","R","E","M","T","R","M","$","M","$","R","BOSS"],"build_version":"2018-07-19v2","purchased_purges":0,"victory":true,"max_hp_per_floor":[75,75,75,75,75,75,75,75,75,75,75,75,80,80,80,80,80,80,80,80,80,80,80,80,80,80,80,80,80,80,80,80,80,80,80,80,80,80,80,80,80,80,80,80,80,80,80,80,80,80],"card_choices":[{"not_picked":["Barrage","Stack"],"picked":"Sweeping Beam","floor":1},{"not_picked":["Tempest","Capacitor"],"picked":"Sunder","floor":3},{"not_picked":["Sunder","Turbo"],"picked":"Go for the Eyes","floor":4},{"not_picked":["Go for the Eyes","Leap"],"picked":"Auto Shields","floor":5},{"not_picked":["Beam Cell","Aggregate"],"picked":"Echo Form","floor":7},{"not_picked":["Rebound","Coolheaded"],"picked":"Beam Cell","floor":11},{"not_picked":["Doom and Gloom","Leap"],"picked":"Gash","floor":12},{"not_picked":["Meteor Strike","Hyperbeam"],"picked":"Creative AI+1","floor":16},{"not_picked":["Scrape","Heatsinks+1"],"picked":"Conserve Battery","floor":18},{"not_picked":["Doom and Gloom","Sweeping Beam"],"picked":"Aggregate+1","floor":19},{"not_picked":["Sweeping Beam+1","Steam Power"],"picked":"Double Energy","floor":20},{"not_picked":["Steam Power+1","Conserve Battery"],"picked":"Chaos","floor":22},{"not_picked":["Darkness","Coolheaded"],"picked":"Glacier","floor":24},{"not_picked":["Recycle+1","Coolheaded"],"picked":"Biased Cognition+1","floor":25},{"not_picked":["Compile Driver+1","Stack+1"],"picked":"Double Energy+1","floor":27},{"not_picked":["Steam","Lockon"],"picked":"Gash","floor":28},{"not_picked":["Go for the Eyes+1","Storm+1"],"picked":"Ball Lightning+1","floor":31},{"not_picked":["Stack+1","Hologram"],"picked":"Aggregate+1","floor":32},{"not_picked":["All For One","Core Surge"],"picked":"Buffer+1","floor":33},{"not_picked":["Cold Snap+1","Coolheaded"],"picked":"Ball Lightning","floor":35},{"not_picked":["Doom and Gloom+1","Coolheaded+1"],"picked":"Amplify","floor":37},{"not_picked":["Rip and Tear","Genetic Algorithm+1"],"picked":"Skim+1","floor":38},{"not_picked":["Purity","Master of Strategy"],"picked":"Panache+1","floor":39},{"not_picked":["Rebound","Redo","Sunder+1"],"picked":"SKIP","floor":41},{"not_picked":["Steam Power+1","Recycle+1","Sweeping Beam+1"],"picked":"SKIP","floor":42},{"not_picked":["Reboot","Compile Driver+1","Melter+1"],"picked":"SKIP","floor":45},{"not_picked":["Leap+1","Stack","Steam"],"picked":"SKIP","floor":47}],"player_experience":242882,"relics_obtained":[{"floor":7,"key":"Lantern"},{"floor":9,"key":"Potion Belt"},{"floor":12,"key":"Dream Catcher"},{"floor":24,"key":"Peace Pipe"},{"floor":26,"key":"Cables"},{"floor":41,"key":"Ancient Tea Set"},{"floor":43,"key":"Bag of Preparation"}],"event_choices":[{"event_name":"Living Wall","player_choice":"Change","floor":2,"damage_taken":0},{"event_name":"Big Fish","player_choice":"Donut","floor":13,"damage_taken":0},{"event_name":"Beggar","player_choice":"Gave Gold","floor":21,"damage_taken":0},{"event_name":"Tomb of Lord Red Mask","player_choice":"Ignored","floor":36,"damage_taken":0},{"event_name":"SensoryStone","player_choice":"Memory 1","floor":39,"damage_taken":0}],"is_beta":false,"boss_relics":[{"not_picked":["Snecko Eye","Calling Bell"],"picked":"Runic Dome"},{"not_picked":["Velvet Choker","Tiny House"],"picked":"Pandora\u0027s Box"}],"items_purged_floors":[],"is_endless":false,"potions_floor_spawned":[1,4,7,20,24,28,31,38,41,47],"ascension_level":3}