{"gold_per_floor":[115,65,78,78,97,97,97,121,189,222,147,147,147,163,163,288,288,301,301,98,113,13,51,51,75,75,90,104,104,127,145,145,276,276,297,630,630,730,730,730,91,123,191,202,220,220,233,250,250,250],"floor_reached":50,"playtime":3344,"items_purged":["Strike_R","Strike_R","Defend_R+1"],"score":643,"play_id":"1774465e-d72b-4f33-bc03-76857d2da409","local_time":"20190208172105","is_ascension_mode":true,"campfire_choices":[{"data":"Body Slam","floor":6.0,"key":"SMITH"},{"data":"Body Slam","floor":13.0,"key":"SMITH"},{"floor":15.0,"key":"REST"},{"floor":24,"key":"REST"},{"floor":29,"key":"REST"},{"data":"Body Slam","floor":32,"key":"SMITH"},{"data":"Armaments","floor":40,"key":"SMITH"},{"floor":46,"key":"REST"},{"data":"Entrench","floor":49,"key":"SMITH"}],"neow_cost":"CURSE","seed_source_timestamp":0,"circlet_count":0,"master_deck":["Defend_R","Defend_R","Bash","Shrug It Off","Metallicize","Body Slam+1","Body Slam+1","Inflame","Armaments+1","Impervious","Body Slam+1","Armaments+1","Impervious","Armaments","Body Slam","Body Slam","Parasite","Entrench+1"],"special_seed":0,"relics":["Burning Blood","Pocketwatch","Letter Opener","Potion Belt","Empty Cage","Medical Kit","War Paint","Kunai","Philosopher\u0027s Stone","Bird Faced Urn","Ornamental Fan","Lee\u0027s Waffle","Blood Vial","Singing Bowl"],"potions_floor_usage":[28,30,33,33,33,50,50,50,50],"damage_taken":[{"damage":6.0,"enemies":"Cultist","floor":1.0,"turns":4.0},{"damage":5.0,"enemies":"Small Slimes","floor":3.0,"turns":5.0},{"damage":7.0,"enemies":"2 Louse","floor":5.0,"turns":2.0},{"damage":12.0,"enemies":"Gremlin Gang","floor":8.0,"turns":7.0},{"damage":19.0,"enemies":"3 Sentries","floor":10.0,"turns":11.0},{"damage":9.0,"enemies":"3 Louse","floor":14.0,"turns":3.0},{"damage":18.0,"enemies":"Hexaghost","floor":16.0,"turns":10.0},{"damage":0.0,"enemies":"Spheric Guardian","floor":18.0,"turns":4.0},{"damage":21,"enemies":"3 Byrds","floor":21,"turns":6},{"damage":41,"enemies":"Slavers","floor":23,"turns":8},{"damage":0,"enemies":"3 Cultists","floor":25,"turns":5},{"damage":15,"enemies":"Centurion and Healer","floor":27,"turns":6},{"damage":11,"enemies":"Snake Plant","floor":28,"turns":4},{"damage":0,"enemies":"3 Cultists","floor":30,"turns":6},{"damage":0,"enemies":"Centurion and Healer","floor":31,"turns":5},{"damage":65,"enemies":"Automaton","floor":33,"turns":10},{"damage":0,"enemies":"Orb Walker","floor":35,"turns":3},{"damage":0,"enemies":"Mind Bloom Boss Battle","floor":38,"turns":5},{"damage":43,"enemies":"Nemesis","floor":42,"turns":9},{"damage":0,"enemies":"3 Shapes","floor":44,"turns":4},{"damage":0,"enemies":"Writhing Mass","floor":45,"turns":4},{"damage":27,"enemies":"Transient","floor":47,"turns":5},{"damage":1,"enemies":"Sphere and 2 Shapes","floor":48,"turns":6},{"damage":121,"enemies":"Donu and Deca","floor":50,"turns":8}],"seed_played":"-8790385212767193702","potions_obtained":[{"floor":5.0,"key":"Weak Potion"},{"floor":10.0,"key":"Swift Potion"},{"floor":16.0,"key":"Dexterity Potion"},{"floor":25,"key":"Weak Potion"},{"floor":27,"key":"EssenceOfSteel"},{"floor":30,"key":"BloodPotion"},{"floor":33,"key":"Strength Potion"},{"floor":42,"key":"Regen Potion"},{"floor":48,"key":"BloodPotion"}],"is_trial":false,"path_per_floor":["?","?","?","M","?","$","M","?","?","?","T","$","M"],"character_chosen":"IRONCLAD","items_purchased":["Shrug It Off","Medical Kit","Armaments","Body Slam","Lee\u0027s Waffle","GamblersBrew","Poison Potion","Ancient Potion"],"campfire_rested":4,"item_purchase_floors":[2,20,41,41,41,41,41,41],"current_hp_per_floor":[80,80,80,85,84,84,79,73,73,60,60,60,60,57,79,67,79,79,79,79,64,64,29,52,58,58,49,44,67,73,79,79,27,79,79,79,79,79,79,79,86,49,49,63,77,90,71,82,82,0],"gold":250,"neow_bonus":"ONE_RARE_RELIC","is_prod":false,"is_daily":false,"chose_seed":false,"campfire_upgraded":5,"win_rate":0,"timestamp":1549642865,"path_taken":["M","$","M","?","M","R","?","M","T","E","$","?","R","?","R","BOSS","M","?","$","M","?","E","R","M","T","?","M","R","M","M","R","BOSS","M","?","?","?","?","R","?","E","T","M","?","R","M","M","R","BOSS"],"build_version":"2019-01-23","purchased_purges":3,"victory":false,"max_hp_per_floor":[80,80,80,85,85,85,79,79,79,79,79,79,79,79,79,79,79,79,79,79,79,79,79,79,79,79,79,79,79,79,79,79,79,79,79,79,79,79,79,79,86,86,86,88,90,90,92,92,92,92],"card_choices":[{"not_picked":["Seeing Red","Clothesline","Twin Strike"],"picked":"SKIP","floor":1.0},{"not_picked":["Sever Soul","Headbutt"],"picked":"Metallicize","floor":3.0},{"not_picked":["Perfected Strike","Hemokinesis"],"picked":"Body Slam","floor":5.0},{"not_picked":["Seeing Red","Evolve","Heavy Blade"],"picked":"SKIP","floor":8.0},{"not_picked":["Havoc","True Grit"],"picked":"Body Slam","floor":10.0},{"not_picked":["Body Slam","Havoc"],"picked":"Armaments","floor":14.0},{"not_picked":["Dark Embrace","Offering"],"picked":"Impervious","floor":16.0},{"not_picked":["Shockwave","Warcry","Reckless Charge"],"picked":"SKIP","floor":18.0},{"not_picked":["Havoc","Searing Blow"],"picked":"Body Slam","floor":21},{"not_picked":["Clash","Thunderclap","Havoc"],"picked":"SKIP","floor":23},{"not_picked":["Perfected Strike+1","Spot Weakness"],"picked":"Armaments","floor":25},{"not_picked":["Rupture+1","Searing Blow","Whirlwind"],"picked":"SKIP","floor":27},{"not_picked":["Perfected Strike+1","Flex","Thunderclap"],"picked":"SKIP","floor":28},{"not_picked":["Clash+1","Flex","Anger"],"picked":"SKIP","floor":30},{"not_picked":["Whirlwind","Berserk","Havoc"],"picked":"SKIP","floor":31},{"not_picked":["Brutality","Limit Break"],"picked":"Impervious","floor":33},{"not_picked":["Pommel Strike+1","Seeing Red","Havoc+1"],"picked":"SKIP","floor":35},{"not_picked":["Shockwave+1","Evolve"],"picked":"Body Slam","floor":42},{"not_picked":["Sword Boomerang+1","Cleave+1","Heavy Blade"],"picked":"Singing Bowl","floor":44},{"not_picked":["Anger+1","Wild Strike+1","Headbutt"],"picked":"Singing Bowl","floor":45},{"not_picked":["Battle Trance+1","Perfected Strike","Iron Wave"],"picked":"Singing Bowl","floor":47},{"not_picked":["Flex","Flame Barrier"],"picked":"Entrench","floor":48}],"player_experience":127286,"relics_obtained":[{"floor":9.0,"key":"Letter Opener"},{"floor":10.0,"key":"Potion Belt"},{"floor":23,"key":"War Paint"},{"floor":26,"key":"Kunai"},{"floor":38,"key":"Bird Faced Urn"},{"floor":39,"key":"Ornamental Fan"},{"floor":42,"key":"Blood Vial"},{"floor":43,"key":"Singing Bowl"}],"event_choices":[{"damage_healed":0.0,"max_hp_gain":5.0,"max_hp_loss":0.0,"gold_gain":0.0,"event_name":"Big Fish","player_choice":"Donut","floor":4.0,"gold_loss":0.0,"damage_taken":0.0},{"damage_healed":0.0,"max_hp_gain":0.0,"max_hp_loss":6.0,"gold_gain":0.0,"event_name":"Golden Idol","player_choice":"Lose Max HP","floor":7.0,"gold_loss":0.0,"damage_taken":0.0,"relics_obtained":["Golden Idol"]},{"damage_healed":0.0,"max_hp_gain":0.0,"max_hp_loss":0.0,"gold_gain":0.0,"cards_transformed":["Strike_R"],"event_name":"Transmorgrifier","player_choice":"Transformed","floor":12.0,"gold_loss":0.0,"damage_taken":0.0,"cards_obtained":["Inflame"]},{"cards_removed":["Clumsy"],"damage_healed":0.0,"max_hp_gain":0.0,"max_hp_loss":0.0,"gold_gain":0.0,"event_name":"Fountain of Cleansing","player_choice":"Removed Curses","floor":19.0,"gold_loss":0.0,"damage_taken":0.0},{"damage_healed":0,"gold_gain":333,"player_choice":"Gave Idol","damage_taken":0,"max_hp_gain":0,"max_hp_loss":0,"event_name":"The Moai Head","floor":36,"relics_lost":["Golden Idol"],"gold_loss":0},{"cards_removed":["Defend_R"],"damage_healed":0,"gold_gain":0,"player_choice":"Removed Skill","damage_taken":0,"max_hp_gain":0,"max_hp_loss":0,"event_name":"Falling","floor":37,"gold_loss":0},{"damage_healed":0,"gold_gain":0,"player_choice":"Fight","damage_taken":0,"max_hp_gain":0,"max_hp_loss":0,"event_name":"MindBloom","floor":38,"gold_loss":0}],"is_beta":false,"boss_relics":[{"not_picked":["Runic Dome","Astrolabe"],"picked":"Empty Cage"},{"not_picked":["Velvet Choker","Tiny House"],"picked":"Philosopher\u0027s Stone"}],"items_purged_floors":[11,22,41],"is_endless":false,"potions_floor_spawned":[5,10,16,25,27,30,33,42,47,48],"killed_by":"Donu and Deca","ascension_level":4}