{"gold_per_floor":[113,188,188,363,313,338,353,119,187,200,230,230,243,278,278,278],"floor_reached":16,"playtime":521,"items_purged":["Defend_B"],"score":215,"play_id":"56d110ed-a2fc-4363-ad24-3595b54927c3","local_time":"20181106231954","is_ascension_mode":true,"campfire_choices":[{"floor":12,"key":"REST"},{"floor":15,"key":"REST"}],"neow_cost":"NONE","seed_source_timestamp":2941882508807083,"circlet_count":0,"master_deck":["AscendersBane","Strike_B","Strike_B","Strike_B","Defend_B","Defend_B","Defend_B","Zap","Dualcast","Rip and Tear","Coolheaded","Consume","Capacitor","Chaos","Hologram","Cold Snap","Fission","Meteor Strike"],"relics":["Cracked Core","NeowsBlessing","Happy Flower","Sundial","The Courier","DataDisk"],"potions_floor_usage":[10,10,14,14],"damage_taken":[{"damage":0,"enemies":"Jaw Worm","floor":1,"turns":1},{"damage":0,"enemies":"Lagavulin","floor":6,"turns":1},{"damage":0,"enemies":"2 Louse","floor":7,"turns":1},{"damage":7,"enemies":"Small Slimes","floor":10,"turns":3},{"damage":26,"enemies":"3 Sentries","floor":11,"turns":8},{"damage":15,"enemies":"3 Louse","floor":13,"turns":4},{"damage":21,"enemies":"Gremlin Nob","floor":14,"turns":5},{"damage":25,"enemies":"The Guardian","floor":16,"turns":2}],"seed_played":"1891757674410657932","potions_obtained":[{"floor":7,"key":"EntropicBrew"},{"floor":10,"key":"Weak Potion"}],"is_trial":false,"path_per_floor":["M","?","?","?","?","E","M","$","T","M","E","R","M","E","R","B"],"character_chosen":"DEFECT","items_purchased":["Capacitor","Chaos"],"campfire_rested":2,"item_purchase_floors":[8,8],"current_hp_per_floor":[68,57,50,50,50,50,50,50,50,43,17,39,24,3,25,0],"gold":278,"neow_bonus":"THREE_ENEMY_KILL","is_prod":false,"is_daily":false,"chose_seed":false,"campfire_upgraded":0,"win_rate":0,"timestamp":1541571594,"path_taken":["M","?","?","?","?","E","M","$","T","M","E","R","M","E","R","BOSS"],"build_version":"2018-11-01","purchased_purges":1,"victory":false,"max_hp_per_floor":[75,75,75,75,75,75,75,75,75,75,75,75,75,75,75,75],"card_choices":[{"not_picked":["Go for the Eyes","Undo"],"picked":"Rip and Tear","floor":1},{"not_picked":["Stack","Blizzard"],"picked":"Coolheaded","floor":6},{"not_picked":["Steam","Hologram"],"picked":"Consume","floor":7},{"not_picked":["Gash","Double Energy"],"picked":"Hologram","floor":10},{"not_picked":["Coolheaded","Beam Cell"],"picked":"Cold Snap","floor":11},{"not_picked":["Go for the Eyes","Capacitor"],"picked":"Fission","floor":13},{"not_picked":["Ball Lightning","Beam Cell"],"picked":"Meteor Strike","floor":14}],"player_experience":552654,"relics_obtained":[{"floor":6,"key":"Happy Flower"},{"floor":9,"key":"Sundial"},{"floor":11,"key":"The Courier"},{"floor":14,"key":"DataDisk"}],"event_choices":[{"damage_healed":0,"gold_gain":75,"player_choice":"Gather Gold","damage_taken":11,"max_hp_gain":0,"max_hp_loss":0,"event_name":"World of Goop","floor":2,"gold_loss":0},{"cards_removed":["Strike_B"],"damage_healed":0,"gold_gain":0,"player_choice":"Card Removal","damage_taken":7,"max_hp_gain":0,"max_hp_loss":0,"event_name":"Golden Wing","floor":3,"gold_loss":0},{"damage_healed":0,"gold_gain":175,"player_choice":"AGREE","damage_taken":0,"max_hp_gain":0,"max_hp_loss":0,"event_name":"Liars Game","floor":4,"gold_loss":0,"cards_obtained":["Doubt"]},{"cards_removed":["Doubt"],"damage_healed":0,"gold_gain":0,"player_choice":"Card Removal","damage_taken":0,"max_hp_gain":0,"max_hp_loss":0,"event_name":"The Cleric","floor":5,"gold_loss":50}],"is_beta":false,"boss_relics":[],"items_purged_floors":[8],"is_endless":false,"potions_floor_spawned":[7,10],"killed_by":"The Guardian","ascension_level":10}