{"gold_per_floor":[115,44,60,72,92,92,120,120,170,170,189,8,27,40,40,139,139,151,73,73,93,93,93,93],"floor_reached":24,"playtime":747,"items_purged":[],"score":297,"play_id":"e2e822ba-da0d-4ca2-8537-8d53eb565df1","local_time":"20180828020506","is_ascension_mode":true,"campfire_choices":[{"data":"Zap","floor":6.0,"key":"SMITH"},{"data":"Dualcast","floor":8.0,"key":"SMITH"},{"data":"Redo","floor":10.0,"key":"SMITH"},{"data":"Go for the Eyes","floor":15.0,"key":"SMITH"},{"data":"Defragment","floor":23,"key":"SMITH"}],"neow_cost":"NONE","seed_source_timestamp":745711194020978,"circlet_count":0,"master_deck":["Strike_B","Defend_B","Defend_B","Defend_B","Defend_B","Zap+1","Dualcast+1","AscendersBane","Gash","Ball Lightning","Redo+1","Ball Lightning","Cold Snap","Beam Cell","Streamline","Scrape","Go for the Eyes+1","Capacitor","Coolheaded","Ball Lightning","Capacitor","All For One","Conserve Battery+1","Defragment+1","Conserve Battery"],"special_seed":0,"relics":["Eternal Feather","Pantograph","Art of War","Empty Cage"],"potions_floor_usage":[21,21,22],"damage_taken":[{"damage":28.0,"enemies":"Cultist","floor":1.0,"turns":6.0},{"damage":11.0,"enemies":"Small Slimes","floor":3.0,"turns":3.0},{"damage":2.0,"enemies":"2 Louse","floor":4.0,"turns":2.0},{"damage":12.0,"enemies":"Looter","floor":5.0,"turns":3.0},{"damage":20.0,"enemies":"Gremlin Nob","floor":7.0,"turns":4.0},{"damage":6.0,"enemies":"Blue Slaver","floor":11.0,"turns":3.0},{"damage":3.0,"enemies":"Exordium Thugs","floor":13.0,"turns":3.0},{"damage":0.0,"enemies":"2 Fungi Beasts","floor":14.0,"turns":2.0},{"damage":35.0,"enemies":"The Guardian","floor":16.0,"turns":10.0},{"damage":16,"enemies":"Shell Parasite","floor":18,"turns":5},{"damage":3,"enemies":"Spheric Guardian","floor":21,"turns":4},{"damage":0,"enemies":"Colosseum Slavers","floor":22,"turns":1},{"damage":59,"enemies":"Slavers","floor":24,"turns":3}],"seed_played":"-3499877983645637506","potions_obtained":[{"floor":3.0,"key":"SmokeBomb"},{"floor":4.0,"key":"Fire Potion"},{"floor":16.0,"key":"Block Potion"},{"floor":18,"key":"EssenceOfSteel"}],"is_trial":false,"path_per_floor":["M","$","M","M","M","R","E","R","T","R","M","$","M","M","R","B",null,"M","$","?","M","?","R"],"character_chosen":"DEFECT","items_purchased":["Ball Lightning","Redo","Go for the Eyes","Capacitor","Coolheaded","Defragment"],"campfire_rested":0,"item_purchase_floors":[2,2,12,12,12,19],"current_hp_per_floor":[40,40,29,27,15,24,4,13,13,22,16,16,13,13,25,15,60,44,44,44,41,41,56,0],"gold":93,"neow_bonus":"BOSS_RELIC","is_prod":false,"is_daily":false,"chose_seed":false,"campfire_upgraded":5,"win_rate":0,"timestamp":1535443506,"path_taken":["M","?","M","M","M","R","E","R","T","R","M","$","M","M","R","BOSS","M","$","?","M","?","R","E"],"build_version":"2018-08-23v2","purchased_purges":0,"victory":false,"max_hp_per_floor":[75,75,75,75,75,75,75,75,75,75,75,75,75,75,75,75,75,75,75,75,75,75,75,75],"card_choices":[{"not_picked":["Rebound","Sweeping Beam"],"picked":"Gash","floor":1.0},{"not_picked":["Turbo","Hello World"],"picked":"Ball Lightning","floor":3.0},{"not_picked":["Streamline","Barrage"],"picked":"Cold Snap","floor":4.0},{"not_picked":["Sweeping Beam","Fission"],"picked":"Beam Cell","floor":5.0},{"not_picked":["Storm","Turbo"],"picked":"Streamline","floor":7.0},{"not_picked":["Gash","Skim"],"picked":"Scrape","floor":11.0},{"not_picked":["Recycle","Streamline"],"picked":"Ball Lightning","floor":13.0},{"not_picked":["Stack","Hologram"],"picked":"Capacitor","floor":14.0},{"not_picked":["Thunder Strike","Biased Cognition"],"picked":"All For One","floor":16.0},{"not_picked":["Ball Lightning","Melter"],"picked":"Conserve Battery+1","floor":18},{"not_picked":["Turbo","Compile Driver"],"picked":"Conserve Battery","floor":21}],"player_experience":430406,"relics_obtained":[{"floor":7.0,"key":"Pantograph"},{"floor":9.0,"key":"Art of War"}],"event_choices":[{"event_name":"Back to Basics","player_choice":"Elegance","floor":20,"damage_taken":0},{"event_name":"Colosseum","player_choice":"Fight","floor":22,"damage_taken":0},{"event_name":"Colosseum","player_choice":"Fled From Nobs","floor":22,"damage_taken":0}],"is_beta":false,"boss_relics":[{"not_picked":["Inserter","Fusion Hammer"],"picked":"Empty Cage"}],"items_purged_floors":[],"is_endless":false,"potions_floor_spawned":[3,4,16,18,22],"killed_by":"Slavers","ascension_level":10}