{"gold_per_floor":[112,44,59,59,59,59,59,17,17,48,64,64,89,103,103,229,229,249,249,249,263,75,75],"floor_reached":23,"playtime":1065,"items_purged":[],"score":242,"play_id":"6b759a09-3e22-495b-a88f-3482ca9a5522","local_time":"20190314165338","is_ascension_mode":true,"campfire_choices":[{"floor":6,"key":"REST"},{"floor":12,"key":"REST"},{"data":"Accuracy","floor":15,"key":"SMITH"}],"neow_cost":"PERCENT_DAMAGE","seed_source_timestamp":203103730845213,"circlet_count":0,"master_deck":["Defend_G","Defend_G","Defend_G","Defend_G","Defend_G","Survivor","Neutralize","Accuracy+1","Infinite Blades","Blade Dance","Deflect","Cloak And Dagger","Slice","Prepared","Bite","Bite","Bite","Bite","Bite","Accuracy"],"relics":["Ring of the Snake","StoneCalendar","Golden Idol","The Courier","Ancient Tea Set","Gremlin Horn","Sozu","Anchor"],"potions_floor_usage":[10,14,23],"damage_taken":[{"damage":10,"enemies":"Small Slimes","floor":1,"turns":4},{"damage":1,"enemies":"Jaw Worm","floor":3,"turns":4},{"damage":13,"enemies":"Lagavulin","floor":10,"turns":7},{"damage":0,"enemies":"2 Louse","floor":11,"turns":4},{"damage":4,"enemies":"Red Slaver","floor":13,"turns":4},{"damage":1,"enemies":"Gremlin Gang","floor":14,"turns":6},{"damage":16,"enemies":"Hexaghost","floor":16,"turns":9},{"damage":18,"enemies":"Chosen","floor":18,"turns":6},{"damage":30,"enemies":"Spheric Guardian","floor":21,"turns":6},{"damage":45,"enemies":"Book of Stabbing","floor":23,"turns":5}],"seed_played":"-753852073819125331","potions_obtained":[{"floor":1,"key":"SpeedPotion"},{"floor":3,"key":"GhostInAJar"},{"floor":7,"key":"Weak Potion"},{"floor":13,"key":"Ancient Potion"},{"floor":14,"key":"FearPotion"}],"is_trial":false,"path_per_floor":["?","T","?","M","M","?","?","M"],"character_chosen":"THE_SILENT","items_purchased":["Infinite Blades","Deflect","Accuracy","Anchor"],"campfire_rested":2,"item_purchase_floors":[2,8,22,22],"current_hp_per_floor":[39,39,38,38,38,57,57,57,57,44,44,63,59,58,58,42,65,47,45,55,31,31,0],"gold":75,"neow_bonus":"ONE_RARE_RELIC","is_prod":false,"is_daily":false,"chose_seed":false,"campfire_upgraded":1,"win_rate":0,"timestamp":1552578818,"path_taken":["M","$","M","?","?","R","?","$","T","E","?","R","M","?","R","BOSS","M","?","?","?","$","E"],"build_version":"2019-01-23","purchased_purges":0,"victory":false,"max_hp_per_floor":[70,70,70,65,65,65,65,65,65,65,65,65,65,65,65,65,65,65,45,55,55,55,55],"card_choices":[{"not_picked":["Choke","Outmaneuver"],"picked":"Accuracy","floor":1},{"not_picked":["PiercingWail","Blur"],"picked":"Blade Dance","floor":3},{"not_picked":["Blur","Concentrate","Deadly Poison"],"picked":"SKIP","floor":10},{"not_picked":["Acrobatics","All Out Attack"],"picked":"Cloak And Dagger","floor":11},{"not_picked":["Bane","Quick Slash"],"picked":"Slice","floor":13},{"not_picked":["Escape Plan","Calculated Gamble","Poisoned Stab"],"picked":"SKIP","floor":14},{"not_picked":["Doppelganger","Tools of the Trade"],"picked":"Bullet Time","floor":16},{"not_picked":["Concentrate","All Out Attack"],"picked":"Prepared","floor":18},{"not_picked":["Dash","Backflip","Deadly Poison+1"],"picked":"SKIP","floor":21}],"player_experience":292939,"relics_obtained":[{"floor":5,"key":"The Courier"},{"floor":9,"key":"Ancient Tea Set"},{"floor":10,"key":"Gremlin Horn"}],"event_choices":[{"damage_healed":0,"gold_gain":0,"player_choice":"Lose Max HP","damage_taken":0,"relics_obtained":["Golden Idol"],"max_hp_gain":0,"max_hp_loss":5,"event_name":"Golden Idol","floor":4,"gold_loss":0},{"damage_healed":0,"gold_gain":0,"player_choice":"Got Potions","damage_taken":0,"max_hp_gain":0,"max_hp_loss":0,"event_name":"Lab","floor":7,"gold_loss":0},{"damage_healed":0,"gold_gain":0,"player_choice":"Became a vampire","damage_taken":0,"max_hp_gain":0,"max_hp_loss":20,"event_name":"Vampires","floor":19,"gold_loss":0,"cards_obtained":["Bite","Bite","Bite","Bite","Bite"]},{"cards_removed":["Bullet Time"],"damage_healed":0,"gold_gain":0,"player_choice":"Offered Rare","damage_taken":0,"max_hp_gain":10,"max_hp_loss":0,"event_name":"Bonfire Elementals","floor":20,"gold_loss":0}],"is_beta":false,"boss_relics":[{"not_picked":["Orrery","Lizard Tail"],"picked":"Sozu"}],"items_purged_floors":[],"is_endless":false,"potions_floor_spawned":[1,3,13,14,21],"killed_by":"Book of Stabbing","ascension_level":3}