{"gold_per_floor":[113,34,34,34,34,65,65,65,65,65,65,65,85,112,112,189,189,201,211,34,48,48,48,77,177,177,189,189,218,218,237,237,311,311,330,350,60,60,79,79,89,114,114,114,149,166,166,166,166,166],"floor_reached":50,"playtime":2707,"items_purged":["Strike_G"],"score":939,"play_id":"d84dd396-5f5c-4fbf-b577-975ab310d0d9","local_time":"20181226212038","is_ascension_mode":true,"campfire_choices":[{"floor":8.0,"key":"REST"},{"data":"Cloak And Dagger","floor":11.0,"key":"SMITH"},{"data":"Noxious Fumes","floor":15.0,"key":"SMITH"},{"floor":23.0,"key":"REST"},{"floor":28.0,"key":"REST"},{"data":"Infinite Blades","floor":30.0,"key":"SMITH"},{"floor":32.0,"key":"REST"},{"floor":40.0,"key":"RECALL"},{"data":"Accuracy","floor":44.0,"key":"SMITH"},{"floor":49,"key":"REST"}],"neow_cost":"NONE","seed_source_timestamp":2149887316676635,"circlet_count":0,"master_deck":["AscendersBane","Defend_G+1","Defend_G+1","Defend_G+1","Defend_G+1","Defend_G+1","Strike_G+1","Strike_G+1","Strike_G+1","Survivor","Neutralize","Crippling Poison","Cloak And Dagger+1","Noxious Fumes+1","Flying Knee","Storm of Steel","Dagger Throw","Distraction","Infinite Blades+1","Dagger Throw","Cloak And Dagger","Bullet Time","Sucker Punch","Heel Hook","Prepared","Footwork+1","Accuracy+1","Terror","Acrobatics","Acrobatics"],"special_seed":0,"relics":["Ring of the Snake","NeowsBlessing","Question Card","Pen Nib","Paper Crane","Shuriken","Letter Opener","Snake Skull","Busted Crown","Orichalcum","Gremlin Horn","Ice Cream","Runic Pyramid","Bottled Tornado","Potion Belt","Bag of Preparation"],"potions_floor_usage":[50],"damage_taken":[{"damage":0.0,"enemies":"Jaw Worm","floor":1.0,"turns":1.0},{"damage":0.0,"enemies":"Gremlin Nob","floor":6.0,"turns":1.0},{"damage":0.0,"enemies":"Small Slimes","floor":13.0,"turns":1.0},{"damage":17.0,"enemies":"Lagavulin","floor":14.0,"turns":6.0},{"damage":8.0,"enemies":"The Guardian","floor":16.0,"turns":9.0},{"damage":7.0,"enemies":"Chosen","floor":18.0,"turns":6.0},{"damage":2.0,"enemies":"3 Byrds","floor":19.0,"turns":3.0},{"damage":16.0,"enemies":"Shelled Parasite and Fungi","floor":21.0,"turns":5.0},{"damage":22.0,"enemies":"Slavers","floor":24.0,"turns":6.0},{"damage":16.0,"enemies":"Snake Plant","floor":27.0,"turns":4.0},{"damage":6.0,"enemies":"Book of Stabbing","floor":29.0,"turns":5.0},{"damage":18.0,"enemies":"Sentry and Sphere","floor":31.0,"turns":4.0},{"damage":21.0,"enemies":"Champ","floor":33.0,"turns":9.0},{"damage":3.0,"enemies":"3 Shapes","floor":35.0,"turns":9.0},{"damage":2.0,"enemies":"Orb Walker","floor":36.0,"turns":3.0},{"damage":1.0,"enemies":"Maw","floor":39.0,"turns":6.0},{"damage":4.0,"enemies":"Transient","floor":41.0,"turns":5.0},{"damage":23.0,"enemies":"Nemesis","floor":42.0,"turns":7.0},{"damage":8.0,"enemies":"Reptomancer","floor":45.0,"turns":5.0},{"damage":22,"enemies":"Jaw Worm Horde","floor":46,"turns":4},{"damage":33,"enemies":"Time Eater","floor":50,"turns":5}],"seed_played":"9004731960534863280","potions_obtained":[{"floor":6.0,"key":"LiquidBronze"},{"floor":19.0,"key":"Ancient Potion"},{"floor":24.0,"key":"FearPotion"},{"floor":27.0,"key":"Strength Potion"},{"floor":36.0,"key":"LiquidBronze"},{"floor":46,"key":"GamblersBrew"}],"is_trial":false,"path_per_floor":["M","$","?","?","$","E","$","R","T","?","R","?","M","E","R","B",null,"M","M","$","M","?","R","E","?","T","M","R","E","R","M","M","R","B",null,"M","M","$","?","M","R","M","E","T","R","E","M","?","?","R","B"],"character_chosen":"THE_SILENT","items_purchased":["Crippling Poison","Infinite Blades","Dagger Throw","Accuracy","Bottled Tornado"],"campfire_rested":5,"item_purchase_floors":[2,20,20,37,37],"current_hp_per_floor":[63,63,45,31,31,31,31,52,52,52,52,52,52,35,35,27,59,52,50,50,34,34,55,33,33,33,17,38,32,32,14,35,14,56,53,51,51,70,69,69,65,42,42,42,34,12,12,12,33,0],"gold":166,"neow_bonus":"THREE_ENEMY_KILL","is_prod":false,"is_daily":false,"chose_seed":false,"campfire_upgraded":4,"win_rate":0,"timestamp":1545884438,"path_taken":["M","$","?","?","$","E","?","R","T","?","R","?","?","E","R","BOSS","M","M","$","M","?","R","E","?","T","?","R","E","R","M","R","BOSS","M","M","$","?","M","R","M","E","T","R","E","?","?","?","R","BOSS"],"build_version":"2018-12-20","purchased_purges":1,"victory":false,"max_hp_per_floor":[70,70,70,70,70,70,70,70,70,70,70,70,70,70,70,70,70,70,70,70,70,70,70,70,70,70,70,70,70,70,70,70,70,70,70,70,70,70,70,70,70,70,70,70,70,70,70,70,70,70],"card_choices":[{"not_picked":["Sucker Punch","Prepared"],"picked":"Well Laid Plans","floor":1.0},{"not_picked":["Underhanded Strike","Choke","Bouncing Flask"],"picked":"Cloak And Dagger","floor":6.0},{"not_picked":["Finisher","Deflect","Quick Slash"],"picked":"Noxious Fumes","floor":13.0},{"not_picked":["Acrobatics","Choke","Dash"],"picked":"Flying Knee","floor":14.0},{"not_picked":["Tools of the Trade","Doppelganger","Envenom"],"picked":"Storm of Steel","floor":16.0},{"not_picked":["Slice"],"picked":"Dagger Throw","floor":18.0},{"not_picked":["Outmaneuver"],"picked":"Distraction","floor":19.0},{"not_picked":["Bane"],"picked":"Cloak And Dagger","floor":21.0},{"not_picked":["Quick Slash","Slice"],"picked":"SKIP","floor":24.0},{"not_picked":["Prepared+1"],"picked":"Bullet Time","floor":27.0},{"not_picked":["PiercingWail"],"picked":"Sucker Punch","floor":29.0},{"not_picked":["Sucker Punch"],"picked":"Heel Hook","floor":31.0},{"not_picked":["Prepared","Deflect"],"picked":"SKIP","floor":35.0},{"not_picked":["Deflect"],"picked":"Prepared","floor":35.0},{"not_picked":["Dodge and Roll"],"picked":"Footwork","floor":36.0},{"not_picked":["Setup","Outmaneuver+1"],"picked":"SKIP","floor":39.0},{"not_picked":["PiercingWail"],"picked":"Terror","floor":41.0},{"not_picked":["Backflip"],"picked":"Acrobatics","floor":42.0},{"not_picked":["Well Laid Plans"],"picked":"Acrobatics","floor":45.0},{"not_picked":["Quick Slash","Outmaneuver"],"picked":"SKIP","floor":46}],"player_experience":690869,"relics_obtained":[{"floor":6.0,"key":"Pen Nib"},{"floor":9.0,"key":"Paper Crane"},{"floor":14.0,"key":"Snake Skull"},{"floor":24.0,"key":"Orichalcum"},{"floor":26.0,"key":"Gremlin Horn"},{"floor":29.0,"key":"Ice Cream"},{"floor":42.0,"key":"Potion Belt"},{"floor":45.0,"key":"Bag of Preparation"}],"event_choices":[{"damage_healed":0.0,"max_hp_gain":0.0,"max_hp_loss":0.0,"gold_gain":0.0,"event_name":"Scrap Ooze","player_choice":"Success","floor":3.0,"gold_loss":0.0,"damage_taken":18.0,"relics_obtained":["Question Card"]},{"damage_healed":0.0,"max_hp_gain":0.0,"max_hp_loss":0.0,"gold_gain":0.0,"event_name":"Shining Light","player_choice":"Entered Light","floor":4.0,"gold_loss":0.0,"damage_taken":14.0,"cards_upgraded":["Strike_G","Defend_G"]},{"damage_healed":0.0,"max_hp_gain":0.0,"max_hp_loss":0.0,"gold_gain":0.0,"event_name":"Dead Adventurer","player_choice":"Searched \u00272\u0027 times","floor":10.0,"gold_loss":0.0,"damage_taken":0.0,"relics_obtained":["Shuriken"]},{"damage_healed":0.0,"max_hp_gain":0.0,"max_hp_loss":0.0,"gold_gain":0.0,"event_name":"WeMeetAgain","player_choice":"Gave Potion","floor":12.0,"gold_loss":0.0,"damage_taken":0.0,"relics_obtained":["Letter Opener"]},{"damage_healed":0.0,"max_hp_gain":0.0,"max_hp_loss":0.0,"gold_gain":0.0,"event_name":"Back to Basics","player_choice":"Simplicity","floor":22.0,"gold_loss":0.0,"damage_taken":0.0,"cards_upgraded":["Defend_G","Defend_G","Defend_G","Defend_G","Strike_G","Strike_G","Strike_G"]},{"damage_healed":0.0,"max_hp_gain":0.0,"max_hp_loss":0.0,"gold_gain":100.0,"event_name":"Golden Shrine","player_choice":"Pray","floor":25.0,"gold_loss":0.0,"damage_taken":0.0},{"cards_removed":["Well Laid Plans"],"damage_healed":19.0,"max_hp_gain":0.0,"max_hp_loss":0.0,"gold_gain":0.0,"event_name":"Bonfire Elementals","player_choice":"Offered Uncommon","floor":38.0,"gold_loss":0.0,"damage_taken":0.0},{"cards_removed":["Strike_G"],"damage_healed":0,"gold_gain":0,"player_choice":"Removed Attack","damage_taken":0,"max_hp_gain":0,"max_hp_loss":0,"event_name":"Falling","floor":47,"gold_loss":0},{"damage_healed":0,"gold_gain":0,"player_choice":"Upgraded","damage_taken":0,"max_hp_gain":0,"max_hp_loss":0,"event_name":"Upgrade Shrine","floor":48,"gold_loss":0,"cards_upgraded":["Footwork"]}],"is_beta":false,"boss_relics":[{"not_picked":["Eternal Feather","Lizard Tail"],"picked":"Busted Crown"},{"not_picked":["Runic Dome","White Beast Statue"],"picked":"Runic Pyramid"}],"items_purged_floors":[20],"is_endless":false,"potions_floor_spawned":[6,19,24,27,36,46],"killed_by":"Time Eater","ascension_level":13}