{"gold_per_floor":[118,118,138,154,329,329,329,329,355,411,5,5,5,20,20,119,119,133,133,133,133,232,267,267,285,285,298,326,359,413,123,123,123],"floor_reached":33,"playtime":4788,"items_purged":["Strike_R","Doubt"],"score":296,"play_id":"9ca50006-943f-4c48-98fd-cf57a9b0ded1","local_time":"20190201172330","is_ascension_mode":true,"campfire_choices":[{"data":"Infernal Blade","floor":6,"key":"SMITH"},{"data":"Infernal Blade","floor":8,"key":"SMITH"},{"data":"Infernal Blade","floor":15,"key":"SMITH"},{"floor":24,"key":"REST"},{"floor":32,"key":"REST"}],"neow_cost":"NONE","seed_source_timestamp":345737815740198,"circlet_count":0,"master_deck":["Strike_R+1","Strike_R","Strike_R","Strike_R+1","Defend_R","Defend_R+1","Defend_R+1","Bash","Infernal Blade+1","Infernal Blade+1","Infernal Blade+1","Spot Weakness","Inflame","Parasite","Limit Break","Heavy Blade","Flex","Bludgeon","Heavy Blade"],"relics":["Burning Blood","NeowsBlessing","Darkstone Periapt","Smiling Mask","War Paint","OrangePellets","Happy Flower","Lizard Tail","MutagenicStrength","Ginger","Self Forming Clay","Ornamental Fan","Red Mask","Whetstone","Gremlin Horn"],"potions_floor_usage":[16,16,16,28,28,29],"damage_taken":[{"damage":0,"enemies":"Cultist","floor":1,"turns":1},{"damage":0,"enemies":"Small Slimes","floor":3,"turns":1},{"damage":0,"enemies":"Jaw Worm","floor":4,"turns":1},{"damage":27,"enemies":"Lagavulin Event","floor":10,"turns":5},{"damage":4,"enemies":"3 Louse","floor":14,"turns":3},{"damage":79,"enemies":"Slime Boss","floor":16,"turns":14},{"damage":23,"enemies":"Shell Parasite","floor":18,"turns":4},{"damage":35,"enemies":"Book of Stabbing","floor":23,"turns":5},{"damage":16,"enemies":"Chosen","floor":25,"turns":4},{"damage":29,"enemies":"3 Cultists","floor":27,"turns":6},{"damage":46,"enemies":"Gremlin Leader","floor":28,"turns":5},{"damage":7,"enemies":"Masked Bandits","floor":29,"turns":3},{"damage":94,"enemies":"Champ","floor":33,"turns":8}],"seed_played":"-3744235526358800371","potions_obtained":[{"floor":3,"key":"BloodPotion"},{"floor":4,"key":"GamblersBrew"},{"floor":14,"key":"Strength Potion"},{"floor":18,"key":"Regen Potion"},{"floor":23,"key":"Dexterity Potion"},{"floor":25,"key":"LiquidBronze"},{"floor":28,"key":"Block Potion"}],"is_trial":false,"path_per_floor":["T","M","?","?","?","?","?","?","?","?","?","M","?","T"],"character_chosen":"IRONCLAD","items_purchased":["Spot Weakness","Inflame","OrangePellets","Gremlin Horn"],"campfire_rested":2,"item_purchase_floors":[11,11,11,31],"current_hp_per_floor":[80,80,80,80,86,86,86,86,86,65,65,92,80,82,82,18,92,75,75,75,75,75,46,73,63,63,40,56,55,55,55,82,0],"gold":123,"neow_bonus":"THREE_ENEMY_KILL","is_prod":false,"is_daily":false,"chose_seed":false,"campfire_upgraded":3,"win_rate":0,"timestamp":1549038210,"path_taken":["M","?","M","?","?","R","?","R","T","?","$","?","?","M","R","BOSS","M","?","?","?","?","E","R","?","T","M","E","?","?","$","R","BOSS"],"build_version":"2019-01-23","purchased_purges":2,"victory":false,"max_hp_per_floor":[80,80,80,80,86,86,86,86,86,86,86,92,92,92,92,92,92,92,92,92,92,92,92,92,92,92,92,92,92,92,92,92,92],"card_choices":[{"not_picked":["Armaments","Body Slam"],"picked":"Infernal Blade","floor":1},{"not_picked":["Havoc","Combust","Clothesline"],"picked":"SKIP","floor":3},{"not_picked":["Wild Strike","Headbutt"],"picked":"Infernal Blade","floor":4},{"not_picked":["Warcry","Blood for Blood"],"picked":"Infernal Blade","floor":10},{"not_picked":["Armaments","Seeing Red","Havoc"],"picked":"SKIP","floor":14},{"not_picked":["Impervious","Double Tap"],"picked":"Limit Break","floor":16},{"not_picked":["Twin Strike","Corruption"],"picked":"Heavy Blade","floor":18},{"not_picked":["Headbutt","Exhume"],"picked":"Bludgeon","floor":23},{"not_picked":["Sword Boomerang+1","Anger","Rampage+1"],"picked":"SKIP","floor":25},{"not_picked":["Feel No Pain+1","Armaments","Havoc"],"picked":"SKIP","floor":27},{"not_picked":["Ghostly Armor+1","Wild Strike"],"picked":"Heavy Blade","floor":28}],"player_experience":73803,"relics_obtained":[{"floor":2,"key":"Darkstone Periapt"},{"floor":9,"key":"Smiling Mask"},{"floor":10,"key":"War Paint"},{"floor":23,"key":"Ginger"},{"floor":26,"key":"Self Forming Clay"},{"floor":28,"key":"Ornamental Fan"},{"floor":29,"key":"Red Mask"},{"floor":30,"key":"Whetstone"}],"event_choices":[{"damage_healed":0,"gold_gain":175,"player_choice":"AGREE","damage_taken":0,"max_hp_gain":0,"max_hp_loss":0,"event_name":"Liars Game","floor":5,"gold_loss":0,"cards_obtained":["Doubt"]},{"cards_removed":["Defend_R"],"damage_healed":0,"gold_gain":0,"player_choice":"Forget","damage_taken":0,"max_hp_gain":0,"max_hp_loss":0,"event_name":"Living Wall","floor":7,"gold_loss":0},{"damage_healed":0,"gold_gain":0,"player_choice":"Searched \u00271\u0027 times","damage_taken":0,"max_hp_gain":0,"max_hp_loss":0,"event_name":"Dead Adventurer","floor":10,"gold_loss":0},{"damage_healed":21,"gold_gain":0,"player_choice":"Healed and dodged fight","damage_taken":0,"max_hp_gain":0,"max_hp_loss":0,"event_name":"Mushrooms","floor":12,"gold_loss":0,"cards_obtained":["Parasite"]},{"damage_healed":0,"gold_gain":0,"player_choice":"Success","damage_taken":12,"relics_obtained":["Happy Flower"],"max_hp_gain":0,"max_hp_loss":0,"event_name":"Scrap Ooze","floor":13,"gold_loss":0},{"damage_healed":0,"gold_gain":0,"player_choice":"Inject Mutagens","damage_taken":0,"relics_obtained":["MutagenicStrength"],"max_hp_gain":0,"max_hp_loss":0,"event_name":"Drug Dealer","floor":19,"gold_loss":0},{"damage_healed":0,"gold_gain":0,"player_choice":"Ignored","damage_taken":0,"max_hp_gain":0,"max_hp_loss":0,"event_name":"Ghosts","floor":20,"gold_loss":0},{"damage_healed":0,"gold_gain":0,"player_choice":"Read","damage_taken":0,"max_hp_gain":0,"max_hp_loss":0,"event_name":"The Library","floor":21,"gold_loss":0,"cards_obtained":["Flex"]},{"damage_healed":0,"gold_gain":99,"player_choice":"Stole From Cult","damage_taken":0,"max_hp_gain":0,"max_hp_loss":0,"event_name":"Nest","floor":22,"gold_loss":0},{"damage_healed":0,"gold_gain":0,"player_choice":"Fought Bandits","damage_taken":0,"max_hp_gain":0,"max_hp_loss":0,"event_name":"Masked Bandits","floor":29,"gold_loss":0}],"is_beta":false,"boss_relics":[{"not_picked":["Mark of Pain","Snecko Eye"],"picked":"Lizard Tail"}],"items_purged_floors":[11,31],"is_endless":false,"potions_floor_spawned":[3,4,14,18,23,25,28],"killed_by":"Champ","ascension_level":2}