{"gold_per_floor":[115,115,126,140,158,158,186,198,198,218,144,144,173,184,184,184],"floor_reached":16,"playtime":1205,"items_purged":[],"score":139,"play_id":"3b466da8-4056-490a-958b-954f92e5e603","local_time":"20190306213846","is_ascension_mode":false,"campfire_choices":[{"floor":6,"key":"REST"},{"floor":12,"key":"REST"},{"floor":15,"key":"REST"}],"neow_cost":"NONE","seed_source_timestamp":847653786407513,"circlet_count":0,"master_deck":["Strike_B","Strike_B","Strike_B","Strike_B","Defend_B","Defend_B","Defend_B","Defend_B","Zap","Dualcast","Reboot","Barrage","Ball Lightning","Melter","Lockon","Scrape","Thunder Strike","Heatsinks+1","Compile Driver","Gash"],"relics":["Cracked Core","FossilizedHelix","Frozen Egg 2","Juzu Bracelet"],"potions_floor_usage":[16,16,16],"damage_taken":[{"damage":10,"enemies":"Jaw Worm","floor":1,"turns":4},{"damage":1,"enemies":"Cultist","floor":3,"turns":3},{"damage":5,"enemies":"2 Louse","floor":4,"turns":3},{"damage":11,"enemies":"Blue Slaver","floor":5,"turns":4},{"damage":34,"enemies":"3 Sentries","floor":7,"turns":7},{"damage":0,"enemies":"Large Slime","floor":8,"turns":3},{"damage":14,"enemies":"3 Louse","floor":10,"turns":3},{"damage":0,"enemies":"Gremlin Nob","floor":13,"turns":3},{"damage":13,"enemies":"2 Fungi Beasts","floor":14,"turns":4},{"damage":68,"enemies":"Slime Boss","floor":16,"turns":9}],"seed_played":"-8995373513161320953","potions_obtained":[{"floor":4,"key":"Swift Potion"},{"floor":7,"key":"LiquidBronze"},{"floor":10,"key":"Swift Potion"},{"floor":14,"key":"EssenceOfSteel"}],"is_trial":false,"path_per_floor":["M","?","M","M","M","R","E","M","T","M","$","R","E","M","R","B"],"character_chosen":"DEFECT","items_purchased":["Heatsinks+1"],"campfire_rested":3,"item_purchase_floors":[11],"current_hp_per_floor":[72,72,71,66,55,79,45,45,45,31,31,55,55,42,66,0],"gold":184,"neow_bonus":"TEN_PERCENT_HP_BONUS","is_prod":false,"is_daily":false,"chose_seed":false,"campfire_upgraded":0,"win_rate":0.0,"timestamp":1551919126,"path_taken":["M","?","M","?","?","R","E","M","T","M","$","R","E","M","R","BOSS"],"build_version":"2019-01-23","purchased_purges":0,"victory":false,"max_hp_per_floor":[82,82,82,82,82,82,82,82,82,82,82,82,82,82,82,82],"card_choices":[{"not_picked":["Stack","Steam Power"],"picked":"Blizzard","floor":1},{"not_picked":["FTL","Lockon"],"picked":"Barrage","floor":3},{"not_picked":["Barrage","Leap"],"picked":"Ball Lightning","floor":4},{"not_picked":["Sweeping Beam","Cold Snap"],"picked":"Melter","floor":5},{"not_picked":["Cold Snap","Beam Cell"],"picked":"Lockon","floor":7},{"not_picked":["Gash","Cold Snap"],"picked":"Scrape","floor":8},{"not_picked":["Reprogram","Glacier"],"picked":"Thunder Strike","floor":10},{"not_picked":["Chaos","Gash"],"picked":"Compile Driver","floor":13},{"not_picked":["Rip and Tear","Compile Driver"],"picked":"Gash","floor":14}],"player_experience":4050,"relics_obtained":[{"floor":7,"key":"FossilizedHelix"},{"floor":9,"key":"Frozen Egg 2"},{"floor":13,"key":"Juzu Bracelet"}],"event_choices":[{"damage_healed":0,"gold_gain":0,"cards_transformed":["Blizzard"],"player_choice":"Transformed","damage_taken":0,"max_hp_gain":0,"max_hp_loss":0,"event_name":"Transmorgrifier","floor":2,"gold_loss":0,"cards_obtained":["Reboot"]}],"is_beta":false,"boss_relics":[],"items_purged_floors":[],"is_endless":false,"potions_floor_spawned":[4,7,10,14],"killed_by":"Slime Boss","ascension_level":0}