{"gold_per_floor":[113,123,73,73,90,90,121,121,145,172,172,182,182,106,106,106],"floor_reached":16,"playtime":569,"items_purged":[],"score":173,"play_id":"6f4ecf85-341b-4cc4-811d-8c4b0693317c","local_time":"20181209171847","is_ascension_mode":true,"campfire_choices":[{"data":"Adrenaline","floor":6.0,"key":"SMITH"},{"data":"Neutralize","floor":8.0,"key":"SMITH"},{"data":"Survivor","floor":13.0,"key":"SMITH"},{"data":"Footwork","floor":15.0,"key":"SMITH"}],"neow_cost":"NONE","seed_source_timestamp":14724294612522,"circlet_count":0,"master_deck":["AscendersBane","Defend_G","Defend_G","Defend_G","Defend_G","Defend_G","Strike_G","Strike_G","Strike_G","Survivor+1","Neutralize+1","Crippling Poison","Poisoned Stab+1","Adrenaline+1","Deadly Poison","Dagger Throw+1","Leg Sweep","Bouncing Flask","Footwork+1"],"special_seed":0,"relics":["Ring of the Snake","Art of War","Happy Flower","Whetstone"],"potions_floor_usage":[16],"damage_taken":[{"damage":14.0,"enemies":"Small Slimes","floor":1.0,"turns":6.0},{"damage":1.0,"enemies":"Jaw Worm","floor":2.0,"turns":6.0},{"damage":0.0,"enemies":"2 Louse","floor":5.0,"turns":3.0},{"damage":12.0,"enemies":"Lagavulin","floor":7.0,"turns":6.0},{"damage":7.0,"enemies":"Gremlin Nob","floor":10.0,"turns":3.0},{"damage":0.0,"enemies":"2 Fungi Beasts","floor":12.0,"turns":3.0},{"damage":37,"enemies":"Slime Boss","floor":16,"turns":11}],"seed_played":"2336590359278549431","potions_obtained":[{"floor":1.0,"key":"Swift Potion"},{"floor":2.0,"key":"Swift Potion"},{"floor":7.0,"key":"Energy Potion"}],"is_trial":false,"path_per_floor":["M","M","?","?","M","R","E","R","T","E","$","M","R","$","R","B"],"character_chosen":"THE_SILENT","items_purchased":["Footwork"],"campfire_rested":0,"item_purchase_floors":[14],"current_hp_per_floor":[56,55,55,55,55,55,43,43,43,36,36,36,36,36,36,0],"gold":106,"neow_bonus":"TEN_PERCENT_HP_BONUS","is_prod":false,"is_daily":false,"chose_seed":false,"campfire_upgraded":4,"win_rate":0,"timestamp":1544404727,"path_taken":["M","M","?","?","M","R","E","R","T","E","?","M","R","$","R","BOSS"],"build_version":"2018-12-06","purchased_purges":0,"victory":false,"max_hp_per_floor":[77,77,77,77,77,77,77,77,77,77,77,77,77,77,77,77],"card_choices":[{"not_picked":["Heel Hook","Expertise"],"picked":"Crippling Poison","floor":1.0},{"not_picked":["Eviscerate","PiercingWail"],"picked":"Poisoned Stab","floor":2.0},{"not_picked":["Quick Slash","Doppelganger"],"picked":"Deadly Poison","floor":5.0},{"not_picked":["Reflex","Acrobatics"],"picked":"Dagger Throw","floor":7.0},{"not_picked":["Skewer","Malaise"],"picked":"Leg Sweep","floor":10.0},{"not_picked":["Tactician","Quick Slash"],"picked":"Bouncing Flask","floor":12.0}],"player_experience":636395,"relics_obtained":[{"floor":7.0,"key":"Art of War"},{"floor":9.0,"key":"Happy Flower"},{"floor":10.0,"key":"Whetstone"}],"event_choices":[{"cards_removed":["Strike_G"],"damage_healed":0.0,"max_hp_gain":0.0,"max_hp_loss":0.0,"gold_gain":0.0,"event_name":"The Cleric","player_choice":"Card Removal","floor":3.0,"gold_loss":50.0,"damage_taken":0.0},{"damage_healed":0.0,"max_hp_gain":0.0,"max_hp_loss":0.0,"gold_gain":0.0,"cards_transformed":["Strike_G"],"event_name":"Living Wall","player_choice":"Change","floor":4.0,"gold_loss":0.0,"damage_taken":0.0,"cards_obtained":["Adrenaline"]}],"is_beta":false,"boss_relics":[],"items_purged_floors":[],"is_endless":false,"potions_floor_spawned":[1,2,7],"killed_by":"Slime Boss","ascension_level":12}