{"gold_per_floor":[118,31,42,55,74,74,105,125,125,125,90,150,150,190,190,190],"floor_reached":16,"playtime":509,"items_purged":[],"score":138,"play_id":"c07ed9b4-9ce8-4531-a64d-9b08083ea4df","local_time":"20190316150419","is_ascension_mode":true,"campfire_choices":[{"floor":6,"key":"REST"},{"data":"Spot Weakness","floor":13,"key":"SMITH"},{"floor":15,"key":"REST"}],"neow_cost":"NONE","seed_source_timestamp":139144355470795,"circlet_count":0,"master_deck":["Strike_R","Strike_R","Strike_R","Strike_R","Strike_R","Defend_R","Defend_R","Defend_R","Defend_R","Bash","Cleave","Spot Weakness+1","Flex","Warcry","Havoc","Heavy Blade","Cleave","Inflame","Burning Pact","Feed"],"relics":["Burning Blood","Dream Catcher","Bird Faced Urn","Darkstone Periapt","Golden Idol","Singing Bowl"],"potions_floor_usage":[7],"damage_taken":[{"damage":23,"enemies":"Small Slimes","floor":1,"turns":5},{"damage":1,"enemies":"2 Louse","floor":3,"turns":2},{"damage":7,"enemies":"Jaw Worm","floor":4,"turns":2},{"damage":16,"enemies":"Looter","floor":5,"turns":4},{"damage":35,"enemies":"3 Sentries","floor":7,"turns":7},{"damage":23,"enemies":"Exordium Thugs","floor":8,"turns":4},{"damage":25,"enemies":"Gremlin Nob","floor":14,"turns":4},{"damage":60,"enemies":"The Guardian","floor":16,"turns":9}],"seed_played":"8407575196329944406","potions_obtained":[{"floor":1,"key":"Poison Potion"},{"floor":3,"key":"FearPotion"},{"floor":8,"key":"FearPotion"}],"is_trial":false,"path_per_floor":["?","?","?"],"character_chosen":"IRONCLAD","items_purchased":["Spot Weakness","Flex"],"campfire_rested":2,"item_purchase_floors":[2,2],"current_hp_per_floor":[63,63,68,67,57,80,51,34,34,34,52,52,52,35,57,0],"gold":190,"neow_bonus":"RANDOM_COMMON_RELIC","is_prod":false,"is_daily":false,"chose_seed":false,"campfire_upgraded":1,"win_rate":0,"timestamp":1552745059,"path_taken":["M","$","M","M","M","R","E","M","T","?","?","?","R","E","R","BOSS"],"build_version":"2019-01-23","purchased_purges":0,"victory":false,"max_hp_per_floor":[80,80,80,80,80,80,80,80,80,74,74,74,74,74,74,74],"card_choices":[{"not_picked":["Searing Blow","Perfected Strike"],"picked":"Cleave","floor":1},{"not_picked":["Havoc","Rampage"],"picked":"Warcry","floor":3},{"not_picked":["Fire Breathing","Power Through"],"picked":"Havoc","floor":4},{"not_picked":["Shrug It Off","Pommel Strike"],"picked":"Heavy Blade","floor":5},{"not_picked":["Evolve","Anger"],"picked":"Cleave","floor":7},{"not_picked":["Body Slam","Infernal Blade"],"picked":"Inflame","floor":8},{"not_picked":["Headbutt","Intimidate"],"picked":"Burning Pact","floor":14},{"not_picked":["Flex","Carnage"],"picked":"Feed","floor":15}],"player_experience":340970,"relics_obtained":[{"floor":7,"key":"Bird Faced Urn"},{"floor":9,"key":"Darkstone Periapt"},{"floor":14,"key":"Singing Bowl"}],"event_choices":[{"damage_healed":0,"gold_gain":0,"player_choice":"Lose Max HP","damage_taken":0,"relics_obtained":["Golden Idol"],"max_hp_gain":0,"max_hp_loss":6,"event_name":"Golden Idol","floor":10,"gold_loss":0},{"damage_healed":18,"gold_gain":0,"player_choice":"Healed","damage_taken":0,"max_hp_gain":0,"max_hp_loss":0,"event_name":"The Cleric","floor":11,"gold_loss":35},{"damage_healed":0,"gold_gain":60,"player_choice":"Gained Gold","damage_taken":0,"max_hp_gain":0,"max_hp_loss":0,"event_name":"Golden Wing","floor":12,"gold_loss":0}],"is_beta":false,"boss_relics":[],"items_purged_floors":[],"is_endless":false,"potions_floor_spawned":[1,3,8],"killed_by":"The Guardian","ascension_level":5}