{"gold_per_floor":[116,116,116,134,23,36,68,68,93,93,105,137,137,137,137,236,236,250,263,362,362,5,5,18,18,18,47,47,47,60,122,122,224,224,240,46,66,84,97,97,97,97,97,115,115,115,115,45,45,45],"floor_reached":50,"playtime":6655,"items_purged":["Regret"],"score":611,"play_id":"c548a149-b928-4929-83cc-def062c181ce","local_time":"20190712134641","is_ascension_mode":false,"campfire_choices":[{"data":"Defragment","floor":8.0,"key":"SMITH"},{"data":"Coolheaded","floor":10.0,"key":"SMITH"},{"floor":13.0,"key":"REST"},{"data":"Zap","floor":15.0,"key":"SMITH"},{"data":"Machine Learning","floor":23.0,"key":"SMITH"},{"data":"Dualcast","floor":25.0,"key":"SMITH"},{"data":"Cold Snap","floor":29.0,"key":"SMITH"},{"data":"White Noise","floor":32,"key":"SMITH"},{"data":"Capacitor","floor":40,"key":"SMITH"},{"data":"FTL","floor":42,"key":"SMITH"},{"data":"All For One","floor":45,"key":"SMITH"},{"data":"Melter","floor":47,"key":"SMITH"},{"data":"BootSequence","floor":49,"key":"SMITH"}],"neow_cost":"NONE","seed_source_timestamp":0,"circlet_count":0,"master_deck":["Strike_B","Strike_B+1","Strike_B","Strike_B","Defend_B","Defend_B","Defend_B+1","Defend_B","Zap+1","Dualcast+1","FTL+1","Coolheaded+1","Melter+1","Defragment+1","White Noise+1","BootSequence+1","All For One+1","Seek+1","Rainbow+1","BootSequence+1","Cold Snap+1","Zap+1","Impatience+1","Chaos+1","Machine Learning+1","Steam Power+1","Redo+1","White Noise+1","Chill+1","Fission+1","Fission+1","Hologram+1","Chrysalis+1","Steam+1","Capacitor+1","Double Energy+1","Amplify+1"],"special_seed":0,"relics":["Philosopher\u0027s Stone","Happy Flower","Regal Pillow","Bag of Preparation","Toxic Egg 2","Matryoshka","Sozu","Bottled Flame","Singing Bowl","Question Card","Tiny Chest","Cursed Key"],"potions_floor_usage":[],"damage_taken":[{"damage":2.0,"enemies":"Jaw Worm","floor":1.0,"turns":4.0},{"damage":1.0,"enemies":"2 Louse","floor":4.0,"turns":2.0},{"damage":2.0,"enemies":"Cultist","floor":6.0,"turns":3.0},{"damage":11.0,"enemies":"3 Sentries","floor":7.0,"turns":6.0},{"damage":1.0,"enemies":"Looter","floor":11.0,"turns":3.0},{"damage":14.0,"enemies":"Lagavulin","floor":12.0,"turns":3.0},{"damage":20.0,"enemies":"Hexaghost","floor":16.0,"turns":8.0},{"damage":0.0,"enemies":"Shell Parasite","floor":18.0,"turns":4.0},{"damage":0.0,"enemies":"Chosen","floor":19.0,"turns":3.0},{"damage":8.0,"enemies":"Shelled Parasite and Fungi","floor":24.0,"turns":3.0},{"damage":5.0,"enemies":"Slavers","floor":27.0,"turns":4.0},{"damage":0.0,"enemies":"Centurion and Healer","floor":30.0,"turns":3.0},{"damage":0,"enemies":"Book of Stabbing","floor":31,"turns":4},{"damage":0,"enemies":"Automaton","floor":33,"turns":7},{"damage":0,"enemies":"Orb Walker","floor":35,"turns":3},{"damage":0,"enemies":"3 Darklings","floor":37,"turns":3},{"damage":0,"enemies":"Spire Growth","floor":38,"turns":3},{"damage":26,"enemies":"Sphere and 2 Shapes","floor":39,"turns":4},{"damage":0,"enemies":"3 Darklings","floor":44,"turns":4},{"damage":52,"enemies":"Time Eater","floor":50,"turns":4}],"seed_played":"-8197157740327731847","potions_obtained":[{"floor":1.0,"key":"Dexterity Potion"},{"floor":4.0,"key":"AttackPotion"},{"floor":11.0,"key":"FocusPotion"}],"is_trial":false,"path_per_floor":["M","?","?","M","$","M","E","R","T","R","M","E","R","T","R","B",null,"M","M","?","?","$","R","M","R","T","E","$","R","M","E","R","B",null,"M","$","M","M","M","R","$","R","T","M","R","T","R","$","R","B"],"character_chosen":"DEFECT","items_purchased":["Melter","Defragment","Chaos+1","Machine Learning","Steam Power+1","Chrysalis+1","Amplify+1"],"campfire_rested":1,"item_purchase_floors":[5,5,22,22,22,36,48],"current_hp_per_floor":[73,58,58,57,57,55,44,44,44,44,43,29,66,66,66,46,75,75,75,75,75,75,75,67,67,67,62,62,62,62,62,62,62,75,75,75,75,75,49,49,49,49,49,51,51,51,51,51,51,0],"gold":45,"neow_bonus":"BOSS_RELIC","is_prod":false,"is_daily":false,"chose_seed":false,"campfire_upgraded":12,"win_rate":0.0,"timestamp":1562964401,"path_taken":["M","?","?","M","$","M","E","R","T","R","M","E","R","?","R","BOSS","M","M","?","?","$","R","M","R","T","E","$","R","M","E","R","BOSS","M","$","M","M","M","R","$","R","T","M","R","?","R","$","R","BOSS"],"build_version":"2019-07-05","purchased_purges":1,"victory":false,"max_hp_per_floor":[75,75,75,75,75,75,75,75,75,75,75,75,75,75,75,75,75,75,75,75,75,75,75,75,75,75,75,75,75,75,75,75,75,75,75,75,75,75,75,75,75,75,75,77,77,77,77,77,77,77],"card_choices":[{"not_picked":["Force Field","Go for the Eyes"],"picked":"FTL","floor":1.0},{"not_picked":["Ball Lightning","Hologram"],"picked":"Coolheaded","floor":4.0},{"not_picked":["Coolheaded","Hello World"],"picked":"White Noise","floor":6.0},{"not_picked":["Hologram","Sweeping Beam"],"picked":"BootSequence","floor":7.0},{"not_picked":["Coolheaded","Beam Cell"],"picked":"All For One","floor":11.0},{"not_picked":["Genetic Algorithm","Coolheaded"],"picked":"Seek","floor":12.0},{"not_picked":["Thunder Strike","Reboot+1"],"picked":"Rainbow+1","floor":16.0},{"not_picked":["Steam Power+1","Hello World"],"picked":"BootSequence+1","floor":18.0},{"not_picked":["Go for the Eyes","Streamline"],"picked":"Cold Snap","floor":19.0},{"not_picked":["Streamline","Gash"],"picked":"Redo+1","floor":24.0},{"not_picked":["Rip and Tear+1","Stack+1"],"picked":"White Noise+1","floor":27.0},{"not_picked":["Conserve Battery+1","Ball Lightning","Go for the Eyes"],"picked":"Chill+1","floor":30},{"not_picked":["Compile Driver","BootSequence+1","Stack+1"],"picked":"Fission+1","floor":31},{"not_picked":["Seek+1","Multi-Cast+1","Rainbow+1"],"picked":"Fission+1","floor":33},{"not_picked":["Beam Cell+1","Streamline+1","Compile Driver"],"picked":"Hologram+1","floor":35},{"not_picked":["Go for the Eyes+1","Self Repair+1","Barrage+1"],"picked":"Steam+1","floor":37},{"not_picked":["Amplify+1","Reprogram+1","Redo+1"],"picked":"Capacitor","floor":38},{"not_picked":["Coolheaded+1","Blizzard+1","Storm"],"picked":"Double Energy+1","floor":39},{"not_picked":["Hello World+1","Glacier+1","Steam+1","Streamline+1"],"picked":"Singing Bowl","floor":44}],"player_experience":157212,"relics_obtained":[{"floor":7.0,"key":"Regal Pillow"},{"floor":9.0,"key":"Bag of Preparation"},{"floor":12.0,"key":"Toxic Egg 2"},{"floor":14.0,"key":"Matryoshka"},{"floor":26.0,"key":"Bottled Flame"},{"floor":26.0,"key":"Singing Bowl"},{"floor":27.0,"key":"Question Card"},{"floor":31,"key":"Tiny Chest"}],"event_choices":[{"damage_healed":0.0,"max_hp_gain":0.0,"max_hp_loss":0.0,"gold_gain":0.0,"event_name":"Shining Light","player_choice":"Entered Light","floor":2.0,"gold_loss":0.0,"damage_taken":15.0,"cards_upgraded":["Defend_B","Strike_B"]},{"damage_healed":0.0,"max_hp_gain":0.0,"max_hp_loss":0.0,"gold_gain":0.0,"event_name":"Big Fish","player_choice":"Box","floor":3.0,"gold_loss":0.0,"damage_taken":0.0,"relics_obtained":["Happy Flower"],"cards_obtained":["Regret"]},{"damage_healed":0.0,"max_hp_gain":0.0,"max_hp_loss":0.0,"gold_gain":99.0,"event_name":"Nest","player_choice":"Stole From Cult","floor":20.0,"gold_loss":0.0,"damage_taken":0.0},{"damage_healed":0.0,"max_hp_gain":0.0,"max_hp_loss":0.0,"gold_gain":0.0,"event_name":"Match and Keep!","player_choice":"2 cards matched","floor":21.0,"gold_loss":0.0,"damage_taken":0.0,"cards_obtained":["Zap","Impatience"]}],"is_beta":false,"boss_relics":[{"not_picked":["White Beast Statue","Eternal Feather"],"picked":"Sozu"},{"not_picked":["Empty Cage","Calling Bell"],"picked":"Cursed Key"}],"items_purged_floors":[22],"is_endless":false,"potions_floor_spawned":[1,4,11,18,24,27,31,39,44],"killed_by":"Time Eater","ascension_level":0}