{"gold_per_floor":[118,137,154,173,190,225,244,244,244,244,255,267,342,360,360,459,459,470,24,24,24,36,36],"floor_reached":23,"playtime":1369,"items_purged":[],"score":197,"play_id":"841fb847-6a45-49aa-a942-f777b632ab70","local_time":"20180706140949","is_ascension_mode":false,"campfire_choices":[{"floor":8,"key":"REST"},{"floor":15,"key":"REST"}],"neow_cost":"","seed_source_timestamp":14013131596358,"circlet_count":0,"master_deck":["Strike_R","Strike_R","Strike_R","Strike_R","Strike_R","Defend_R","Defend_R","Defend_R","Defend_R","Bash","Clothesline","Bloodletting","Infernal Blade","Twin Strike","Bludgeon","Flame Barrier+1","Battle Trance","Carnage","Pommel Strike","Clash","Demon Form","Shrug It Off","Clothesline","Searing Blow"],"relics":["Burning Blood","Vajra","Matryoshka","Snecko Eye","Incense Burner","Blood Vial"],"potions_floor_usage":[],"damage_taken":[{"damage":10,"enemies":"2 Louse","floor":1,"turns":3},{"damage":11,"enemies":"Jaw Worm","floor":2,"turns":2},{"damage":4,"enemies":"Cultist","floor":3,"turns":3},{"damage":18,"enemies":"Looter","floor":4,"turns":3},{"damage":11,"enemies":"Red Slaver","floor":5,"turns":2},{"damage":24,"enemies":"Lagavulin","floor":6,"turns":5},{"damage":5,"enemies":"Blue Slaver","floor":7,"turns":3},{"damage":21,"enemies":"Exordium Wildlife","floor":11,"turns":3},{"damage":7,"enemies":"Large Slime","floor":12,"turns":5},{"damage":16,"enemies":"Exordium Thugs","floor":14,"turns":3},{"damage":4,"enemies":"Slime Boss","floor":16,"turns":10},{"damage":0,"enemies":"3 Byrds","floor":18,"turns":2},{"damage":0,"enemies":"Spheric Guardian","floor":22,"turns":3},{"damage":83,"enemies":"Gremlin Leader","floor":23,"turns":6}],"seed_played":"367541928147323396","potions_obtained":[{"floor":2,"key":"GamblersBrew"},{"floor":4,"key":"Explosive Potion"},{"floor":6,"key":"Strength Potion"},{"floor":11,"key":"SkillPotion"},{"floor":22,"key":"Explosive Potion"}],"is_trial":false,"path_per_floor":["M","M","M","M","M","E","M","R","T","?","M","M","?","M","R","B",null,"M","$","?","?","M"],"character_chosen":"IRONCLAD","items_purchased":["Incense Burner","Blood Vial"],"campfire_rested":2,"item_purchase_floors":[19,19],"current_hp_per_floor":[76,71,73,61,56,38,39,63,63,63,48,47,36,26,50,52,80,80,80,65,65,73,0],"gold":36,"neow_bonus":"","is_prod":false,"is_daily":false,"chose_seed":false,"campfire_upgraded":0,"win_rate":0.0,"timestamp":1530882589,"path_taken":["M","M","M","M","M","E","M","R","T","?","M","M","?","M","R","BOSS","M","$","?","?","M","E"],"build_version":"2018-07-05","purchased_purges":0,"victory":false,"max_hp_per_floor":[80,80,80,80,80,80,80,80,80,80,80,80,80,80,80,80,80,80,80,85,85,85,85],"card_choices":[{"not_picked":["Sword Boomerang","Flex"],"picked":"Clothesline","floor":1},{"not_picked":["Clash","Body Slam"],"picked":"Bloodletting","floor":2},{"not_picked":["Dropkick","Armaments"],"picked":"Infernal Blade","floor":3},{"not_picked":["Clash","Sword Boomerang"],"picked":"Twin Strike","floor":4},{"not_picked":["Bloodletting","Cleave"],"picked":"Bludgeon","floor":5},{"not_picked":["Warcry","Second Wind"],"picked":"Flame Barrier","floor":6},{"not_picked":["Second Wind","Fire Breathing"],"picked":"Battle Trance","floor":7},{"not_picked":["Disarm","Dual Wield"],"picked":"Carnage","floor":11},{"not_picked":["Inflame","Heavy Blade"],"picked":"Pommel Strike","floor":12},{"not_picked":["Heavy Blade","Bloodletting"],"picked":"Clash","floor":14},{"not_picked":["Feed","Offering"],"picked":"Demon Form","floor":16},{"not_picked":["Body Slam+1","Twin Strike+1"],"picked":"Shrug It Off","floor":18},{"not_picked":["Power Through","Anger"],"picked":"Searing Blow","floor":22}],"player_experience":20983,"relics_obtained":[{"floor":6,"key":"Vajra"},{"floor":9,"key":"Matryoshka"}],"event_choices":[{"event_name":"Living Wall","player_choice":"Grow","floor":10,"damage_taken":0},{"event_name":"World of Goop","player_choice":"Gather Gold","floor":13,"damage_taken":0},{"event_name":"Forgotten Altar","player_choice":"Shed Blood","floor":20,"damage_taken":0},{"event_name":"The Library","player_choice":"Read","floor":21,"damage_taken":0}],"boss_relics":[{"not_picked":["Busted Crown","Lizard Tail"],"picked":"Snecko Eye"}],"items_purged_floors":[],"is_endless":false,"potions_floor_spawned":[2,4,6,7,11,22],"killed_by":"Gremlin Leader","ascension_level":0}