{"gold_per_floor":[112,123,198,213,5,5,5,20,47,47,64,79,79,90,90,195,195,208,223,239,256,268,268,268,293,293,312,324,324,353,106,106,204,254,264,281,42,42,54,81,81,110,163,174,174,184,13,23,23,23],"floor_reached":51,"playtime":6284,"items_purged":["Amplify"],"score":800,"play_id":"3a571a9f-ca39-47b6-8e36-5161eeee39b7","local_time":"20190706111330","is_ascension_mode":false,"campfire_choices":[{"data":"Sweeping Beam","floor":6,"key":"SMITH"},{"floor":10,"key":"REST"},{"data":"Hello World","floor":13,"key":"SMITH"},{"data":"Dualcast","floor":15,"key":"SMITH"},{"floor":23,"key":"REST"},{"floor":32,"key":"REST"},{"floor":41,"key":"REST"},{"floor":45,"key":"REST"},{"floor":49,"key":"REST"}],"neow_cost":"PERCENT_DAMAGE","seed_source_timestamp":463860166062,"circlet_count":0,"master_deck":["Defend_B","Defend_B+1","Defend_B+1","Defend_B","Zap","Dualcast+1","Sweeping Beam+1","Gash","Ball Lightning","Hello World+1","Hologram","Rebound","Go for the Eyes","All For One","Streamline","Go for the Eyes","Compile Driver+1","Hologram+1","Go for the Eyes","Bite","Bite","Bite","Bite","Bite","Conserve Battery+1","Redo+1","Ghostly","Ghostly","Ghostly","Ghostly","Ghostly","Hologram","Streamline","Hologram","Flash of Steel","Panache","Reboot","Beam Cell+1","Coolheaded","Compile Driver+1","Redo+1","Machine Learning","Gash","Rebound+1","All For One","Thinking Ahead"],"relics":["Cracked Core","Membership Card","Pen Nib","Fusion Hammer","Omamori","Bottled Lightning","Red Mask","Vajra","Tiny House","Nunchaku","Centennial Puzzle","War Paint","Strawberry","PreservedInsect"],"potions_floor_usage":[16,16,22,50],"damage_taken":[{"damage":0,"enemies":"2 Louse","floor":1,"turns":2},{"damage":1,"enemies":"Cultist","floor":2,"turns":3},{"damage":6,"enemies":"Jaw Worm","floor":4,"turns":3},{"damage":9,"enemies":"Blue Slaver","floor":8,"turns":4},{"damage":16,"enemies":"Large Slime","floor":11,"turns":4},{"damage":1,"enemies":"2 Fungi Beasts","floor":12,"turns":2},{"damage":3,"enemies":"Red Slaver","floor":14,"turns":3},{"damage":7,"enemies":"Slime Boss","floor":16,"turns":5},{"damage":2,"enemies":"Spheric Guardian","floor":18,"turns":3},{"damage":7,"enemies":"Chosen","floor":19,"turns":3},{"damage":25,"enemies":"Snake Plant","floor":20,"turns":4},{"damage":22,"enemies":"Shelled Parasite and Fungi","floor":21,"turns":6},{"damage":9,"enemies":"Snecko","floor":22,"turns":5},{"damage":23,"enemies":"Gremlin Leader","floor":25,"turns":6},{"damage":16,"enemies":"Snake Plant","floor":27,"turns":4},{"damage":5,"enemies":"Cultist and Chosen","floor":28,"turns":4},{"damage":20,"enemies":"Masked Bandits","floor":30,"turns":6},{"damage":2,"enemies":"Collector","floor":33,"turns":8},{"damage":0,"enemies":"3 Shapes","floor":35,"turns":3},{"damage":6,"enemies":"3 Darklings","floor":36,"turns":7},{"damage":1,"enemies":"Transient","floor":39,"turns":5},{"damage":17,"enemies":"Giant Head","floor":40,"turns":9},{"damage":0,"enemies":"Nemesis","floor":42,"turns":7},{"damage":0,"enemies":"Writhing Mass","floor":44,"turns":6},{"damage":4,"enemies":"3 Darklings","floor":46,"turns":5},{"damage":1,"enemies":"Transient","floor":48,"turns":5},{"damage":23,"enemies":"Awakened One","floor":50,"turns":12}],"seed_played":"-2639672128277024356","potions_obtained":[{"floor":8,"key":"Explosive Potion"},{"floor":12,"key":"FearPotion"},{"floor":14,"key":"GamblersBrew"},{"floor":16,"key":"PowerPotion"},{"floor":20,"key":"Regen Potion"},{"floor":21,"key":"Regen Potion"},{"floor":25,"key":"SmokeBomb"},{"floor":33,"key":"FocusPotion"}],"is_trial":false,"path_per_floor":["M","M","?","M","$","R","$","M","T","R","M","M","R","M","R","B",null,"M","M","M","M","M","R","?","E","T","M","M","?","?","$","R","B",null,"M","M","$","?","M","E","R","E","T","M","R","M","$","M","R","B",null],"character_chosen":"DEFECT","items_purchased":["Membership Card","Streamline","Hologram","Vajra","Flash of Steel","Panache","Nunchaku","Coolheaded","Centennial Puzzle","All For One","Thinking Ahead"],"campfire_rested":6,"item_purchase_floors":[5,31,31,31,31,31,37,37,37,47,47],"current_hp_per_floor":[68,67,59,53,53,53,53,44,44,70,54,53,53,50,50,43,89,87,80,55,33,38,64,62,41,41,35,40,31,21,21,30,31,36,36,32,32,32,36,21,31,43,43,43,43,41,41,43,43,33],"gold":23,"neow_bonus":"TWENTY_PERCENT_HP_BONUS","is_prod":false,"is_daily":false,"chose_seed":false,"campfire_upgraded":3,"win_rate":0.0,"timestamp":1562404410,"path_taken":["M","M","?","M","$","R","?","M","T","R","M","?","R","M","R","BOSS","M","M","M","M","M","R","?","E","T","M","M","?","?","$","R","BOSS","M","M","$","?","?","E","R","E","T","M","R","M","$","M","R","BOSS"],"build_version":"2019-07-05","purchased_purges":1,"victory":true,"max_hp_per_floor":[89,89,89,89,89,89,89,89,89,89,89,89,89,89,89,89,89,89,89,89,89,89,89,62,62,62,62,62,31,31,31,31,31,36,36,36,36,36,36,36,36,43,43,43,43,43,43,43,43,43],"card_choices":[{"not_picked":["Barrage","Conserve Battery"],"picked":"Sweeping Beam","floor":1},{"not_picked":["Doom and Gloom","Rebound"],"picked":"Gash","floor":2},{"not_picked":["Chaos","Sweeping Beam"],"picked":"Ball Lightning","floor":4},{"not_picked":["Go for the Eyes","Streamline"],"picked":"Hello World","floor":8},{"not_picked":["Machine Learning","Coolheaded"],"picked":"Hologram","floor":11},{"not_picked":["Skim","Compile Driver"],"picked":"Rebound","floor":12},{"not_picked":["Beam Cell","Barrage"],"picked":"Go for the Eyes","floor":14},{"not_picked":["Amplify","Creative AI"],"picked":"All For One","floor":16},{"not_picked":["Tempest","Coolheaded"],"picked":"Streamline","floor":18},{"not_picked":["Steam Power","Barrage"],"picked":"Go for the Eyes","floor":19},{"not_picked":["Loop+1","Defragment+1"],"picked":"Compile Driver+1","floor":20},{"not_picked":["Chaos","Beam Cell"],"picked":"Hologram+1","floor":21},{"not_picked":["Fusion","Redo"],"picked":"Go for the Eyes","floor":22},{"not_picked":["Double Energy","FTL"],"picked":"Conserve Battery","floor":25},{"not_picked":["Stack","Rip and Tear"],"picked":"Redo+1","floor":27},{"not_picked":["Fission","Fusion+1","Lockon+1"],"picked":"SKIP","floor":28},{"not_picked":["Doom and Gloom","Stack+1"],"picked":"Hologram","floor":30},{"not_picked":["Buffer","Fission"],"picked":"Reboot","floor":33},{"not_picked":["Capacitor","Fusion+1","Melter"],"picked":"SKIP","floor":35},{"not_picked":["Go for the Eyes","Barrage+1"],"picked":"Beam Cell+1","floor":36},{"not_picked":["Steam","Rebound+1"],"picked":"Compile Driver+1","floor":39},{"not_picked":["Barrage+1","Compile Driver+1"],"picked":"Redo+1","floor":40},{"not_picked":["Tempest+1","Creative AI"],"picked":"Machine Learning","floor":42},{"not_picked":["Ball Lightning","Redo"],"picked":"Gash","floor":44},{"not_picked":["Barrage","Steam+1"],"picked":"Rebound+1","floor":46},{"not_picked":["Rip and Tear","Leap","Melter"],"picked":"SKIP","floor":48}],"player_experience":30781,"relics_obtained":[{"floor":9,"key":"Pen Nib"},{"floor":25,"key":"Omamori"},{"floor":26,"key":"Bottled Lightning"},{"floor":30,"key":"Red Mask"},{"floor":40,"key":"War Paint"},{"floor":42,"key":"Strawberry"},{"floor":43,"key":"PreservedInsect"}],"event_choices":[{"damage_healed":0,"gold_gain":75,"player_choice":"Touch","damage_taken":8,"max_hp_gain":0,"max_hp_loss":0,"event_name":"FaceTrader","floor":3,"gold_loss":0},{"damage_healed":0,"gold_gain":0,"player_choice":"Became a vampire","damage_taken":0,"max_hp_gain":0,"max_hp_loss":27,"event_name":"Vampires","floor":24,"gold_loss":0,"cards_obtained":["Bite","Bite","Bite","Bite","Bite"]},{"damage_healed":0,"gold_gain":0,"player_choice":"Became a Ghost","damage_taken":0,"max_hp_gain":0,"max_hp_loss":31,"event_name":"Ghosts","floor":29,"gold_loss":0,"cards_obtained":["Ghostly","Ghostly","Ghostly","Ghostly","Ghostly"]},{"damage_healed":0,"gold_gain":0,"player_choice":"Fought Bandits","damage_taken":0,"max_hp_gain":0,"max_hp_loss":0,"event_name":"Masked Bandits","floor":30,"gold_loss":0},{"damage_healed":0,"gold_gain":0,"player_choice":"1 cards matched","damage_taken":0,"max_hp_gain":0,"max_hp_loss":0,"event_name":"Match and Keep!","floor":38,"gold_loss":0,"cards_obtained":["Amplify"]}],"is_beta":false,"boss_relics":[{"not_picked":["White Beast Statue","Inserter"],"picked":"Fusion Hammer"},{"not_picked":["Empty Cage","Runic Dome"],"picked":"Tiny House"}],"items_purged_floors":[47],"is_endless":false,"potions_floor_spawned":[8,12,14,16,20,21,25,28,33,35,36,46,48],"ascension_level":0}