{"gold_per_floor":[113,125,200,216,231,259,271,283,295,342,354,384,407,429,441,553,565,593,605,634,661,706,732,761,793,828,810,822,868,897,928,940,1054,1066,1094,1121,179,179,192,207,207,222,246,266,299,399,184,194,194,194],"floor_reached":51,"playtime":7049,"items_purged":["Strike_R","Defend_R"],"score":744,"play_id":"afd5ec05-c46f-4ee4-b988-b72d41b1209b","local_time":"20190704194550","is_ascension_mode":false,"campfire_choices":[{"data":"Hemokinesis","floor":8.0,"key":"SMITH"},{"floor":11.0,"key":"REST"},{"data":"Headbutt","floor":15.0,"key":"SMITH"},{"data":"Battle Trance","floor":28,"key":"SMITH"},{"data":"Flame Barrier","floor":32,"key":"SMITH"},{"floor":41,"key":"REST"},{"floor":49,"key":"REST"}],"neow_cost":"","seed_source_timestamp":0,"circlet_count":0,"master_deck":["Strike_R","Strike_R","Strike_R","Strike_R","Defend_R","Defend_R","Defend_R","Bash+1","Hemokinesis+1","Dropkick+1","Carnage","Flame Barrier+1","Headbutt+1","Reckless Charge","Headbutt","Iron Wave","Reckless Charge","Reaper","Flex+1","Rage","Battle Trance+1","Carnage","Clash","Iron Wave","Shrug It Off+1","Twin Strike","Flex+1","Headbutt","Demon Form","Cleave","Shockwave+1","Second Wind","Pummel","Violence","Madness","Madness","Battle Trance+1","Warcry+1","Cleave+1","Headbutt","Intimidate+1","Headbutt+1","Inflame","Battle Trance","Armaments"],"special_seed":0,"relics":["Burning Blood","MawBank","Pantograph","Ice Cream","Mark of Pain","Red Mask","Pen Nib","Happy Flower","Fusion Hammer","Ornamental Fan","Strawberry","Sling","Red Skull","Whetstone","Incense Burner"],"potions_floor_usage":[23,23,25,27,29,33,33,39],"damage_taken":[{"damage":1.0,"enemies":"Jaw Worm","floor":1.0,"turns":5.0},{"damage":3.0,"enemies":"Cultist","floor":2.0,"turns":2.0},{"damage":3.0,"enemies":"Small Slimes","floor":4.0,"turns":2.0},{"damage":9.0,"enemies":"Red Slaver","floor":5.0,"turns":3.0},{"damage":25.0,"enemies":"Gremlin Nob","floor":6.0,"turns":4.0},{"damage":26.0,"enemies":"3 Sentries","floor":10.0,"turns":6.0},{"damage":8.0,"enemies":"Large Slime","floor":12.0,"turns":5.0},{"damage":2.0,"enemies":"3 Louse","floor":13.0,"turns":2.0},{"damage":11.0,"enemies":"Exordium Thugs","floor":14.0,"turns":5.0},{"damage":69.0,"enemies":"The Guardian","floor":16.0,"turns":14.0},{"damage":14.0,"enemies":"Spheric Guardian","floor":18.0,"turns":4.0},{"damage":7.0,"enemies":"3 Byrds","floor":20.0,"turns":4.0},{"damage":34,"enemies":"Centurion and Healer","floor":21,"turns":4},{"damage":2,"enemies":"Masked Bandits","floor":22,"turns":4},{"damage":10,"enemies":"Shelled Parasite and Fungi","floor":23,"turns":5},{"damage":12,"enemies":"Snecko","floor":24,"turns":3},{"damage":0,"enemies":"Chosen and Byrds","floor":25,"turns":4},{"damage":34,"enemies":"Gremlin Leader","floor":29,"turns":7},{"damage":35,"enemies":"Shelled Parasite and Fungi","floor":30,"turns":5},{"damage":0,"enemies":"Snake Plant","floor":31,"turns":3},{"damage":84,"enemies":"Champ","floor":33,"turns":8},{"damage":35,"enemies":"3 Shapes","floor":35,"turns":5},{"damage":6,"enemies":"Orb Walker","floor":36,"turns":2},{"damage":38,"enemies":"3 Darklings","floor":39,"turns":6},{"damage":2,"enemies":"4 Shapes","floor":40,"turns":2},{"damage":10,"enemies":"Jaw Worm Horde","floor":42,"turns":3},{"damage":1,"enemies":"Transient","floor":44,"turns":5},{"damage":7,"enemies":"Giant Head","floor":45,"turns":4},{"damage":2,"enemies":"Mind Bloom Boss Battle","floor":46,"turns":3},{"damage":9,"enemies":"4 Shapes","floor":48,"turns":3},{"damage":61,"enemies":"Awakened One","floor":50,"turns":8}],"seed_played":"2440333698313838096","potions_obtained":[{"floor":4.0,"key":"BloodPotion"},{"floor":5.0,"key":"Poison Potion"},{"floor":12.0,"key":"Weak Potion"},{"floor":13.0,"key":"Weak Potion"},{"floor":16.0,"key":"SkillPotion"},{"floor":18.0,"key":"Fire Potion"},{"floor":24,"key":"SpeedPotion"},{"floor":27,"key":"Fruit Juice"},{"floor":27,"key":"SmokeBomb"},{"floor":30,"key":"FearPotion"},{"floor":31,"key":"Swift Potion"},{"floor":33,"key":"Strength Potion"},{"floor":35,"key":"SneckoOil"},{"floor":36,"key":"Weak Potion"},{"floor":44,"key":"Poison Potion"},{"floor":46,"key":"Ancient Potion"},{"floor":48,"key":"SkillPotion"}],"is_trial":false,"path_per_floor":["M","M","?","M","M","E","$","R","T","E","R","M","M","M","R","B",null,"M","?","M","M","?","M","M","M","T","?","R","E","M","M","R","B",null,"M","M","$","?","M","M","R","M","T","M","E","?","$","M","R","B",null],"character_chosen":"IRONCLAD","items_purchased":["Second Wind","Pummel","Violence","Ornamental Fan","Strawberry","Sling","Inflame","Battle Trance"],"campfire_rested":3,"item_purchase_floors":[37,37,37,37,37,37,47,47],"current_hp_per_floor":[80,80,72,75,72,53,53,53,53,33,57,55,59,54,54,36,80,72,72,77,57,61,63,57,69,69,74,74,70,47,62,62,20,85,65,73,80,68,54,58,85,87,87,92,92,92,92,89,92,51],"gold":194,"neow_bonus":"","is_prod":false,"is_daily":false,"chose_seed":false,"campfire_upgraded":4,"win_rate":0.0,"timestamp":1562262350,"path_taken":["M","M","?","M","M","E","?","R","T","E","R","M","M","M","R","BOSS","M","?","?","M","?","M","M","M","T","?","R","E","M","M","R","BOSS","M","M","$","?","M","M","R","M","T","M","E","?","$","M","R","BOSS"],"build_version":"2019-07-01","purchased_purges":2,"victory":true,"max_hp_per_floor":[80,80,80,80,80,80,80,80,80,80,80,80,80,80,80,80,80,80,80,80,80,80,80,80,80,80,85,85,85,85,85,85,85,85,85,85,92,92,92,92,92,92,92,92,92,92,92,92,92,92],"card_choices":[{"not_picked":["Warcry","Metallicize"],"picked":"Hemokinesis","floor":1.0},{"not_picked":["Entrench","Cleave"],"picked":"Dropkick","floor":2.0},{"not_picked":["Thunderclap","True Grit"],"picked":"Carnage","floor":4.0},{"not_picked":["Clash","Rupture"],"picked":"Flame Barrier","floor":5.0},{"not_picked":["Body Slam","Thunderclap"],"picked":"Headbutt","floor":6.0},{"not_picked":["Intimidate","Seeing Red"],"picked":"Reckless Charge","floor":10.0},{"not_picked":["Perfected Strike","Warcry"],"picked":"Headbutt","floor":12.0},{"not_picked":["Dark Embrace","Clash"],"picked":"Iron Wave","floor":13.0},{"not_picked":["True Grit","Headbutt"],"picked":"Reckless Charge","floor":14.0},{"not_picked":["Fiend Fire","Offering"],"picked":"Reaper","floor":16.0},{"not_picked":["Disarm+1","Armaments"],"picked":"Flex","floor":18.0},{"not_picked":["Intimidate","Dual Wield"],"picked":"Rage","floor":20.0},{"not_picked":["Pommel Strike","Combust"],"picked":"Battle Trance","floor":21},{"not_picked":["Anger","Inflame"],"picked":"Carnage","floor":22},{"not_picked":["Warcry","Bloodletting"],"picked":"Clash","floor":23},{"not_picked":["Fire Breathing","Headbutt"],"picked":"Iron Wave","floor":24},{"not_picked":["Flex","Searing Blow"],"picked":"Shrug It Off+1","floor":25},{"not_picked":["Brutality","Entrench"],"picked":"Twin Strike","floor":29},{"not_picked":["Twin Strike","Clash"],"picked":"Flex+1","floor":30},{"not_picked":["Warcry","Body Slam"],"picked":"Headbutt","floor":31},{"not_picked":["Fiend Fire","Bludgeon"],"picked":"Demon Form","floor":33},{"not_picked":["Anger","Intimidate"],"picked":"Cleave","floor":35},{"not_picked":["Reckless Charge+1","Anger+1"],"picked":"Shockwave+1","floor":36},{"not_picked":["Dropkick+1","Armaments+1"],"picked":"Battle Trance+1","floor":39},{"not_picked":["Rupture","Perfected Strike"],"picked":"Warcry+1","floor":40},{"not_picked":["Clash","Infernal Blade+1"],"picked":"Cleave+1","floor":42},{"not_picked":["Twin Strike+1","Reckless Charge+1"],"picked":"Headbutt","floor":44},{"not_picked":["Fiend Fire","Sword Boomerang+1"],"picked":"Intimidate+1","floor":45},{"not_picked":["Shrug It Off+1","Armaments"],"picked":"Headbutt+1","floor":46},{"not_picked":["Uppercut+1","Thunderclap"],"picked":"Armaments","floor":48}],"player_experience":0,"relics_obtained":[{"floor":6.0,"key":"MawBank"},{"floor":9.0,"key":"Pantograph"},{"floor":10.0,"key":"Ice Cream"},{"floor":22,"key":"Red Mask"},{"floor":26,"key":"Pen Nib"},{"floor":29,"key":"Happy Flower"},{"floor":43,"key":"Red Skull"},{"floor":45,"key":"Whetstone"},{"floor":46,"key":"Incense Burner"}],"event_choices":[{"damage_healed":0.0,"max_hp_gain":0.0,"max_hp_loss":0.0,"gold_gain":75.0,"event_name":"FaceTrader","player_choice":"Touch","floor":3.0,"gold_loss":0.0,"damage_taken":8.0},{"damage_healed":0.0,"max_hp_gain":0.0,"max_hp_loss":0.0,"gold_gain":0.0,"event_name":"Upgrade Shrine","player_choice":"Upgraded","floor":19.0,"gold_loss":0.0,"damage_taken":0.0,"cards_upgraded":["Flex"]},{"damage_healed":0,"gold_gain":0,"player_choice":"Fought Bandits","damage_taken":0,"max_hp_gain":0,"max_hp_loss":0,"event_name":"Masked Bandits","floor":22,"gold_loss":0},{"damage_healed":0,"gold_gain":0,"player_choice":"Bought 2 Potions","damage_taken":0,"max_hp_gain":0,"max_hp_loss":0,"event_name":"The Woman in Blue","floor":27,"gold_loss":0},{"damage_healed":0,"gold_gain":0,"player_choice":"Embrace Madness","damage_taken":12,"max_hp_gain":0,"max_hp_loss":0,"event_name":"Winding Halls","floor":38,"gold_loss":0,"cards_obtained":["Madness","Madness"]},{"damage_healed":0,"gold_gain":0,"player_choice":"Fight","damage_taken":0,"max_hp_gain":0,"max_hp_loss":0,"event_name":"MindBloom","floor":46,"gold_loss":0}],"is_beta":false,"boss_relics":[{"not_picked":["Astrolabe","Coffee Dripper"],"picked":"Mark of Pain"},{"not_picked":["Runic Cube","Eternal Feather"],"picked":"Fusion Hammer"}],"items_purged_floors":[37,47],"is_endless":false,"potions_floor_spawned":[4,5,12,13,16,18,22,24,30,31,33,35,36,44,46,48],"ascension_level":0}