{"gold_per_floor":[109,34,34,34,34,34,45,45,97,123,48,48,68,86,86,163,163,178,178,103,114,18,18,46,76,88,100],"floor_reached":27,"playtime":1751,"items_purged":["Doubt"],"score":458,"play_id":"a8081798-8d76-4145-89d3-f701b2a11d67","local_time":"20190625143212","is_ascension_mode":true,"campfire_choices":[{"floor":6,"key":"REST"},{"floor":8,"key":"REST"},{"data":"Dualcast","floor":12,"key":"SMITH"},{"data":"Ball Lightning","floor":15,"key":"SMITH"},{"data":"Static Discharge","floor":23,"key":"SMITH"}],"neow_cost":"NONE","seed_source_timestamp":104418022076800,"circlet_count":0,"master_deck":["AscendersBane","Strike_B+1","Strike_B+1","Strike_B+1","Strike_B+1","Defend_B+1","Defend_B+1","Defend_B+1","Defend_B+1","Zap+1","Dualcast+1","Ball Lightning","Ball Lightning+1","Coolheaded+1","Cold Snap","Steam+1","All For One","Compile Driver","Redo+1","Static Discharge+1","Rainbow+1","Skim+1"],"relics":["Calling Bell","Juzu Bracelet","Toxic Egg 2","Emotion Chip","WarpedTongs","Art of War","Bag of Marbles","White Beast Statue","MawBank","Pen Nib"],"potions_floor_usage":[16,21,21,24,24,25],"damage_taken":[{"damage":13,"enemies":"Cultist","floor":1,"turns":5},{"damage":15,"enemies":"Jaw Worm","floor":7,"turns":2},{"damage":19,"enemies":"3 Sentries","floor":10,"turns":5},{"damage":0,"enemies":"2 Louse","floor":13,"turns":2},{"damage":2,"enemies":"Lots of Slimes","floor":14,"turns":4},{"damage":14,"enemies":"Hexaghost","floor":16,"turns":8},{"damage":1,"enemies":"3 Byrds","floor":18,"turns":5},{"damage":1,"enemies":"2 Thieves","floor":21,"turns":2},{"damage":32,"enemies":"Slavers","floor":24,"turns":7},{"damage":17,"enemies":"Sentry and Sphere","floor":25,"turns":5},{"damage":9,"enemies":"Colosseum Slavers","floor":27,"turns":1}],"seed_played":"1892659496045198575","potions_obtained":[{"floor":10,"key":"FocusPotion"},{"floor":16,"key":"Energy Potion"},{"floor":18,"key":"Explosive Potion"},{"floor":21,"key":"Fire Potion"},{"floor":24,"key":"PowerPotion"},{"floor":25,"key":"SteroidPotion"}],"is_trial":false,"path_per_floor":["M","$","?","?","?","R","M","R","T","E","?","R","M","M","R","B",null,"M","?","?","M","$","R","E","M","T","?"],"character_chosen":"DEFECT","items_purchased":["Static Discharge","SkillPotion"],"campfire_rested":2,"item_purchase_floors":[22,22],"current_hp_per_floor":[51,51,44,23,23,44,29,50,50,31,31,31,31,29,29,15,57,56,56,56,55,55,55,23,6,6,0],"gold":100,"neow_bonus":"BOSS_RELIC","is_prod":false,"is_daily":false,"chose_seed":false,"campfire_upgraded":3,"win_rate":0,"timestamp":1561487532,"path_taken":["M","$","?","?","?","R","M","R","T","E","?","R","M","M","R","BOSS","M","?","?","M","?","R","E","M","T","?"],"build_version":"2019-01-23","purchased_purges":1,"victory":false,"max_hp_per_floor":[71,71,71,71,71,71,71,71,71,71,71,71,71,71,71,71,71,71,71,71,71,71,71,71,71,71,71],"card_choices":[{"not_picked":["Aggregate+1","Hologram+1"],"picked":"Ball Lightning","floor":1},{"not_picked":["Capacitor","Blizzard"],"picked":"Ball Lightning","floor":7},{"not_picked":["Meteor Strike","Cold Snap"],"picked":"Coolheaded+1","floor":10},{"not_picked":["Streamline","Compile Driver"],"picked":"Cold Snap","floor":13},{"not_picked":["Streamline","Beam Cell"],"picked":"Steam+1","floor":14},{"not_picked":["Thunder Strike","Creative AI"],"picked":"All For One","floor":16},{"not_picked":["Stack+1","Sweeping Beam"],"picked":"Compile Driver","floor":18},{"not_picked":["Turbo+1","Chill+1"],"picked":"Redo+1","floor":21},{"not_picked":["Steam+1","Tempest+1"],"picked":"Rainbow+1","floor":24},{"not_picked":["Steam+1","Streamline"],"picked":"Skim+1","floor":25}],"player_experience":2160044,"relics_obtained":[{"floor":0,"key":"Juzu Bracelet"},{"floor":0,"key":"Toxic Egg 2"},{"floor":0,"key":"Emotion Chip"},{"floor":9,"key":"Art of War"},{"floor":10,"key":"Bag of Marbles"},{"floor":24,"key":"MawBank"},{"floor":26,"key":"Pen Nib"}],"event_choices":[{"cards_removed":["Normality"],"damage_healed":0,"gold_gain":0,"player_choice":"Card Removal","damage_taken":7,"max_hp_gain":0,"max_hp_loss":0,"event_name":"Golden Wing","floor":3,"gold_loss":0},{"damage_healed":0,"gold_gain":0,"player_choice":"Entered Light","damage_taken":21,"max_hp_gain":0,"max_hp_loss":0,"event_name":"Shining Light","floor":4,"gold_loss":0,"cards_upgraded":["Zap","Strike_B"]},{"damage_healed":0,"gold_gain":0,"player_choice":"Rummage","damage_taken":0,"relics_obtained":["WarpedTongs"],"max_hp_gain":0,"max_hp_loss":0,"event_name":"Accursed Blacksmith","floor":5,"gold_loss":0,"cards_obtained":["Pain"]},{"cards_removed":["Pain"],"damage_healed":0,"gold_gain":0,"player_choice":"Card Removal","damage_taken":0,"max_hp_gain":0,"max_hp_loss":0,"event_name":"The Cleric","floor":11,"gold_loss":75},{"damage_healed":0,"gold_gain":0,"player_choice":"Simplicity","damage_taken":0,"max_hp_gain":0,"max_hp_loss":0,"event_name":"Back to Basics","floor":19,"gold_loss":0,"cards_upgraded":["Strike_B","Strike_B","Strike_B","Defend_B","Defend_B","Defend_B","Defend_B"]},{"cards_removed":["Injury"],"damage_healed":0,"gold_gain":0,"player_choice":"Gave Gold","damage_taken":0,"max_hp_gain":0,"max_hp_loss":0,"event_name":"Beggar","floor":20,"gold_loss":75},{"damage_healed":0,"gold_gain":0,"player_choice":"Fight","damage_taken":0,"max_hp_gain":0,"max_hp_loss":0,"event_name":"Colosseum","floor":27,"gold_loss":0}],"is_beta":false,"boss_relics":[{"not_picked":["Nuclear Battery","Lizard Tail"],"picked":"White Beast Statue"}],"items_purged_floors":[2],"is_endless":false,"potions_floor_spawned":[10,16,18,21,24,25],"killed_by":"Colosseum Slavers","ascension_level":20}