{"gold_per_floor":[213,231,231,250,250,283,295,311,334,334,334,347,347,365,365,469,469,489,413,433,358,273,307,20,20,20,20,20,36,36,49,49,150,150,168,185,185,200,210,210,210,220,247,264,292,292,304,157,157,157,157,157,8,34,34],"floor_reached":55,"playtime":4669,"items_purged":["Defend_R"],"score":782,"play_id":"13c6f28c-d0de-49d9-8a45-6a5873f56631","local_time":"20190706172821","is_ascension_mode":true,"campfire_choices":[{"floor":10.0,"key":"RECALL"},{"data":"Flex","floor":13.0,"key":"SMITH"},{"data":"Warcry","floor":15.0,"key":"SMITH"},{"data":"Rage","floor":25.0,"key":"SMITH"},{"data":"Finesse","floor":27.0,"key":"SMITH"},{"data":"Brutality","floor":30.0,"key":"SMITH"},{"data":"Flex","floor":32.0,"key":"SMITH"},{"data":"Rage","floor":40,"key":"SMITH"},{"data":"Infernal Blade","floor":46,"key":"SMITH"},{"floor":49,"key":"REST"},{"data":"Inflame","floor":52,"key":"SMITH"}],"neow_cost":"NONE","seed_source_timestamp":0,"circlet_count":0,"master_deck":["Strike_R","Strike_R","Strike_R","Strike_R","Defend_R","Defend_R","Rampage","Iron Wave","Warcry+1","Flex+1","Clash","Anger","Rage+1","Rage+1","Brutality+1","Pommel Strike+1","Clash","Flex+1","Burning Pact+1","Seeing Red+1","Twin Strike","Finesse+1","Infernal Blade+1","Heavy Blade+1","Thunderclap+1","Anger+1","Fire Breathing+1","Pommel Strike+1","Flex+1","Inflame+1","Dropkick+1","Inflame+1"],"special_seed":0,"relics":["Black Blood","Boot","Pen Nib","Mercury Hourglass","Bag of Preparation","Ancient Tea Set","PreservedInsect","Bottled Lightning","Sozu","Centennial Puzzle","Strawberry","Lantern","Mango"],"potions_floor_usage":[50],"damage_taken":[{"damage":4.0,"enemies":"2 Louse","floor":1.0,"turns":4.0},{"damage":8.0,"enemies":"Jaw Worm","floor":2.0,"turns":4.0},{"damage":1.0,"enemies":"Cultist","floor":4.0,"turns":3.0},{"damage":38.0,"enemies":"3 Sentries","floor":6.0,"turns":11.0},{"damage":11.0,"enemies":"Lots of Slimes","floor":7.0,"turns":6.0},{"damage":0.0,"enemies":"Exordium Wildlife","floor":8.0,"turns":3.0},{"damage":2.0,"enemies":"3 Louse","floor":12.0,"turns":2.0},{"damage":2.0,"enemies":"Blue Slaver","floor":14.0,"turns":2.0},{"damage":11.0,"enemies":"Hexaghost","floor":16.0,"turns":9.0},{"damage":14.0,"enemies":"Chosen","floor":18.0,"turns":5.0},{"damage":5.0,"enemies":"Spheric Guardian","floor":20.0,"turns":3.0},{"damage":37.0,"enemies":"Book of Stabbing","floor":23.0,"turns":5.0},{"damage":4.0,"enemies":"3 Cultists","floor":29.0,"turns":4.0},{"damage":1.0,"enemies":"Snake Plant","floor":31.0,"turns":2.0},{"damage":47.0,"enemies":"Champ","floor":33.0,"turns":9.0},{"damage":16,"enemies":"3 Shapes","floor":35,"turns":2},{"damage":5,"enemies":"3 Darklings","floor":36,"turns":3},{"damage":19,"enemies":"Spire Growth","floor":38,"turns":3},{"damage":10,"enemies":"Sphere and 2 Shapes","floor":39,"turns":3},{"damage":12,"enemies":"Jaw Worm Horde","floor":42,"turns":3},{"damage":14,"enemies":"Spire Growth","floor":44,"turns":3},{"damage":1,"enemies":"Reptomancer","floor":45,"turns":2},{"damage":29,"enemies":"Maw","floor":47,"turns":5},{"damage":63,"enemies":"Awakened One","floor":50,"turns":6},{"damage":11,"enemies":"Shield and Spear","floor":54,"turns":4},{"damage":112,"enemies":"The Heart","floor":55,"turns":5}],"seed_played":"5698227334421329250","potions_obtained":[{"floor":2.0,"key":"FairyPotion"},{"floor":4.0,"key":"SkillPotion"},{"floor":6.0,"key":"Explosive Potion"},{"floor":8.0,"key":"Block Potion"},{"floor":29.0,"key":"Strength Potion"}],"is_trial":false,"path_per_floor":["M","M","?","M","?","E","M","M","T","R","T","M","R","M","R","B",null,"M","$","M","?","?","E","$","R","T","R","$","M","R","M","R","B",null,"M","M","?","M","M","R","?","M","T","M","E","R","M","$","R","B",null,"R","$","E","B"],"character_chosen":"IRONCLAD","items_purchased":["Clash","Flex","Twin Strike","Finesse","PreservedInsect","Inflame","Lantern"],"campfire_rested":1,"item_purchase_floors":[19,19,24,24,24,48,53],"current_hp_per_floor":[80,78,66,71,64,32,27,33,33,33,33,37,37,41,41,36,80,76,76,80,80,80,53,53,53,53,53,53,59,59,68,68,31,80,74,79,79,70,70,70,70,68,68,64,80,80,61,61,87,34,87,87,87,100,0],"gold":34,"neow_bonus":"HUNDRED_GOLD","is_prod":false,"is_daily":false,"chose_seed":false,"campfire_upgraded":9,"win_rate":1,"timestamp":1562426901,"path_taken":["M","M","?","M","?","E","M","M","T","R","?","M","R","?","R","BOSS","M","?","M","?","?","E","$","R","T","R","?","?","R","M","R","BOSS","BOSS","M","M","?","M","M","R","?","M","T","?","E","R","M","$","R","BOSS","R","$","E","BOSS"],"build_version":"2019-07-05","purchased_purges":1,"victory":false,"max_hp_per_floor":[80,80,80,80,80,80,80,80,80,80,80,80,80,80,80,80,80,80,80,80,80,80,80,80,80,80,80,80,80,80,80,80,80,80,80,80,80,80,80,80,80,80,80,80,87,87,87,87,87,87,87,87,87,101,101],"card_choices":[{"not_picked":["Shrug It Off","Body Slam"],"picked":"Rampage","floor":1.0},{"not_picked":["Corruption","Power Through"],"picked":"Iron Wave","floor":2.0},{"not_picked":["Burning Pact","Perfected Strike"],"picked":"Warcry","floor":4.0},{"not_picked":["Impervious","Heavy Blade"],"picked":"Flex","floor":6.0},{"not_picked":["Warcry","Shockwave"],"picked":"Clash","floor":7.0},{"not_picked":["Twin Strike","Blood for Blood"],"picked":"Anger","floor":8.0},{"not_picked":["Perfected Strike","Blood for Blood"],"picked":"Rage","floor":12.0},{"not_picked":["Heavy Blade","Feel No Pain"],"picked":"Rage","floor":14.0},{"not_picked":["Demon Form","Limit Break"],"picked":"Brutality","floor":16.0},{"not_picked":["Inflame","Body Slam+1"],"picked":"Pommel Strike+1","floor":18.0},{"not_picked":["Entrench","Body Slam"],"picked":"Burning Pact+1","floor":20.0},{"not_picked":["Carnage+1","Headbutt"],"picked":"Seeing Red+1","floor":23.0},{"not_picked":["Second Wind","Bloodletting"],"picked":"Infernal Blade","floor":29.0},{"not_picked":["Power Through","Clothesline+1"],"picked":"Heavy Blade+1","floor":31.0},{"not_picked":["Warcry","Body Slam"],"picked":"Thunderclap+1","floor":35},{"not_picked":["Shockwave","Combust"],"picked":"Anger+1","floor":36},{"not_picked":["True Grit+1","Feel No Pain"],"picked":"Fire Breathing+1","floor":38},{"not_picked":["True Grit+1","Flex"],"picked":"Pommel Strike+1","floor":39},{"not_picked":["Shockwave+1","Clothesline+1"],"picked":"Inflame+1","floor":42},{"not_picked":["Pommel Strike","Heavy Blade","Infernal Blade"],"picked":"SKIP","floor":44},{"not_picked":["Juggernaut","Ghostly Armor+1","Blood for Blood+1"],"picked":"SKIP","floor":45},{"not_picked":["Sword Boomerang+1","Shockwave"],"picked":"Dropkick+1","floor":47},{"not_picked":["Body Slam","Combust","Armaments+1"],"picked":"SKIP","floor":54}],"player_experience":37065,"relics_obtained":[{"floor":6.0,"key":"Pen Nib"},{"floor":11.0,"key":"Mercury Hourglass"},{"floor":23.0,"key":"Ancient Tea Set"},{"floor":26.0,"key":"Bottled Lightning"},{"floor":43,"key":"Centennial Puzzle"},{"floor":45,"key":"Strawberry"},{"floor":54,"key":"Mango"}],"event_choices":[{"damage_healed":0.0,"max_hp_gain":0.0,"max_hp_loss":0.0,"gold_gain":0.0,"event_name":"Scrap Ooze","player_choice":"Success","floor":3.0,"gold_loss":0.0,"damage_taken":12.0,"relics_obtained":["Boot"]},{"cards_removed":["Strike_R"],"damage_healed":0.0,"max_hp_gain":0.0,"max_hp_loss":0.0,"gold_gain":0.0,"event_name":"Golden Wing","player_choice":"Card Removal","floor":5.0,"gold_loss":0.0,"damage_taken":7.0},{"cards_removed":["Defend_R"],"damage_healed":0.0,"max_hp_gain":0.0,"max_hp_loss":0.0,"gold_gain":0.0,"event_name":"Beggar","player_choice":"Gave Gold","floor":21.0,"gold_loss":75.0,"damage_taken":0.0},{"damage_healed":0.0,"max_hp_gain":0.0,"max_hp_loss":0.0,"gold_gain":0.0,"event_name":"Addict","player_choice":"Obtained Relic","floor":22.0,"gold_loss":85.0,"damage_taken":0.0,"relics_obtained":["Bag of Preparation"]},{"cards_removed":["Bash"],"damage_healed":0,"gold_gain":0,"player_choice":"Removed Attack","damage_taken":0,"max_hp_gain":0,"max_hp_loss":0,"event_name":"Falling","floor":37,"gold_loss":0},{"damage_healed":0,"gold_gain":0,"player_choice":"Copied","damage_taken":0,"max_hp_gain":0,"max_hp_loss":0,"event_name":"Duplicator","floor":41,"gold_loss":0,"cards_obtained":["Flex"]}],"is_beta":false,"boss_relics":[{"not_picked":["Velvet Choker","Busted Crown"],"picked":"Black Blood"},{"not_picked":["Calling Bell","Runic Dome"],"picked":"Sozu"}],"items_purged_floors":[48],"is_endless":false,"potions_floor_spawned":[2,4,6,8,23,29,35,36,44,45,47,54],"killed_by":"The Heart","ascension_level":1}