{"gold_per_floor":[113,127,42,42,61,61,71,71,71,38,54,54,54,54],"floor_reached":14,"playtime":1647,"items_purged":[],"score":80,"play_id":"9771db42-0f13-4976-b6f1-f023a26c5aea","local_time":"20180703213848","is_ascension_mode":false,"campfire_choices":[{"data":"Prepared","floor":6,"key":"SMITH"},{"data":"Backstab","floor":8,"key":"SMITH"}],"neow_cost":"","seed_source_timestamp":44486282866068,"circlet_count":0,"master_deck":["Defend_G","Defend_G","Defend_G","Defend_G+1","Strike_G+1","Strike_G","Strike_G","Strike_G","Strike_G","Survivor","Neutralize","Backstab+1","Dagger Throw","Blade Dance","Prepared+1","Venomology","Reflex","Outmaneuver","Infinite Blades","Quick Slash"],"special_seed":17715,"relics":["Ring of the Snake","Tingsha","Torii"],"potions_floor_usage":[7,7,14],"damage_taken":[{"damage":2,"enemies":"2 Louse","floor":1,"turns":4},{"damage":4,"enemies":"Cultist","floor":2,"turns":5},{"damage":2,"enemies":"Small Slimes","floor":5,"turns":2},{"damage":4,"enemies":"Gremlin Gang","floor":7,"turns":5},{"damage":4,"enemies":"Red Slaver","floor":11,"turns":3},{"damage":19,"enemies":"Lagavulin","floor":14,"turns":4}],"seed_played":"1986750384048941114","potions_obtained":[{"floor":1,"key":"AttackPotion"},{"floor":2,"key":"LiquidBronze"},{"floor":7,"key":"Poison Potion"}],"is_trial":false,"path_per_floor":["M","M","$","?","M","R","M","R","T","$","M","?","?"],"character_chosen":"THE_SILENT","items_purchased":["Blade Dance","Prepared","Infinite Blades"],"campfire_rested":0,"item_purchase_floors":[3,3,10],"current_hp_per_floor":[68,64,64,64,62,62,58,58,58,58,54,29,15,0],"gold":54,"neow_bonus":"","is_prod":false,"is_daily":false,"chose_seed":false,"campfire_upgraded":2,"win_rate":0.0,"timestamp":1530650328,"path_taken":["M","M","$","?","?","R","M","R","T","?","?","?","?","E"],"build_version":"2018-06-28","purchased_purges":0,"victory":false,"max_hp_per_floor":[70,70,70,70,70,70,70,70,70,70,70,70,70,70],"card_choices":[{"not_picked":["Leg Sweep","Dagger Spray"],"picked":"Backstab","floor":1},{"not_picked":["Underhanded Strike","Eviscerate"],"picked":"Dagger Throw","floor":2},{"not_picked":["Endless Agony","Slice"],"picked":"Reflex","floor":5},{"not_picked":["Eviscerate","Deflect"],"picked":"Outmaneuver","floor":7},{"not_picked":["Escape Plan","Dodge and Roll"],"picked":"Quick Slash","floor":11}],"player_experience":4010,"relics_obtained":[{"floor":9,"key":"Tingsha"}],"event_choices":[{"event_name":"Transmorgrifier","player_choice":"Transform","floor":4,"damage_taken":0},{"event_name":"Scrap Ooze","player_choice":"success","floor":12,"damage_taken":25},{"event_name":"Shining Light","player_choice":"Entered Light","floor":13,"damage_taken":0}],"boss_relics":[],"items_purged_floors":[],"is_endless":false,"potions_floor_spawned":[1,2,7,11],"killed_by":"Lagavulin","ascension_level":0}