{"gold_per_floor":[114,131,145,145,162,162,224,224,224,252,270,282,295,310,310,310],"floor_reached":16,"playtime":1551,"items_purged":[],"score":133,"play_id":"8c964f4b-44bc-46b8-8df6-a40aee590532","local_time":"20190712202816","is_ascension_mode":true,"campfire_choices":[{"floor":6,"key":"RECALL"},{"floor":8,"key":"REST"},{"data":"Armaments","floor":15,"key":"SMITH"}],"neow_cost":"PERCENT_DAMAGE","seed_source_timestamp":4135469244324,"circlet_count":0,"master_deck":["Strike_R","Strike_R","Strike_R","Strike_R","Strike_R","Defend_R","Defend_R","Defend_R","Defend_R","Bash","Impervious","Flex","Twin Strike","Armaments+1","Shrug It Off","Pommel Strike","Impervious","True Grit","Battle Trance","Warcry"],"relics":["Burning Blood","Boot","Pantograph"],"potions_floor_usage":[7,7,11,16],"damage_taken":[{"damage":3,"enemies":"Small Slimes","floor":1,"turns":5},{"damage":1,"enemies":"Cultist","floor":2,"turns":4},{"damage":0,"enemies":"2 Louse","floor":3,"turns":4},{"damage":29,"enemies":"Exordium Wildlife","floor":5,"turns":7},{"damage":27,"enemies":"3 Sentries","floor":7,"turns":12},{"damage":42,"enemies":"Lagavulin","floor":10,"turns":8},{"damage":11,"enemies":"Gremlin Gang","floor":11,"turns":8},{"damage":2,"enemies":"Looter","floor":12,"turns":4},{"damage":0,"enemies":"3 Louse","floor":13,"turns":6},{"damage":0,"enemies":"2 Fungi Beasts","floor":14,"turns":4},{"damage":55,"enemies":"Hexaghost","floor":16,"turns":12}],"seed_played":"8044689097473291983","potions_obtained":[{"floor":1,"key":"GamblersBrew"},{"floor":3,"key":"GamblersBrew"},{"floor":5,"key":"Energy Potion"},{"floor":13,"key":"Fruit Juice"}],"is_trial":false,"path_per_floor":["M","M","M","?","M","R","?","R","T","E","M","M","M","M","R","B"],"character_chosen":"IRONCLAD","items_purchased":[],"campfire_rested":1,"item_purchase_floors":[],"current_hp_per_floor":[59,64,70,70,47,47,26,50,50,14,9,13,19,25,25,0],"gold":310,"neow_bonus":"THREE_RARE_CARDS","is_prod":false,"is_daily":false,"chose_seed":false,"campfire_upgraded":1,"win_rate":0,"timestamp":1562956096,"path_taken":["M","M","M","?","?","R","?","R","T","E","M","M","M","M","R","BOSS"],"build_version":"2019-07-05","purchased_purges":0,"victory":false,"max_hp_per_floor":[80,80,80,80,80,80,80,80,80,80,80,80,80,80,80,85],"card_choices":[{"not_picked":["Berserk","Fiend Fire"],"picked":"Impervious","floor":0},{"not_picked":["True Grit","Body Slam"],"picked":"Flex","floor":1},{"not_picked":["Corruption","Flex"],"picked":"Twin Strike","floor":2},{"not_picked":["Warcry","Perfected Strike"],"picked":"Armaments","floor":3},{"not_picked":["Hemokinesis","Thunderclap","Heavy Blade"],"picked":"SKIP","floor":5},{"not_picked":["Havoc","Thunderclap"],"picked":"Shrug It Off","floor":7},{"not_picked":["Spot Weakness","Evolve"],"picked":"Pommel Strike","floor":10},{"not_picked":["Dual Wield","Iron Wave"],"picked":"Impervious","floor":11},{"not_picked":["Perfected Strike","Anger"],"picked":"True Grit","floor":12},{"not_picked":["Intimidate","Bloodletting"],"picked":"Battle Trance","floor":13},{"not_picked":["Anger","Feel No Pain"],"picked":"Warcry","floor":14}],"player_experience":75962,"relics_obtained":[{"floor":7,"key":"Boot"},{"floor":10,"key":"Pantograph"}],"event_choices":[{"damage_healed":0,"gold_gain":0,"player_choice":"Bought 0 Potions","damage_taken":0,"max_hp_gain":0,"max_hp_loss":0,"event_name":"The Woman in Blue","floor":4,"gold_loss":0},{"damage_healed":0,"gold_gain":0,"player_choice":"Searched \u00271\u0027 times","damage_taken":0,"max_hp_gain":0,"max_hp_loss":0,"event_name":"Dead Adventurer","floor":7,"gold_loss":0}],"is_beta":false,"boss_relics":[],"items_purged_floors":[],"is_endless":false,"potions_floor_spawned":[1,3,5,13],"killed_by":"Hexaghost","ascension_level":5}