{"gold_per_floor":[117,135,153,168,188,188,188,217,217,247,49,49,25,38,38,142,142,153,168,180,195,195,221,221,221],"floor_reached":25,"playtime":1512,"items_purged":[],"score":235,"play_id":"afb8cead-4010-4288-8ce7-aba1b7f73bfd","local_time":"20180706170603","is_ascension_mode":false,"campfire_choices":[{"data":"Cleave","floor":6,"key":"SMITH"},{"floor":15,"key":"REST"},{"floor":24,"key":"REST"}],"neow_cost":"NONE","seed_source_timestamp":0,"circlet_count":0,"master_deck":["Strike_R+1","Strike_R+1","Strike_R","Strike_R","Strike_R","Defend_R","Defend_R","Defend_R","Bash","Dropkick","Cleave+1","Armaments","Pommel Strike","Perfected Strike","Pommel Strike","Perfected Strike","Carnage","Secret Weapon","Anger","Clash","Perfected Strike","Bludgeon","Pommel Strike","Power Through","Twin Strike+1","Sword Boomerang+1","Berserk","True Grit"],"special_seed":17718,"relics":["Burning Blood","NlothsMask","Pantograph","Omamori","Cursed Key","Dream Catcher","Letter Opener"],"potions_floor_usage":[21,23,23,25],"damage_taken":[{"damage":6,"enemies":"Cultist","floor":1,"turns":3},{"damage":3,"enemies":"Small Slimes","floor":2,"turns":3},{"damage":6,"enemies":"Jaw Worm","floor":3,"turns":3},{"damage":15,"enemies":"Exordium Wildlife","floor":4,"turns":3},{"damage":0,"enemies":"Large Slime","floor":5,"turns":4},{"damage":28,"enemies":"Gremlin Nob","floor":8,"turns":4},{"damage":16,"enemies":"3 Sentries","floor":10,"turns":4},{"damage":5,"enemies":"Looter","floor":14,"turns":2},{"damage":20,"enemies":"Slime Boss","floor":16,"turns":7},{"damage":5,"enemies":"Spheric Guardian","floor":18,"turns":3},{"damage":15,"enemies":"Shell Parasite","floor":19,"turns":3},{"damage":30,"enemies":"Sentry and Sphere","floor":20,"turns":4},{"damage":12,"enemies":"Centurion and Healer","floor":21,"turns":3},{"damage":37,"enemies":"Slavers","floor":23,"turns":5},{"damage":39,"enemies":"Slaver and Parasite","floor":25,"turns":2}],"seed_played":"-7177677508004505436","potions_obtained":[{"floor":3,"key":"Dexterity Potion"},{"floor":4,"key":"SkillPotion"},{"floor":8,"key":"Block Potion"},{"floor":21,"key":"EssenceOfSteel"}],"is_trial":false,"path_per_floor":["M","M","M","M","M","R","?","E","T","E","$","?","$","M","R","B",null,"M","M","M","M","?","E","R"],"character_chosen":"IRONCLAD","items_purchased":["Secret Weapon","Anger","Clash"],"campfire_rested":2,"item_purchase_floors":[11,11,13],"current_hp_per_floor":[80,80,80,71,77,77,77,55,55,45,45,29,29,30,54,65,80,80,71,47,41,41,10,34,0],"gold":221,"neow_bonus":"TRANSFORM_CARD","is_prod":false,"is_daily":false,"chose_seed":false,"campfire_upgraded":1,"win_rate":0.0,"timestamp":1530893163,"path_taken":["M","M","M","M","M","R","?","E","T","E","?","?","?","?","R","BOSS","M","M","M","M","?","E","R","M"],"build_version":"2018-07-05","purchased_purges":0,"victory":false,"max_hp_per_floor":[80,80,80,80,80,80,80,80,80,80,80,80,80,80,80,80,80,80,80,80,80,80,80,80,80],"card_choices":[{"not_picked":["Twin Strike","Warcry"],"picked":"Cleave","floor":1},{"not_picked":["Twin Strike","Body Slam"],"picked":"Armaments","floor":2},{"not_picked":["Clash","Heavy Blade"],"picked":"Pommel Strike","floor":3},{"not_picked":["Clothesline","Berserk"],"picked":"Perfected Strike","floor":4},{"not_picked":["Intimidate","Twin Strike"],"picked":"Pommel Strike","floor":5},{"not_picked":["Seeing Red","Rampage"],"picked":"Perfected Strike","floor":8},{"not_picked":["Twin Strike","Shrug It Off"],"picked":"Carnage","floor":10},{"not_picked":["Sword Boomerang","Clash"],"picked":"Perfected Strike","floor":14},{"not_picked":["Feed","Reaper"],"picked":"Bludgeon","floor":16},{"not_picked":["Intimidate","Feel No Pain"],"picked":"Pommel Strike","floor":18},{"not_picked":["Body Slam","Pommel Strike"],"picked":"Power Through","floor":19},{"not_picked":["Clash","Flex"],"picked":"Twin Strike+1","floor":20},{"not_picked":["Burning Pact","Second Wind"],"picked":"Sword Boomerang+1","floor":21},{"not_picked":["True Grit","Sever Soul"],"picked":"Berserk","floor":23},{"not_picked":["Intimidate","Headbutt"],"picked":"True Grit","floor":24}],"player_experience":22352,"relics_obtained":[{"floor":8,"key":"Pantograph"},{"floor":10,"key":"Omamori"},{"floor":23,"key":"Letter Opener"}],"event_choices":[{"event_name":"FaceTrader","player_choice":"Trade","floor":7,"damage_taken":0},{"event_name":"Shining Light","player_choice":"Entered Light","floor":12,"damage_taken":0},{"event_name":"The Mausoleum","player_choice":"Yes","floor":22,"damage_taken":0}],"boss_relics":[{"not_picked":["Runic Dome","Runic Pyramid"],"picked":"Cursed Key"}],"items_purged_floors":[],"is_endless":false,"potions_floor_spawned":[3,4,8,14,16,19,20,21],"killed_by":"Slaver and Parasite","ascension_level":0}