{"gold_per_floor":[116,129,404,414,394,423,437,437],"floor_reached":8,"playtime":725,"items_purged":[],"score":60,"play_id":"5390c337-67cc-4c33-91aa-98c9ce7847bf","local_time":"20190702101630","is_ascension_mode":false,"campfire_choices":[],"neow_cost":"NONE","seed_source_timestamp":0,"circlet_count":0,"master_deck":["Strike_R","Strike_R","Strike_R","Strike_R","Strike_R","Defend_R","Defend_R","Defend_R","Defend_R","Bash","Purity","Cleave","Infernal Blade","Regret","Dual Wield","Perfected Strike","Twin Strike","Exhume"],"special_seed":0,"relics":["Burning Blood","The Courier"],"potions_floor_usage":[6],"damage_taken":[{"damage":5,"enemies":"Small Slimes","floor":1,"turns":4},{"damage":1,"enemies":"Cultist","floor":2,"turns":3},{"damage":6,"enemies":"Jaw Worm","floor":4,"turns":2},{"damage":17,"enemies":"Exordium Thugs","floor":5,"turns":4},{"damage":53,"enemies":"Lagavulin","floor":6,"turns":7},{"damage":7,"enemies":"Blue Slaver","floor":7,"turns":2},{"damage":45,"enemies":"Gremlin Nob","floor":8,"turns":3}],"seed_played":"-701090421889777996","potions_obtained":[{"floor":1,"key":"Regen Potion"},{"floor":6,"key":"Explosive Potion"},{"floor":7,"key":"Swift Potion"}],"is_trial":false,"path_per_floor":["M","M","?","M","M","E","M","E"],"character_chosen":"IRONCLAD","items_purchased":[],"campfire_rested":0,"item_purchase_floors":[],"current_hp_per_floor":[80,80,80,80,69,36,35,0],"gold":437,"neow_bonus":"RANDOM_COLORLESS","is_prod":false,"is_daily":false,"chose_seed":false,"campfire_upgraded":0,"win_rate":0,"timestamp":1562030190,"path_taken":["M","M","?","M","M","E","?","E"],"build_version":"2019-07-01","purchased_purges":0,"victory":false,"max_hp_per_floor":[80,80,80,80,80,80,80,80],"card_choices":[{"not_picked":["Shrug It Off","Sword Boomerang"],"picked":"Cleave","floor":1},{"not_picked":["Armaments","Perfected Strike"],"picked":"Infernal Blade","floor":2},{"not_picked":["Disarm","Rupture"],"picked":"Dual Wield","floor":4},{"not_picked":["Warcry","Entrench"],"picked":"Perfected Strike","floor":5},{"not_picked":["Rupture","Body Slam"],"picked":"Twin Strike","floor":6},{"not_picked":["Thunderclap","Cleave"],"picked":"Exhume","floor":7}],"player_experience":225692,"relics_obtained":[{"floor":6,"key":"The Courier"}],"event_choices":[{"damage_healed":0,"gold_gain":275,"player_choice":"Desecrate","damage_taken":0,"max_hp_gain":0,"max_hp_loss":0,"event_name":"Golden Shrine","floor":3,"gold_loss":0,"cards_obtained":["Regret"]}],"is_beta":false,"boss_relics":[],"items_purged_floors":[],"is_endless":false,"potions_floor_spawned":[1,6,7],"killed_by":"Gremlin Nob","ascension_level":0}