{"gold_per_floor":[115,133,133,151,151,151,151,161,161,192,192,208,227,240,240,240],"floor_reached":16,"playtime":992,"items_purged":[],"score":104,"play_id":"e87be495-015c-4213-b18d-cc4d61de03f4","local_time":"20180803223354","is_ascension_mode":false,"campfire_choices":[{"data":"Terror","floor":6,"key":"SMITH"},{"floor":11,"key":"REST"},{"floor":15,"key":"REST"}],"neow_cost":"","seed_source_timestamp":37590067253120,"circlet_count":0,"master_deck":["Defend_G","Defend_G+1","Defend_G","Defend_G","Defend_G","Strike_G","Strike_G","Strike_G","Strike_G","Survivor+1","Neutralize","Backflip","Terror+1","Prepared","Choke","Flying Knee","Dagger Throw","Flying Knee","PiercingWail"],"relics":["Ring of the Snake","Question Card","Ancient Tea Set","Blood Vial"],"potions_floor_usage":[14],"damage_taken":[{"damage":12,"enemies":"Jaw Worm","floor":1,"turns":7},{"damage":0,"enemies":"Small Slimes","floor":2,"turns":4},{"damage":6,"enemies":"Cultist","floor":4,"turns":3},{"damage":0,"enemies":"3 Louse","floor":8,"turns":3},{"damage":26,"enemies":"Gremlin Nob","floor":10,"turns":4},{"damage":0,"enemies":"Lots of Slimes","floor":12,"turns":4},{"damage":7,"enemies":"Exordium Wildlife","floor":13,"turns":3},{"damage":4,"enemies":"Gremlin Gang","floor":14,"turns":5},{"damage":53,"enemies":"Slime Boss","floor":16,"turns":12}],"seed_played":"-6352770719877360240","potions_obtained":[{"floor":10,"key":"SpeedPotion"},{"floor":13,"key":"SkillPotion"}],"is_trial":false,"path_per_floor":["M","M","?","M","?","R","?","M","T","E","R","M","M","M","R"],"character_chosen":"THE_SILENT","items_purchased":[],"campfire_rested":2,"item_purchase_floors":[],"current_hp_per_floor":[58,58,55,49,49,49,35,35,35,9,30,32,27,25,46,0],"gold":240,"neow_bonus":"","is_prod":false,"is_daily":false,"chose_seed":false,"campfire_upgraded":1,"win_rate":0,"timestamp":1533332034,"path_taken":["M","M","?","M","?","R","?","?","T","E","R","?","M","M","R","BOSS"],"build_version":"2018-08-02","purchased_purges":0,"victory":false,"max_hp_per_floor":[70,70,70,70,70,70,70,70,70,70,70,70,70,70,70,70],"card_choices":[{"not_picked":["Dodge and Roll","Deadly Poison"],"picked":"Backflip","floor":1},{"not_picked":["Backflip","Setup"],"picked":"Terror","floor":2},{"not_picked":["Flying Knee","Dash","Deflect"],"picked":"Prepared","floor":4},{"not_picked":["Deflect","Cloak And Dagger","Distraction"],"picked":"Choke","floor":8},{"not_picked":["Noxious Fumes","Crippling Poison","Envenom"],"picked":"Flying Knee","floor":10},{"not_picked":["Bane","Backflip","Poisoned Stab"],"picked":"Dagger Throw","floor":12},{"not_picked":["Blur","Eviscerate","Riddle With Holes"],"picked":"Flying Knee","floor":13},{"not_picked":["Bane","Leg Sweep","Dagger Spray"],"picked":"PiercingWail","floor":14}],"player_experience":117171,"relics_obtained":[{"floor":9,"key":"Ancient Tea Set"},{"floor":10,"key":"Blood Vial"}],"event_choices":[{"event_name":"Scrap Ooze","player_choice":"success","floor":3,"damage_taken":3},{"event_name":"Purifier","player_choice":"One Purge","floor":5,"damage_taken":0},{"event_name":"Shining Light","player_choice":"Entered Light","floor":7,"damage_taken":0}],"is_beta":false,"boss_relics":[],"items_purged_floors":[],"is_endless":false,"potions_floor_spawned":[10,13],"killed_by":"Slime Boss","ascension_level":0}