{"gold_per_floor":[115,115,136,152,170,208,232,232,307,330,373,373,387,225,225,349,349,364,314,339,357,42,42,65,65,65,65,65,83,83,83],"floor_reached":31,"playtime":3709,"items_purged":["Strike_B"],"score":249,"play_id":"42031417-ac05-4332-9838-129ba4676e33","local_time":"20190712144912","is_ascension_mode":false,"campfire_choices":[{"floor":8,"key":"REST"},{"data":"Undo","floor":15,"key":"SMITH"},{"floor":23,"key":"REST"},{"floor":30,"key":"REST"}],"neow_cost":"NONE","seed_source_timestamp":183103458713900,"circlet_count":0,"master_deck":["Strike_B+1","Strike_B","Strike_B+1","Defend_B","Defend_B","Defend_B","Defend_B","Zap","Dualcast","Redo","Lockon","Steam","Coolheaded","Leap","Undo+1","Darkness+1","Aggregate+1","Leap+1","Finesse+1","Buffer","Hologram+1","Tempest+1","Conserve Battery+1","Fusion+1","Purity+1","Genetic Algorithm+1","Consume+1","Skim+1","Hologram+1"],"relics":["Busted Crown","Golden Idol","Shuriken","Toxic Egg 2","Mango","Fusion Hammer","Dream Catcher","Bronze Scales","Whetstone"],"potions_floor_usage":[6,7,21,24,31,31],"damage_taken":[{"damage":0,"enemies":"2 Louse","floor":1,"turns":3},{"damage":0,"enemies":"Small Slimes","floor":3,"turns":2},{"damage":1,"enemies":"Cultist","floor":4,"turns":3},{"damage":8,"enemies":"Red Slaver","floor":5,"turns":3},{"damage":21,"enemies":"Lagavulin","floor":6,"turns":6},{"damage":8,"enemies":"Lots of Slimes","floor":7,"turns":4},{"damage":1,"enemies":"Exordium Wildlife","floor":10,"turns":6},{"damage":12,"enemies":"Gremlin Nob","floor":11,"turns":5},{"damage":5,"enemies":"Blue Slaver","floor":13,"turns":4},{"damage":1,"enemies":"Slime Boss","floor":16,"turns":8},{"damage":2,"enemies":"Spheric Guardian","floor":18,"turns":7},{"damage":23,"enemies":"3 Byrds","floor":20,"turns":7},{"damage":12,"enemies":"Shelled Parasite and Fungi","floor":21,"turns":6},{"damage":27,"enemies":"3 Cultists","floor":24,"turns":6},{"damage":0,"enemies":"Chosen and Byrds","floor":29,"turns":5},{"damage":34,"enemies":"Gremlin Leader","floor":31,"turns":11}],"seed_played":"4641899335234751098","potions_obtained":[{"floor":3,"key":"Fire Potion"},{"floor":4,"key":"SpeedPotion"},{"floor":11,"key":"Poison Potion"},{"floor":13,"key":"Explosive Potion"},{"floor":16,"key":"Weak Potion"},{"floor":29,"key":"Energy Potion"}],"is_trial":false,"path_per_floor":["M","?","M","M","M","E","M","R","T","M","E","?","M","$","R","B",null,"M","?","M","M","$","R","M","$","T","?","T","M","R","E"],"character_chosen":"DEFECT","items_purchased":["Finesse+1","Dream Catcher","Fusion+1","Purity+1"],"campfire_rested":3,"item_purchase_floors":[14,22,22,22],"current_hp_per_floor":[75,57,57,56,48,27,19,41,41,40,42,89,84,84,84,83,89,87,87,64,52,52,78,51,51,51,51,51,51,77,43],"gold":83,"neow_bonus":"BOSS_RELIC","is_prod":false,"is_daily":false,"chose_seed":false,"campfire_upgraded":1,"win_rate":0.0,"timestamp":1562968152,"path_taken":["M","?","M","M","M","E","M","R","T","M","E","?","M","$","R","BOSS","M","?","?","M","?","R","M","$","T","?","?","M","R","E"],"build_version":"2019-07-05","purchased_purges":1,"victory":false,"max_hp_per_floor":[75,75,75,75,75,75,75,75,75,75,89,89,89,89,89,89,89,89,89,89,89,89,89,89,89,89,89,89,89,89,89],"card_choices":[{"not_picked":[],"picked":"Redo","floor":1},{"not_picked":[],"picked":"Lockon","floor":3},{"not_picked":[],"picked":"Steam","floor":4},{"not_picked":[],"picked":"Coolheaded","floor":5},{"not_picked":[],"picked":"Leap","floor":6},{"not_picked":[],"picked":"Undo","floor":7},{"not_picked":[],"picked":"Darkness+1","floor":10},{"not_picked":[],"picked":"Aggregate+1","floor":11},{"not_picked":[],"picked":"Leap+1","floor":13},{"not_picked":[],"picked":"Buffer","floor":16},{"not_picked":[],"picked":"Hologram+1","floor":18},{"not_picked":[],"picked":"Tempest+1","floor":20},{"not_picked":[],"picked":"Conserve Battery+1","floor":21},{"not_picked":[],"picked":"Genetic Algorithm+1","floor":23},{"not_picked":[],"picked":"Consume+1","floor":24},{"not_picked":[],"picked":"Hologram+1","floor":29}],"player_experience":163867,"relics_obtained":[{"floor":6,"key":"Shuriken"},{"floor":9,"key":"Toxic Egg 2"},{"floor":11,"key":"Mango"},{"floor":26,"key":"Bronze Scales"},{"floor":28,"key":"Whetstone"}],"event_choices":[{"damage_healed":0,"gold_gain":0,"player_choice":"Take Damage","damage_taken":18,"relics_obtained":["Golden Idol"],"max_hp_gain":0,"max_hp_loss":0,"event_name":"Golden Idol","floor":2,"gold_loss":0},{"damage_healed":47,"gold_gain":0,"player_choice":"Full Heal","damage_taken":0,"max_hp_gain":0,"max_hp_loss":0,"event_name":"Wheel of Change","floor":12,"gold_loss":0},{"damage_healed":0,"gold_gain":0,"player_choice":"Bet on Owner","damage_taken":0,"max_hp_gain":0,"max_hp_loss":0,"event_name":"The Joust","floor":19,"gold_loss":50},{"damage_healed":0,"gold_gain":0,"player_choice":"Read","damage_taken":0,"max_hp_gain":0,"max_hp_loss":0,"event_name":"The Library","floor":27,"gold_loss":0,"cards_obtained":["Skim"]}],"is_beta":false,"boss_relics":[{"not_picked":["Astrolabe","Calling Bell"],"picked":"Fusion Hammer"}],"items_purged_floors":[14],"is_endless":false,"potions_floor_spawned":[3,4,11,13,16,29],"killed_by":"Gremlin Leader","ascension_level":0}