{"gold_per_floor":[119,74,94,269,289,317,317,351,351,351,127,143,159,173,173,269,269,279,279,279],"floor_reached":20,"playtime":1727,"items_purged":[],"score":184,"play_id":"17af5b08-58ad-47f7-867f-db3397c56f26","local_time":"20190422223044","is_ascension_mode":false,"campfire_choices":[{"floor":7.0,"key":"REST"},{"floor":10.0,"key":"RECALL"},{"floor":15.0,"key":"REST"}],"neow_cost":"NONE","seed_source_timestamp":966244443432107,"circlet_count":0,"master_deck":["Strike_B","Strike_B","Strike_B","Defend_B","Defend_B","Zap","Dualcast","Capacitor","Darkness","Cold Snap","Fusion","Doubt","Glacier","Rip and Tear","Conserve Battery","Static Discharge","Reprogram","Consume","Redo","Meteor Strike","Heatsinks+1","Double Energy+1","Biased Cognition+1","Skim+1","Necronomicurse"],"special_seed":0,"relics":["Cracked Core","Gremlin Horn","Dead Branch","Happy Flower","Astrolabe","Necronomicon"],"potions_floor_usage":[],"damage_taken":[{"damage":1.0,"enemies":"Cultist","floor":1.0,"turns":3.0},{"damage":0.0,"enemies":"Small Slimes","floor":3.0,"turns":3.0},{"damage":15.0,"enemies":"Jaw Worm","floor":5.0,"turns":5.0},{"damage":31.0,"enemies":"3 Sentries","floor":6.0,"turns":15.0},{"damage":14.0,"enemies":"Gremlin Nob","floor":8.0,"turns":4.0},{"damage":35.0,"enemies":"Gremlin Gang","floor":12.0,"turns":4.0},{"damage":0.0,"enemies":"3 Louse","floor":13.0,"turns":3.0},{"damage":0.0,"enemies":"Red Slaver","floor":14.0,"turns":6.0},{"damage":20.0,"enemies":"Slime Boss","floor":16.0,"turns":8.0},{"damage":11,"enemies":"3 Byrds","floor":18,"turns":10},{"damage":22,"enemies":"Shell Parasite","floor":20,"turns":4}],"seed_played":"-4961995600851454005","potions_obtained":[{"floor":1.0,"key":"SkillPotion"},{"floor":3.0,"key":"EntropicBrew"},{"floor":12.0,"key":"Explosive Potion"},{"floor":14.0,"key":"SteroidPotion"},{"floor":16.0,"key":"SpeedPotion"},{"floor":18,"key":"AttackPotion"}],"is_trial":false,"path_per_floor":["M","$","M","?","M","E","R","E","T","R","$","M","M","M","R","B",null,"M","?","M"],"character_chosen":"DEFECT","items_purchased":["Cold Snap","Static Discharge","Happy Flower"],"campfire_rested":2,"item_purchase_floors":[2,11,11],"current_hp_per_floor":[74,74,74,74,59,28,50,36,36,36,36,1,1,1,23,3,75,64,48,26],"gold":279,"neow_bonus":"THREE_CARDS","is_prod":false,"is_daily":false,"chose_seed":false,"campfire_upgraded":0,"win_rate":0,"timestamp":1555986644,"path_taken":["M","?","?","?","M","E","R","E","T","R","$","M","M","M","R","BOSS","M","?","M"],"build_version":"2019-01-23","purchased_purges":0,"victory":false,"max_hp_per_floor":[75,75,75,75,75,75,75,75,75,75,75,75,75,75,75,75,75,75,75,75],"card_choices":[{"not_picked":["Melter","Stack"],"picked":"Capacitor","floor":0.0},{"not_picked":["Auto Shields","Compile Driver"],"picked":"Darkness","floor":1.0},{"not_picked":["Leap","Genetic Algorithm"],"picked":"Fusion","floor":3.0},{"not_picked":["Recycle","Barrage"],"picked":"Glacier","floor":5.0},{"not_picked":["Steam Power","Conserve Battery"],"picked":"Rip and Tear","floor":6.0},{"not_picked":["Sunder","Seek"],"picked":"Conserve Battery","floor":8.0},{"not_picked":["Beam Cell","Steam Power"],"picked":"Reprogram","floor":12.0},{"not_picked":["Beam Cell","Aggregate"],"picked":"Consume","floor":13.0},{"not_picked":["Sweeping Beam","Streamline"],"picked":"Redo","floor":14.0},{"not_picked":["Fission","Hyperbeam"],"picked":"Meteor Strike","floor":16.0},{"not_picked":["Chaos","Streamline"],"picked":"Skim+1","floor":18}],"player_experience":232498,"relics_obtained":[{"floor":6.0,"key":"Gremlin Horn"},{"floor":8.0,"key":"Dead Branch"},{"floor":19,"key":"Necronomicon"}],"event_choices":[{"damage_healed":0.0,"max_hp_gain":0.0,"max_hp_loss":0.0,"gold_gain":175.0,"event_name":"Liars Game","player_choice":"AGREE","floor":4.0,"gold_loss":0.0,"damage_taken":0.0,"cards_obtained":["Doubt"]},{"damage_healed":0,"gold_gain":0,"player_choice":"Obtained Book","damage_taken":16,"max_hp_gain":0,"max_hp_loss":0,"event_name":"Cursed Tome","floor":19,"gold_loss":0}],"is_beta":false,"boss_relics":[{"not_picked":["Lizard Tail","Tiny House"],"picked":"Astrolabe"}],"items_purged_floors":[],"is_endless":false,"potions_floor_spawned":[1,3,12,14,16,18],"killed_by":"Shell Parasite","ascension_level":0}