{"gold_per_floor":[118,118,118,134,7,36,54,54,81,99,132,132,165,165,165,268,268,286,300,43,43,63,94,94,114,138,151,176,187,187,13,13,109,109,126,77,90,34,50,81,81,113,113,145,155,182,182,195,195,195,195,195,47,77,77],"floor_reached":56,"playtime":3177,"items_purged":["Pain","Strike_G"],"score":1560,"play_id":"41a22bb1-a4f9-49ba-8534-fb111ea1b051","local_time":"20190510213119","is_ascension_mode":true,"campfire_choices":[{"data":"Deadly Poison","floor":8,"key":"SMITH"},{"data":"Caltrops","floor":15,"key":"SMITH"},{"data":"A Thousand Cuts","floor":24,"key":"SMITH"},{"data":"After Image","floor":30,"key":"SMITH"},{"floor":32,"key":"REST"},{"floor":41,"key":"RECALL"},{"floor":47,"key":"REST"},{"data":"Well Laid Plans","floor":49,"key":"SMITH"},{"data":"Cloak And Dagger","floor":52,"key":"SMITH"}],"neow_cost":"NONE","seed_source_timestamp":150121128879641,"circlet_count":0,"master_deck":["Survivor","Neutralize","Deadly Poison+1","Caltrops+1","Leg Sweep","Escape Plan","Corpse Explosion","A Thousand Cuts+1","Catalyst","PiercingWail","Blade Dance+1","After Image+1","Slice+1","Well Laid Plans+1","Wraith Form v2","Adrenaline","Heel Hook","Grand Finale","PiercingWail","Doppelganger","Grand Finale","Quick Slash","Die Die Die","PiercingWail+1","Backflip","Prepared+1","Catalyst+1","Heel Hook+1","Blade Dance+1","Catalyst+1","Cloak And Dagger+1","Adrenaline","Calculated Gamble"],"relics":["Ring of the Snake","NeowsBlessing","WarpedTongs","Blood Vial","Strawberry","Mercury Hourglass","Bag of Marbles","Sozu","Kunai","Blue Candle","Bag of Preparation","Dead Branch","Pandora\u0027s Box","Centennial Puzzle","Dream Catcher","Regal Pillow","Orichalcum","Smiling Mask","Happy Flower","Anchor"],"potions_floor_usage":[54,54,55],"damage_taken":[{"damage":0,"enemies":"2 Louse","floor":1,"turns":1},{"damage":0,"enemies":"Jaw Worm","floor":4,"turns":1},{"damage":0,"enemies":"Gremlin Nob","floor":6,"turns":1},{"damage":0,"enemies":"Cultist","floor":7,"turns":4},{"damage":2,"enemies":"3 Louse","floor":10,"turns":3},{"damage":8,"enemies":"Lagavulin","floor":11,"turns":6},{"damage":16,"enemies":"Gremlin Nob","floor":13,"turns":4},{"damage":5,"enemies":"The Guardian","floor":16,"turns":9},{"damage":9,"enemies":"3 Byrds","floor":18,"turns":3},{"damage":2,"enemies":"Chosen","floor":19,"turns":4},{"damage":6,"enemies":"Centurion and Healer","floor":22,"turns":5},{"damage":29,"enemies":"Gremlin Leader","floor":23,"turns":6},{"damage":7,"enemies":"Shelled Parasite and Fungi","floor":25,"turns":4},{"damage":0,"enemies":"Snake Plant","floor":27,"turns":3},{"damage":28,"enemies":"Book of Stabbing","floor":28,"turns":4},{"damage":7,"enemies":"Snecko","floor":29,"turns":4},{"damage":18,"enemies":"Champ","floor":33,"turns":10},{"damage":0,"enemies":"3 Darklings","floor":35,"turns":2},{"damage":1,"enemies":"3 Shapes","floor":37,"turns":3},{"damage":15,"enemies":"Jaw Worm Horde","floor":39,"turns":3},{"damage":0,"enemies":"Nemesis","floor":40,"turns":7},{"damage":0,"enemies":"Giant Head","floor":42,"turns":7},{"damage":25,"enemies":"Nemesis","floor":44,"turns":3},{"damage":0,"enemies":"Transient","floor":45,"turns":5},{"damage":6,"enemies":"Reptomancer","floor":46,"turns":5},{"damage":7,"enemies":"Maw","floor":48,"turns":6},{"damage":18,"enemies":"Awakened One","floor":50,"turns":10},{"damage":0,"enemies":"Shield and Spear","floor":54,"turns":3},{"damage":0,"enemies":"The Heart","floor":55,"turns":7}],"seed_played":"927403327081125563","potions_obtained":[{"floor":11,"key":"SkillPotion"},{"floor":13,"key":"EssenceOfSteel"},{"floor":14,"key":"AttackPotion"},{"floor":16,"key":"GhostInAJar"}],"is_trial":false,"path_per_floor":["M","?","?","M","$","E","M","R","T","M","E","?","E","?","R","B",null,"M","M","$","?","M","E","R","M","T","M","E","M","R","$","R","B",null,"M","$","M","?","M","E","R","E","T","E","M","E","R","M","R","B",null,"R","$","E","B",null],"character_chosen":"THE_SILENT","items_purchased":["Fire Potion","Kunai","Well Laid Plans","Backflip","Happy Flower"],"campfire_rested":2,"item_purchase_floors":[5,20,31,36,53],"current_hp_per_floor":[70,75,75,75,75,75,75,75,82,80,74,74,60,60,60,57,82,73,73,73,92,86,59,59,54,54,56,30,25,25,25,52,36,92,92,92,91,91,77,79,79,81,81,58,60,56,92,85,85,69,92,92,92,92,92],"gold":77,"neow_bonus":"THREE_ENEMY_KILL","is_prod":false,"is_daily":false,"chose_seed":false,"campfire_upgraded":6,"win_rate":0,"timestamp":1557538279,"path_taken":["M","?","?","M","$","E","M","R","T","?","E","?","E","?","R","BOSS","M","?","$","?","M","E","R","?","T","M","E","?","R","$","R","BOSS","M","?","?","?","?","E","R","E","T","E","M","E","R","M","R","BOSS","R","$","E","BOSS"],"build_version":"2019-05-07","purchased_purges":2,"victory":true,"max_hp_per_floor":[70,75,75,75,75,75,75,75,82,82,82,82,82,82,82,82,82,82,82,82,92,92,92,92,92,92,92,92,92,92,92,92,92,92,92,92,92,92,92,92,92,92,92,92,92,92,92,92,92,92,92,92,92,92,92],"card_choices":[{"not_picked":["PiercingWail","Sucker Punch"],"picked":"Deadly Poison","floor":1},{"not_picked":["Eviscerate","Riddle With Holes"],"picked":"Caltrops","floor":4},{"not_picked":["Eviscerate","Acrobatics"],"picked":"Leg Sweep","floor":6},{"not_picked":["Quick Slash","Masterful Stab"],"picked":"Unload","floor":7},{"not_picked":["Blade Dance","Dodge and Roll"],"picked":"Escape Plan","floor":10},{"not_picked":["Prepared","Quick Slash","Sucker Punch"],"picked":"SKIP","floor":11},{"not_picked":["Poisoned Stab","Die Die Die"],"picked":"Corpse Explosion","floor":13},{"not_picked":["Bullet Time","Envenom"],"picked":"A Thousand Cuts","floor":16},{"not_picked":["Poisoned Stab","Dagger Spray","Predator"],"picked":"SKIP","floor":18},{"not_picked":["Skewer","Backflip+1"],"picked":"Catalyst","floor":19},{"not_picked":["Sucker Punch+1","Bane"],"picked":"PiercingWail","floor":22},{"not_picked":["Envenom","Poisoned Stab","Sucker Punch+1"],"picked":"SKIP","floor":23},{"not_picked":["Underhanded Strike+1","Distraction+1","Masterful Stab+1"],"picked":"SKIP","floor":25},{"not_picked":["Dodge and Roll+1","Dagger Throw"],"picked":"Blade Dance+1","floor":27},{"not_picked":["Calculated Gamble+1","Acrobatics+1"],"picked":"After Image","floor":28},{"not_picked":["Bane+1","Quick Slash"],"picked":"Slice+1","floor":29},{"not_picked":["Night Terror","Doppelganger"],"picked":"Wraith Form v2","floor":33},{"not_picked":["Quick Slash","Heel Hook+1"],"picked":"PiercingWail+1","floor":35},{"not_picked":["Skewer+1","Reflex"],"picked":"Prepared+1","floor":37},{"not_picked":["Infinite Blades","Skewer"],"picked":"Catalyst+1","floor":39},{"not_picked":["Prepared","Poisoned Stab"],"picked":"Heel Hook+1","floor":40},{"not_picked":["Prepared","Phantasmal Killer"],"picked":"Blade Dance+1","floor":42},{"not_picked":["Outmaneuver","Eviscerate"],"picked":"Catalyst+1","floor":44},{"not_picked":["Backstab","Terror"],"picked":"Cloak And Dagger","floor":45},{"not_picked":["Expertise","Deflect+1"],"picked":"Adrenaline","floor":46},{"not_picked":["Escape Plan+1","All Out Attack+1"],"picked":"Calculated Gamble","floor":47},{"not_picked":["Flying Knee","Poisoned Stab+1","All Out Attack"],"picked":"SKIP","floor":48},{"not_picked":["Phantasmal Killer","Bouncing Flask","Sucker Punch"],"picked":"SKIP","floor":54}],"player_experience":1400541,"relics_obtained":[{"floor":6,"key":"Blood Vial"},{"floor":9,"key":"Strawberry"},{"floor":11,"key":"Mercury Hourglass"},{"floor":13,"key":"Bag of Marbles"},{"floor":23,"key":"Blue Candle"},{"floor":26,"key":"Bag of Preparation"},{"floor":28,"key":"Dead Branch"},{"floor":40,"key":"Dream Catcher"},{"floor":42,"key":"Regal Pillow"},{"floor":44,"key":"Orichalcum"},{"floor":46,"key":"Smiling Mask"},{"floor":54,"key":"Anchor"}],"event_choices":[{"damage_healed":0,"gold_gain":0,"player_choice":"Donut","damage_taken":0,"max_hp_gain":5,"max_hp_loss":0,"event_name":"Big Fish","floor":2,"gold_loss":0},{"damage_healed":0,"gold_gain":0,"player_choice":"Rummage","damage_taken":0,"relics_obtained":["WarpedTongs"],"max_hp_gain":0,"max_hp_loss":0,"event_name":"Accursed Blacksmith","floor":3,"gold_loss":0,"cards_obtained":["Pain"]},{"cards_removed":["Strike_G"],"damage_healed":0,"gold_gain":0,"player_choice":"Forget","damage_taken":0,"max_hp_gain":0,"max_hp_loss":0,"event_name":"Living Wall","floor":12,"gold_loss":0},{"damage_healed":0,"gold_gain":0,"player_choice":"Got Potions","damage_taken":0,"max_hp_gain":0,"max_hp_loss":0,"event_name":"Lab","floor":14,"gold_loss":0},{"cards_removed":["Unload"],"damage_healed":9,"gold_gain":0,"player_choice":"Offered Rare","damage_taken":0,"max_hp_gain":10,"max_hp_loss":0,"event_name":"Bonfire Elementals","floor":21,"gold_loss":0},{"damage_healed":0,"gold_gain":0,"player_choice":"Paid Gold","damage_taken":0,"relics_obtained":["Centennial Puzzle"],"max_hp_gain":0,"max_hp_loss":0,"event_name":"WeMeetAgain","floor":38,"gold_loss":56}],"is_beta":true,"boss_relics":[{"not_picked":["HoveringKite","Philosopher\u0027s Stone"],"picked":"Sozu"},{"not_picked":["Velvet Choker","Snecko Eye"],"picked":"Pandora\u0027s Box"}],"items_purged_floors":[5,31],"is_endless":false,"potions_floor_spawned":[11,13,16,18,23,27,33,35,40,48],"ascension_level":1}