{"path_per_floor":["M","M","?","$","$","E","?","R","T","M","T","M","?","M","R","B",null,"M","$","M","?","?","R","M","E","T","M","?","?","$"],"character_chosen":"IRONCLAD","items_purchased":["Armaments","Bottled Flame"],"gold_per_floor":[115,128,128,30,30,64,239,239,239,249,249,235,215,229,229,324,324,334,77,94,94,94,94,109,137,184,196,196,111,11],"floor_reached":31,"campfire_rested":0,"playtime":1959,"current_hp_per_floor":[72,71,71,71,71,48,48,48,55,61,61,59,59,60,60,32,79,45,45,29,55,89,89,53,19,19,9,9,9,9],"items_purged":["Strike_R","Doubt"],"gold":11,"score":304,"play_id":"21c042b4-0b7a-4575-ac19-ef690eef2f57","local_time":"20180302185554","is_prod":false,"is_daily":false,"is_ascension_mode":true,"campfire_upgraded":3,"timestamp":1520013354,"path_taken":["M","M","?","?","$","E","?","R","T","?","?","M","?","M","R","BOSS","M","$","M","?","?","R","M","E","T","M","?","?","$","?"],"build_version":"2018-03-01-BETA2","purchased_purges":2,"victory":false,"master_deck":["Strike_R+1","Strike_R+1","Strike_R+1","Strike_R+1","Defend_R+1","Defend_R+1","Defend_R+1","Defend_R+1","Bash","True Grit","Infernal Blade+1","Armaments","Rampage+1","Double Tap+1","Headbutt","Burning Pact","Inflame+1"],"max_hp_per_floor":[72,72,72,72,72,72,72,72,79,79,79,79,79,79,79,79,79,79,79,79,79,89,89,89,89,89,89,89,89,89],"relics":["Burning Blood","Orichalcum","Strawberry","Frozen Egg 2","Sozu","Bottled Flame","Du-Vu Doll","Anchor","Sundial"],"card_choices":[{"not_picked":["Fiend Fire","Dark Embrace"],"picked":"Barricade"},{"not_picked":["Anger","Sword Boomerang"],"picked":"True Grit"},{"not_picked":["Pommel Strike","Rage"],"picked":"Infernal Blade"},{"not_picked":["Pommel Strike","Bloodletting"],"picked":"Rampage"},{"not_picked":["Dark Embrace","Fiend Fire"],"picked":"Double Tap"},{"not_picked":["Clash","Perfected Strike"],"picked":"Headbutt"},{"not_picked":["Uppercut","Combust"],"picked":"Burning Pact"},{"not_picked":["Rage","Burning Pact"],"picked":"Inflame"}],"player_experience":148976,"potions_floor_usage":[18,25],"damage_taken":[{"damage":3,"enemies":"Small Slimes","floor":1,"turns":4},{"damage":7,"enemies":"Jaw Worm","floor":2,"turns":4},{"damage":29,"enemies":"3 Sentries","floor":6,"turns":12},{"damage":0,"enemies":"Cultist","floor":10,"turns":3},{"damage":8,"enemies":"Exordium Thugs","floor":12,"turns":6},{"damage":5,"enemies":"Looter","floor":14,"turns":2},{"damage":34,"enemies":"The Guardian","floor":16,"turns":13},{"damage":40,"enemies":"3 Byrds","floor":18,"turns":8},{"damage":22,"enemies":"2 Thieves","floor":20,"turns":3},{"damage":42,"enemies":"Centurion and Healer","floor":24,"turns":7},{"damage":40,"enemies":"Gremlin Leader","floor":25,"turns":6},{"damage":16,"enemies":"Snake Plant","floor":27,"turns":4},{"damage":9,"enemies":"Slaver and Parasite","floor":31,"turns":1}],"event_choices":[{"event_name":"Living Wall","player_choice":"Grow","floor":3,"damage_taken":0},{"event_name":"Liars Game","player_choice":"agreed","floor":7,"damage_taken":0},{"event_name":"The Woman in Blue","player_choice":"Bought 1 Potion","floor":13,"damage_taken":0},{"event_name":"The Library","player_choice":"Heal","floor":21,"damage_taken":0},{"event_name":"Bonfire Elementals","player_choice":"RARE","floor":22,"damage_taken":0},{"event_name":"Back to Basics","player_choice":"Simplicity","floor":28,"damage_taken":0},{"event_name":"Addict","player_choice":"Obtained Relic","floor":29,"damage_taken":0}],"boss_relics":[{"not_picked":["Snecko Eye","Tiny House"],"picked":"Sozu"}],"potions_floor_spawned":[1,12,14,18,24],"seed_played":"-7300953442423096433","killed_by":"Slaver and Parasite","ascension_level":4,"is_trial":false}