{"gold_per_floor":[210,229,46,59,59,59,85,131,192,204,216,228,240,264,276,387,449,474,486,498,510,522,566,578,514,514,514,167,167,192,208,208,208],"floor_reached":33,"playtime":1647,"items_purged":[],"score":316,"play_id":"96edad5b-c96c-4d61-8861-92c6c7807c0b","local_time":"20181026105648","is_ascension_mode":true,"campfire_choices":[{"data":"Zap","floor":6.0,"key":"SMITH"},{"data":"Tempest","floor":11.0,"key":"SMITH"},{"floor":15.0,"key":"REST"},{"data":"Blizzard","floor":24.0,"key":"SMITH"},{"data":"Loop","floor":27.0,"key":"SMITH"},{"floor":32.0,"key":"REST"}],"neow_cost":"NONE","seed_source_timestamp":0,"circlet_count":0,"master_deck":["Defend_B","Defend_B","Defend_B","Defend_B","Zap+1","Dualcast+1","Go for the Eyes+1","White Noise","Tempest+1","Coolheaded","Conserve Battery","Blizzard+1","Thunder Strike","Chill","Coolheaded","Loop+1","Bite","Bite","Bite","Bite","Bite","RitualDagger","Beam Cell","Blizzard","Blizzard+1","Defragment","Melter","Decay","Melter+1"],"special_seed":0,"relics":["Cracked Core","Juzu Bracelet","GremlinMask","Boot","MawBank","Tiny House","Bag of Preparation","Bottled Lightning","Bottled Tornado","DollysMirror","DataDisk"],"potions_floor_usage":[],"damage_taken":[{"damage":5.0,"enemies":"Jaw Worm","floor":1.0,"turns":4.0},{"damage":0.0,"enemies":"Cultist","floor":2.0,"turns":3.0},{"damage":7.0,"enemies":"2 Louse","floor":4.0,"turns":2.0},{"damage":8.0,"enemies":"3 Sentries","floor":7.0,"turns":3.0},{"damage":0.0,"enemies":"Exordium Wildlife","floor":14.0,"turns":3.0},{"damage":25.0,"enemies":"The Guardian","floor":16.0,"turns":13.0},{"damage":0.0,"enemies":"Spheric Guardian","floor":18.0,"turns":3.0},{"damage":46.0,"enemies":"Gremlin Leader","floor":23.0,"turns":12.0},{"damage":21.0,"enemies":"Book of Stabbing","floor":30.0,"turns":7.0},{"damage":18.0,"enemies":"2 Thieves","floor":31.0,"turns":3.0},{"damage":72,"enemies":"Automaton","floor":33,"turns":10}],"seed_played":"2268946712456726761","potions_obtained":[{"floor":2.0,"key":"Weak Potion"},{"floor":7.0,"key":"FocusPotion"},{"floor":14.0,"key":"SkillPotion"},{"floor":17.0,"key":"SmokeBomb"},{"floor":23.0,"key":"FearPotion"}],"is_trial":false,"path_per_floor":["M","M","$","M","?","R","E","T","T","?","R","?","$","M","R","B",null,"M","?","?","?","?","E","R","$","T","R","$","?","E","M","R"],"character_chosen":"DEFECT","items_purchased":["Juzu Bracelet","Tempest","Blizzard","DollysMirror","Defragment","Melter"],"campfire_rested":2,"item_purchase_floors":[3,3,25,28,28,28],"current_hp_per_floor":[70,70,70,63,63,63,55,55,55,55,55,40,40,42,64,41,80,80,80,80,80,74,50,50,50,50,50,50,50,41,27,51,0],"gold":208,"neow_bonus":"HUNDRED_GOLD","is_prod":false,"is_daily":false,"chose_seed":false,"campfire_upgraded":4,"win_rate":0,"timestamp":1540565808,"path_taken":["M","M","$","M","?","R","E","?","T","?","R","?","$","M","R","BOSS","M","?","?","?","?","E","R","?","T","R","$","?","E","M","R","BOSS"],"build_version":"2018-10-25v2","purchased_purges":0,"victory":false,"max_hp_per_floor":[75,75,75,75,75,75,75,75,75,75,75,75,75,75,75,75,80,80,80,80,80,80,80,80,80,80,80,80,80,80,80,80,80],"card_choices":[{"not_picked":["Sweeping Beam","Beam Cell"],"picked":"Go for the Eyes","floor":1.0},{"not_picked":["Heatsinks","Compile Driver"],"picked":"White Noise","floor":2.0},{"not_picked":["Steam","Barrage"],"picked":"Coolheaded","floor":4.0},{"not_picked":["Go for the Eyes","All For One"],"picked":"Conserve Battery","floor":7.0},{"not_picked":["Sweeping Beam","Hologram"],"picked":"Blizzard","floor":14.0},{"not_picked":["Buffer","Biased Cognition"],"picked":"Thunder Strike","floor":16.0},{"not_picked":["Beam Cell","Rebound"],"picked":"Chill","floor":17.0},{"not_picked":["Conserve Battery","Recycle+1"],"picked":"Coolheaded","floor":18.0},{"not_picked":["Turbo","Hologram"],"picked":"Beam Cell","floor":23.0},{"not_picked":["Hologram","Redo"],"picked":"Melter+1","floor":30.0},{"not_picked":["Consume","Genetic Algorithm","Hologram"],"picked":"SKIP","floor":31.0}],"player_experience":175941,"relics_obtained":[{"floor":7.0,"key":"Boot"},{"floor":8.0,"key":"MawBank"},{"floor":9.0,"key":"Blood Vial"},{"floor":23.0,"key":"Bottled Lightning"},{"floor":26.0,"key":"Bottled Tornado"},{"floor":30.0,"key":"DataDisk"}],"event_choices":[{"damage_healed":0.0,"max_hp_gain":0.0,"max_hp_loss":0.0,"gold_gain":0.0,"event_name":"FaceTrader","player_choice":"Trade","floor":5.0,"gold_loss":0.0,"damage_taken":0.0,"relics_obtained":["GremlinMask"]},{"damage_healed":0.0,"max_hp_gain":0.0,"max_hp_loss":0.0,"gold_gain":0.0,"event_name":"The Woman in Blue","player_choice":"Bought 0 Potions","floor":10.0,"gold_loss":0.0,"damage_taken":0.0},{"damage_healed":0.0,"max_hp_gain":0.0,"max_hp_loss":0.0,"gold_gain":0.0,"event_name":"Shining Light","player_choice":"Entered Light","floor":12.0,"gold_loss":0.0,"damage_taken":15.0,"cards_upgraded":["Strike_B","Go for the Eyes"]},{"damage_healed":0.0,"max_hp_gain":0.0,"max_hp_loss":0.0,"gold_gain":0.0,"event_name":"The Mausoleum","player_choice":"Opened","floor":19.0,"gold_loss":0.0,"damage_taken":0.0,"relics_obtained":["Bag of Preparation"]},{"damage_healed":0.0,"max_hp_gain":0.0,"max_hp_loss":0.0,"gold_gain":0.0,"event_name":"The Library","player_choice":"Read","floor":20.0,"gold_loss":0.0,"damage_taken":0.0,"cards_obtained":["Loop"]},{"damage_healed":0.0,"max_hp_gain":0.0,"max_hp_loss":0.0,"gold_gain":0.0,"event_name":"Vampires","player_choice":"Became a vampire (Vial)","floor":21.0,"relics_lost":["Blood Vial"],"gold_loss":0.0,"damage_taken":0.0,"cards_obtained":["Bite","Bite","Bite","Bite","Bite"]},{"damage_healed":0.0,"max_hp_gain":0.0,"max_hp_loss":0.0,"gold_gain":0.0,"event_name":"Nest","player_choice":"Joined the Cult","floor":22.0,"gold_loss":0.0,"damage_taken":6.0,"cards_obtained":["RitualDagger"]},{"damage_healed":0.0,"max_hp_gain":0.0,"max_hp_loss":0.0,"gold_gain":0.0,"event_name":"Forgotten Altar","player_choice":"Smashed Altar","floor":29.0,"gold_loss":0.0,"damage_taken":0.0,"cards_obtained":["Decay"]}],"is_beta":false,"boss_relics":[{"not_picked":["Empty Cage","Coffee Dripper"],"picked":"Tiny House"}],"items_purged_floors":[],"is_endless":false,"potions_floor_spawned":[2,7,14,23],"killed_by":"Automaton","ascension_level":1}