{"gold_per_floor":[367,17,92,109,127,127,138,38,65,84,113,127,73,93,93,191,191,211,211,230,241,38,38,38,38,38,70,87,97,97,111,111,207,257,270,285,15,26,26,52,69,69,69,69,23,0,0,10,10,10,10,10,10,10],"floor_reached":54,"playtime":8565,"items_purged":["Pain","Strike_B","Zap"],"score":774,"play_id":"3e36308d-ffaa-4432-ae85-18785573d4f9","local_time":"20190503170943","is_ascension_mode":true,"campfire_choices":[{"floor":6.0,"key":"REST"},{"floor":15.0,"key":"REST"},{"floor":23.0,"key":"REST"},{"floor":25.0,"key":"REST"},{"floor":30.0,"key":"REST"},{"floor":32.0,"key":"REST"},{"floor":42,"key":"REST"},{"floor":44,"key":"RECALL"},{"floor":47,"key":"REST"},{"data":"Buffer","floor":49,"key":"SMITH"},{"data":"Creative AI","floor":52,"key":"SMITH"}],"neow_cost":"CURSE","seed_source_timestamp":0,"circlet_count":0,"master_deck":["Strike_B","Strike_B+1","Strike_B","Defend_B","Defend_B","Defend_B","Dualcast","Cold Snap","Hologram+1","Go for the Eyes","Coolheaded+1","Creative AI+1","Hologram+1","Conserve Battery+1","Redo+1","Coolheaded+1","Steam+1","Hologram+1","Seek+1","Chaos+1","Stack+1","Fusion+1","Glacier+1","Tempest+1","Blizzard+1","Tempest+1","Defragment+1","Defragment","Stack+1","Blizzard+1","Turbo+1","Echo Form+1","Coolheaded+1","Cold Snap+1","Hologram+1","Rebound+1","Madness+1","Buffer+1","Parasite","White Noise+1","Coolheaded+1","Tempest+1","Redo+1"],"special_seed":0,"relics":["Cracked Core","Toxic Egg 2","Dream Catcher","Philosopher\u0027s Stone","Nloth\u0027s Gift","Molten Egg 2","Whetstone","Tiny House","Oddly Smooth Stone","Sundial","Red Mask"],"potions_floor_usage":[48,50,50],"damage_taken":[{"damage":11.0,"enemies":"Jaw Worm","floor":1.0,"turns":5.0},{"damage":0.0,"enemies":"Cultist","floor":4.0,"turns":4.0},{"damage":0.0,"enemies":"Small Slimes","floor":5.0,"turns":3.0},{"damage":11.0,"enemies":"Exordium Thugs","floor":7.0,"turns":7.0},{"damage":0.0,"enemies":"Blue Slaver","floor":10.0,"turns":5.0},{"damage":18.0,"enemies":"Gremlin Nob","floor":11.0,"turns":5.0},{"damage":0.0,"enemies":"2 Fungi Beasts","floor":12.0,"turns":4.0},{"damage":9.0,"enemies":"3 Louse","floor":14.0,"turns":3.0},{"damage":13.0,"enemies":"The Guardian","floor":16.0,"turns":11.0},{"damage":16.0,"enemies":"Spheric Guardian","floor":18.0,"turns":6.0},{"damage":21.0,"enemies":"3 Byrds","floor":20.0,"turns":5.0},{"damage":11.0,"enemies":"Snecko","floor":21.0,"turns":6.0},{"damage":17.0,"enemies":"Book of Stabbing","floor":27.0,"turns":8.0},{"damage":10.0,"enemies":"Centurion and Healer","floor":28.0,"turns":6.0},{"damage":23.0,"enemies":"Chosen and Byrds","floor":29.0,"turns":7.0},{"damage":1.0,"enemies":"Snake Plant","floor":31.0,"turns":3.0},{"damage":34.0,"enemies":"Automaton","floor":33.0,"turns":12.0},{"damage":6.0,"enemies":"Orb Walker","floor":35.0,"turns":4.0},{"damage":16.0,"enemies":"3 Darklings","floor":36.0,"turns":5.0},{"damage":51.0,"enemies":"Spire Growth","floor":38.0,"turns":7.0},{"damage":9.0,"enemies":"Nemesis","floor":40.0,"turns":9.0},{"damage":27,"enemies":"Writhing Mass","floor":41,"turns":5},{"damage":3,"enemies":"4 Shapes","floor":48,"turns":5},{"damage":20,"enemies":"Time Eater","floor":50,"turns":11},{"damage":76,"enemies":"Shield and Spear","floor":54,"turns":5}],"seed_played":"-6603942727795401129","potions_obtained":[{"floor":4.0,"key":"Weak Potion"},{"floor":7.0,"key":"GamblersBrew"},{"floor":14.0,"key":"SkillPotion"},{"floor":20.0,"key":"PowerPotion"},{"floor":21.0,"key":"Regen Potion"},{"floor":29.0,"key":"Swift Potion"},{"floor":31.0,"key":"PowerPotion"},{"floor":34.0,"key":"PowerPotion"},{"floor":40.0,"key":"Fire Potion"},{"floor":41,"key":"FocusPotion"}],"is_trial":false,"path_per_floor":["M","$","?","M","M","R","M","$","T","M","E","M","$","M","R","B",null,"M","?","M","M","$","R","?","R","T","E","M","M","R","M","R","B",null,"M","M","$","M","?","E","M","R","T","R","$","?","R","M","R","B",null,"R","$","E"],"character_chosen":"DEFECT","items_purchased":["Toxic Egg 2","Hologram+1","Coolheaded+1","Glacier+1","Rebound+1","Oddly Smooth Stone","Madness+1","Coolheaded+1"],"campfire_rested":8,"item_purchase_floors":[2,2,13,22,37,37,37,45],"current_hp_per_floor":[64,64,57,57,57,75,64,64,64,64,46,46,46,37,59,46,75,59,59,38,27,27,49,49,71,71,54,44,21,43,42,64,45,80,74,58,58,7,70,61,34,55,55,55,55,55,70,67,67,47,70,70,70,0],"gold":10,"neow_bonus":"TWO_FIFTY_GOLD","is_prod":false,"is_daily":false,"chose_seed":false,"campfire_upgraded":2,"win_rate":0,"timestamp":1556896183,"path_taken":["M","$","?","M","M","R","M","$","T","M","E","M","$","M","R","BOSS","M","?","M","M","$","R","?","R","T","E","M","M","R","M","R","BOSS","M","M","$","M","?","E","M","R","T","R","$","?","R","M","R","BOSS","R","$","E"],"build_version":"2019-01-23","purchased_purges":3,"victory":false,"max_hp_per_floor":[75,75,75,75,75,75,75,75,75,75,75,75,75,75,75,75,75,75,75,75,75,75,75,75,75,75,75,75,75,75,75,75,75,80,80,80,80,80,70,70,70,70,70,70,70,70,70,70,70,70,70,70,70,70],"card_choices":[{"not_picked":["Gash","Sunder"],"picked":"Cold Snap","floor":1.0},{"not_picked":["Static Discharge","Ball Lightning"],"picked":"Go for the Eyes","floor":4.0},{"not_picked":["Rebound","Streamline"],"picked":"Coolheaded+1","floor":5.0},{"not_picked":["Gash","Static Discharge"],"picked":"Creative AI","floor":7.0},{"not_picked":["Melter","Ball Lightning"],"picked":"Hologram+1","floor":10.0},{"not_picked":["Thunder Strike","Darkness+1"],"picked":"Conserve Battery+1","floor":11.0},{"not_picked":["Loop","Chaos+1"],"picked":"Redo+1","floor":12.0},{"not_picked":["Cold Snap","Darkness+1"],"picked":"Steam+1","floor":14.0},{"not_picked":["Go for the Eyes","Streamline"],"picked":"Hologram+1","floor":15.0},{"not_picked":["Fission+1","Rainbow+1"],"picked":"Seek+1","floor":16.0},{"not_picked":["Beam Cell","Gash"],"picked":"Chaos+1","floor":18.0},{"not_picked":["Streamline","Ball Lightning"],"picked":"Stack+1","floor":20.0},{"not_picked":["Capacitor+1","Streamline"],"picked":"Fusion+1","floor":21.0},{"not_picked":["Gash","Beam Cell"],"picked":"Tempest+1","floor":23.0},{"not_picked":["Beam Cell","Thunder Strike"],"picked":"Blizzard","floor":25.0},{"not_picked":["Streamline+1","Lockon+1"],"picked":"Tempest+1","floor":27.0},{"not_picked":["Rebound+1","Blizzard+1"],"picked":"Defragment+1","floor":28.0},{"not_picked":["Beam Cell+1","Go for the Eyes+1"],"picked":"Defragment","floor":29.0},{"not_picked":["Gash+1","Turbo+1"],"picked":"Stack+1","floor":30.0},{"not_picked":["Gash+1","Compile Driver+1"],"picked":"Blizzard+1","floor":31.0},{"not_picked":["Capacitor","Compile Driver+1"],"picked":"Turbo+1","floor":32.0},{"not_picked":["Fission+1","Electrodynamics"],"picked":"Echo Form","floor":33.0},{"not_picked":["Reinforced Body+1","Turbo+1"],"picked":"Coolheaded+1","floor":34.0},{"not_picked":["Compile Driver+1","Rebound+1"],"picked":"Cold Snap+1","floor":35.0},{"not_picked":["Leap+1","Steam Power+1"],"picked":"Hologram+1","floor":36.0},{"not_picked":["Scrape+1","Reprogram+1","Melter+1"],"picked":"SKIP","floor":38.0},{"not_picked":["Chaos+1","Cold Snap+1"],"picked":"Buffer","floor":40.0},{"not_picked":["Barrage+1","Scrape+1","Double Energy+1"],"picked":"SKIP","floor":41},{"not_picked":["Sweeping Beam+1","Skim+1"],"picked":"White Noise+1","floor":42},{"not_picked":["Consume+1","Reprogram+1"],"picked":"Tempest+1","floor":47},{"not_picked":["Beam Cell+1","Auto Shields+1"],"picked":"Redo+1","floor":48}],"player_experience":45918,"relics_obtained":[{"floor":9.0,"key":"Anchor"},{"floor":11.0,"key":"Dream Catcher"},{"floor":26.0,"key":"Molten Egg 2"},{"floor":27.0,"key":"Whetstone"},{"floor":40.0,"key":"Sundial"}],"event_choices":[{"damage_healed":0.0,"max_hp_gain":0.0,"max_hp_loss":0.0,"gold_gain":75.0,"event_name":"FaceTrader","player_choice":"Touch","floor":3.0,"gold_loss":0.0,"damage_taken":7.0},{"cards_removed":["Defend_B"],"damage_healed":0.0,"max_hp_gain":0.0,"max_hp_loss":0.0,"gold_gain":0.0,"event_name":"Back to Basics","player_choice":"Elegance","floor":19.0,"gold_loss":0.0,"damage_taken":0.0},{"damage_healed":0.0,"max_hp_gain":0.0,"max_hp_loss":0.0,"gold_gain":0.0,"event_name":"N\u0027loth","player_choice":"Traded Relic","floor":24.0,"relics_lost":["Anchor"],"gold_loss":0.0,"damage_taken":0.0,"relics_obtained":["Nloth\u0027s Gift"]},{"damage_healed":70.0,"max_hp_gain":0.0,"max_hp_loss":10.0,"gold_gain":0.0,"event_name":"The Moai Head","player_choice":"Heal","floor":39.0,"gold_loss":0.0,"damage_taken":0.0},{"damage_healed":0,"gold_gain":0,"player_choice":"Paid","damage_taken":0,"relics_obtained":["Red Mask"],"max_hp_gain":0,"max_hp_loss":0,"event_name":"Tomb of Lord Red Mask","floor":46,"gold_loss":23}],"is_beta":false,"boss_relics":[{"not_picked":["Velvet Choker","Snecko Eye"],"picked":"Philosopher\u0027s Stone"},{"not_picked":["Orrery","Busted Crown"],"picked":"Tiny House"}],"items_purged_floors":[2,8,22],"is_endless":false,"potions_floor_spawned":[4,7,14,20,21,29,31,40,41],"killed_by":"Shield and Spear","ascension_level":1}