{"gold_per_floor":[111,111,286,236,35,62,73,73,100,100,132,132,145,157,157,259,259,276,276,310,329,342,342,342,360,360,374,196,216,216,227,227,330,380,399,621,621,621,220,220,245,245,271,271,290,21,35,51,51,51],"floor_reached":51,"playtime":3050,"items_purged":["Strike_B","Strike_B","Strike_B"],"score":1027,"play_id":"601d2769-06fe-4a34-8a18-e7b1fff03207","local_time":"20190419035906","is_ascension_mode":true,"campfire_choices":[{"data":"Apotheosis","floor":8.0,"key":"SMITH"},{"data":"Streamline","floor":10.0,"key":"SMITH"},{"data":"Zap","floor":15.0,"key":"SMITH"},{"data":"1","floor":24.0,"key":"LIFT"},{"data":"Ghostly","floor":30.0,"key":"SMITH"},{"floor":32.0,"key":"REST"},{"data":"2","floor":40.0,"key":"LIFT"},{"floor":42.0,"key":"REST"},{"floor":44.0,"key":"REST"},{"floor":49.0,"key":"REST"}],"neow_cost":"NONE","seed_source_timestamp":1755533103509841,"circlet_count":0,"master_deck":["Strike_B+1","Defend_B","Defend_B","Defend_B","Defend_B+1","Zap+1","Dualcast","Apotheosis+1","Streamline+1","Coolheaded","Gash","FTL","Steam","Machine Learning","Loop","Gash","Glacier","Ghostly+1","Ghostly","Ghostly","Ghostly+1","Ghostly","White Noise","Double Energy+1","Gash","All For One","Glacier","Gash","Chill","Parasite","FTL+1","Flash of Steel","Gash+1","Hologram"],"special_seed":0,"relics":["Cracked Core","NeowsBlessing","Girya","Blood Vial","Lantern","Pear","Inserter","Red Mask","Blue Candle","Tiny House","Ancient Tea Set","Sundial","Happy Flower","DataDisk"],"potions_floor_usage":[50,50,50],"damage_taken":[{"damage":0.0,"enemies":"2 Louse","floor":1.0,"turns":1.0},{"damage":0.0,"enemies":"Lagavulin","floor":6.0,"turns":1.0},{"damage":0.0,"enemies":"Small Slimes","floor":7.0,"turns":1.0},{"damage":16.0,"enemies":"Gremlin Nob","floor":11.0,"turns":4.0},{"damage":0.0,"enemies":"Jaw Worm","floor":13.0,"turns":3.0},{"damage":0.0,"enemies":"2 Fungi Beasts","floor":14.0,"turns":2.0},{"damage":9.0,"enemies":"The Guardian","floor":16.0,"turns":9.0},{"damage":8.0,"enemies":"Shell Parasite","floor":18.0,"turns":8.0},{"damage":12.0,"enemies":"Masked Bandits","floor":20.0,"turns":3.0},{"damage":17.0,"enemies":"3 Byrds","floor":21.0,"turns":6.0},{"damage":14.0,"enemies":"Centurion and Healer","floor":22.0,"turns":5.0},{"damage":16.0,"enemies":"Chosen and Byrds","floor":25.0,"turns":7.0},{"damage":0.0,"enemies":"Snake Plant","floor":27.0,"turns":5.0},{"damage":0.0,"enemies":"3 Cultists","floor":29.0,"turns":8.0},{"damage":8.0,"enemies":"Chosen and Byrds","floor":31.0,"turns":9.0},{"damage":23.0,"enemies":"Automaton","floor":33.0,"turns":12.0},{"damage":0.0,"enemies":"3 Shapes","floor":35.0,"turns":8.0},{"damage":0.0,"enemies":"3 Darklings","floor":38.0,"turns":1.0},{"damage":40.0,"enemies":"Reptomancer","floor":41.0,"turns":7.0},{"damage":0.0,"enemies":"Writhing Mass","floor":45.0,"turns":8.0},{"damage":3.0,"enemies":"Maw","floor":47.0,"turns":7.0},{"damage":1.0,"enemies":"Spire Growth","floor":48.0,"turns":5.0},{"damage":16,"enemies":"Awakened One","floor":50,"turns":14}],"seed_played":"6310582256410053979","potions_obtained":[{"floor":1.0,"key":"EssenceOfSteel"},{"floor":11.0,"key":"Explosive Potion"},{"floor":14.0,"key":"SteroidPotion"},{"floor":25.0,"key":"Poison Potion"},{"floor":29.0,"key":"SkillPotion"},{"floor":33.0,"key":"SkillPotion"},{"floor":41.0,"key":"SkillPotion"},{"floor":45.0,"key":"SkillPotion"}],"is_trial":false,"path_per_floor":["M","?","?","?","$","E","M","R","T","R","E","?","M","M","R","B",null,"M","?","?","M","M","?","R","M","T","M","$","M","R","M","R","B",null,"M","?","?","M","$","R","E","R","T","R","M","$","M","M","R","B",null],"character_chosen":"DEFECT","items_purchased":["Apotheosis","Streamline","EntropicBrew","Gash","Sundial","PowerPotion","Flash of Steel"],"campfire_rested":4,"item_purchase_floors":[5,5,28,39,39,46,46],"current_hp_per_floor":[68,53,53,53,53,53,53,53,53,53,39,46,48,50,50,43,75,69,69,59,44,32,32,32,18,18,20,20,22,22,16,28,7,38,40,40,40,42,42,42,4,18,18,32,34,34,33,34,47,31],"gold":51,"neow_bonus":"THREE_ENEMY_KILL","is_prod":false,"is_daily":false,"chose_seed":false,"campfire_upgraded":4,"win_rate":0,"timestamp":1555613946,"path_taken":["M","?","?","?","?","E","M","R","T","R","E","?","M","M","R","BOSS","M","?","?","M","M","?","R","M","T","M","?","?","R","M","R","BOSS","M","?","?","?","$","R","E","R","T","R","M","$","M","M","R","BOSS"],"build_version":"2019-01-23","purchased_purges":3,"victory":true,"max_hp_per_floor":[75,75,75,75,75,75,75,75,75,75,75,85,85,85,85,85,85,85,85,85,85,85,42,42,42,42,42,42,42,42,42,42,42,47,47,47,47,47,47,47,47,47,47,47,47,47,47,47,47,47],"card_choices":[{"not_picked":["Genetic Algorithm","Reinforced Body","Reprogram"],"picked":"SKIP","floor":1.0},{"not_picked":["Turbo","Scrape","Doom and Gloom"],"picked":"SKIP","floor":6.0},{"not_picked":["Streamline","Stack"],"picked":"Coolheaded","floor":7.0},{"not_picked":["Turbo","Storm"],"picked":"Gash","floor":11.0},{"not_picked":["Compile Driver","Meteor Strike"],"picked":"FTL","floor":13.0},{"not_picked":["Cold Snap","Barrage"],"picked":"Steam","floor":14.0},{"not_picked":["Amplify","Thunder Strike"],"picked":"Machine Learning","floor":16.0},{"not_picked":["Barrage+1","Doom and Gloom"],"picked":"Loop","floor":18.0},{"not_picked":["Coolheaded","Beam Cell"],"picked":"Gash","floor":21.0},{"not_picked":["BootSequence+1","Defragment"],"picked":"Glacier","floor":22.0},{"not_picked":["Fusion+1","Cold Snap"],"picked":"White Noise","floor":25.0},{"not_picked":["Hyperbeam","Streamline+1","Storm"],"picked":"SKIP","floor":27.0},{"not_picked":["Skim","Undo+1"],"picked":"Double Energy+1","floor":29.0},{"not_picked":["Turbo","Doom and Gloom"],"picked":"Gash","floor":31.0},{"not_picked":["Electrodynamics","Echo Form"],"picked":"All For One","floor":33.0},{"not_picked":["Stack+1","Heatsinks+1"],"picked":"Glacier","floor":35.0},{"not_picked":["Darkness","Chaos"],"picked":"Chill","floor":41.0},{"not_picked":["Conserve Battery+1","Chill"],"picked":"FTL+1","floor":45.0},{"not_picked":["Go for the Eyes+1","Compile Driver+1"],"picked":"Gash+1","floor":47.0},{"not_picked":["Ball Lightning","Amplify"],"picked":"Hologram","floor":48.0}],"player_experience":243468,"relics_obtained":[{"floor":6.0,"key":"Girya"},{"floor":9.0,"key":"Blood Vial"},{"floor":11.0,"key":"Lantern"},{"floor":20.0,"key":"Red Mask"},{"floor":26.0,"key":"Blue Candle"},{"floor":41.0,"key":"Happy Flower"},{"floor":43.0,"key":"DataDisk"}],"event_choices":[{"damage_healed":0.0,"max_hp_gain":0.0,"max_hp_loss":0.0,"gold_gain":0.0,"event_name":"Shining Light","player_choice":"Entered Light","floor":2.0,"gold_loss":0.0,"damage_taken":15.0,"cards_upgraded":["Defend_B","Strike_B"]},{"damage_healed":0.0,"max_hp_gain":0.0,"max_hp_loss":0.0,"gold_gain":175.0,"event_name":"Liars Game","player_choice":"AGREE","floor":3.0,"gold_loss":0.0,"damage_taken":0.0,"cards_obtained":["Doubt"]},{"cards_removed":["Doubt"],"damage_healed":0.0,"max_hp_gain":0.0,"max_hp_loss":0.0,"gold_gain":0.0,"event_name":"The Cleric","player_choice":"Card Removal","floor":4.0,"gold_loss":50.0,"damage_taken":0.0},{"damage_healed":0.0,"max_hp_gain":0.0,"max_hp_loss":0.0,"gold_gain":0.0,"event_name":"Scrap Ooze","player_choice":"Success","floor":12.0,"gold_loss":0.0,"damage_taken":3.0,"relics_obtained":["Pear"]},{"damage_healed":0.0,"max_hp_gain":0.0,"max_hp_loss":0.0,"gold_gain":0.0,"event_name":"Vampires","player_choice":"Ignored","floor":19.0,"gold_loss":0.0,"damage_taken":0.0},{"damage_healed":0.0,"max_hp_gain":0.0,"max_hp_loss":0.0,"gold_gain":0.0,"event_name":"Masked Bandits","player_choice":"Fought Bandits","floor":20.0,"gold_loss":0.0,"damage_taken":0.0},{"damage_healed":0.0,"max_hp_gain":0.0,"max_hp_loss":43.0,"gold_gain":0.0,"event_name":"Ghosts","player_choice":"Became a Ghost","floor":23.0,"gold_loss":0.0,"damage_taken":0.0,"cards_obtained":["Ghostly","Ghostly","Ghostly","Ghostly","Ghostly"]},{"damage_healed":0.0,"max_hp_gain":0.0,"max_hp_loss":0.0,"gold_gain":222.0,"event_name":"Tomb of Lord Red Mask","player_choice":"Wore Mask","floor":36.0,"gold_loss":0.0,"damage_taken":0.0},{"damage_healed":0.0,"max_hp_gain":0.0,"max_hp_loss":0.0,"gold_gain":0.0,"event_name":"WeMeetAgain","player_choice":"Gave Potion","floor":37.0,"gold_loss":0.0,"damage_taken":0.0,"relics_obtained":["Ancient Tea Set"]}],"is_beta":false,"boss_relics":[{"not_picked":["Lizard Tail","Busted Crown"],"picked":"Inserter"},{"not_picked":["Pandora\u0027s Box","Black Star"],"picked":"Tiny House"}],"items_purged_floors":[28,39,46],"is_endless":false,"potions_floor_spawned":[1,11,14,25,29,33,35,41,45],"ascension_level":8}