{"gold_per_floor":[115,115,126,126,144,144,174,174,174,174,188,36,6,25,25,25],"floor_reached":16,"playtime":578,"items_purged":[],"score":125,"play_id":"e57f8889-c97f-473a-8be5-757cdfbcef0b","local_time":"20190521214225","is_ascension_mode":true,"campfire_choices":[{"data":"Spot Weakness","floor":6,"key":"SMITH"},{"data":"Armaments","floor":8,"key":"SMITH"},{"data":"Shrug It Off","floor":10,"key":"SMITH"},{"data":"Entrench","floor":15,"key":"SMITH"}],"neow_cost":"NONE","seed_source_timestamp":253434586941100,"circlet_count":0,"master_deck":["Strike_R","Strike_R","Strike_R","Strike_R","Defend_R","Defend_R","Defend_R+1","Defend_R+1","Bash","Shrug It Off+1","Spot Weakness+1","Whirlwind","Armaments+1","Metallicize+1","Entrench+1"],"relics":["Burning Blood","NeowsBlessing","Frozen Egg 2","Bottled Lightning","Omamori"],"potions_floor_usage":[7,16,16],"damage_taken":[{"damage":0,"enemies":"2 Louse","floor":1,"turns":1},{"damage":0,"enemies":"Small Slimes","floor":3,"turns":1},{"damage":0,"enemies":"Cultist","floor":5,"turns":1},{"damage":20,"enemies":"3 Sentries","floor":7,"turns":5},{"damage":9,"enemies":"Exordium Wildlife","floor":11,"turns":4},{"damage":3,"enemies":"Looter","floor":13,"turns":4},{"damage":12,"enemies":"Large Slime","floor":14,"turns":8},{"damage":63,"enemies":"Slime Boss","floor":16,"turns":10}],"seed_played":"-3603497068237703610","potions_obtained":[{"floor":1,"key":"Fire Potion"},{"floor":3,"key":"LiquidBronze"},{"floor":14,"key":"Weak Potion"}],"is_trial":false,"path_per_floor":["M","?","M","?","M","R","E","R","T","R","M","$","M","M","R","B"],"character_chosen":"IRONCLAD","items_purchased":["Omamori"],"campfire_rested":0,"item_purchase_floors":[12],"current_hp_per_floor":[80,64,70,70,76,76,62,62,62,62,59,59,62,56,56,0],"gold":25,"neow_bonus":"THREE_ENEMY_KILL","is_prod":false,"is_daily":false,"chose_seed":false,"campfire_upgraded":4,"win_rate":0,"timestamp":1558467745,"path_taken":["M","?","M","?","?","R","E","R","T","R","M","$","M","M","R","BOSS"],"build_version":"2019-05-07","purchased_purges":0,"victory":false,"max_hp_per_floor":[80,80,80,80,80,80,80,80,80,80,80,80,80,80,80,80],"card_choices":[{"not_picked":["Uppercut","Second Wind"],"picked":"Shrug It Off","floor":1},{"not_picked":["Perfected Strike","Disarm"],"picked":"Spot Weakness","floor":3},{"not_picked":["Pommel Strike","Seeing Red"],"picked":"Whirlwind","floor":5},{"not_picked":["Carnage","Fiend Fire"],"picked":"Armaments","floor":7},{"not_picked":["Perfected Strike","Shrug It Off","Bloodletting"],"picked":"SKIP","floor":11},{"not_picked":["Anger","Wild Strike"],"picked":"Metallicize+1","floor":13},{"not_picked":["Twin Strike","Pommel Strike"],"picked":"Entrench","floor":14}],"player_experience":313834,"relics_obtained":[{"floor":7,"key":"Frozen Egg 2"},{"floor":9,"key":"Bottled Lightning"}],"event_choices":[{"damage_healed":0,"gold_gain":0,"player_choice":"Entered Light","damage_taken":16,"max_hp_gain":0,"max_hp_loss":0,"event_name":"Shining Light","floor":2,"gold_loss":0,"cards_upgraded":["Defend_R","Defend_R"]},{"cards_removed":["Strike_R"],"damage_healed":0,"gold_gain":0,"player_choice":"Offered Basic","damage_taken":0,"max_hp_gain":0,"max_hp_loss":0,"event_name":"Bonfire Elementals","floor":4,"gold_loss":0}],"is_beta":true,"boss_relics":[],"items_purged_floors":[],"is_endless":false,"potions_floor_spawned":[1,3,14],"killed_by":"Slime Boss","ascension_level":5}