{"gold_per_floor":[114,39,56,56,56,56,90,90,90,101,115,130,160,170,170,170],"floor_reached":16,"playtime":536,"items_purged":[],"score":274,"play_id":"b04dd212-26f6-469a-9ffd-558631bb7781","local_time":"20190427200243","is_ascension_mode":true,"campfire_choices":[{"data":"Zap","floor":6,"key":"SMITH"},{"data":"Dualcast","floor":8,"key":"SMITH"},{"floor":15,"key":"REST"}],"neow_cost":"NONE","seed_source_timestamp":505710601938567,"circlet_count":0,"master_deck":["AscendersBane","Strike_B","Strike_B","Strike_B","Defend_B","Defend_B","Defend_B","Defend_B","Zap+1","Dualcast+1","Blizzard","Conserve Battery","Melter","Self Repair","Multi-Cast","Scrape"],"relics":["Cracked Core","NeowsBlessing","DataDisk","Blood Vial","Sundial","StoneCalendar"],"potions_floor_usage":[11,12,13,16],"damage_taken":[{"damage":0,"enemies":"Cultist","floor":1,"turns":1},{"damage":0,"enemies":"Jaw Worm","floor":3,"turns":1},{"damage":0,"enemies":"Gremlin Nob","floor":7,"turns":1},{"damage":12,"enemies":"Small Slimes","floor":10,"turns":3},{"damage":8,"enemies":"Gremlin Gang","floor":11,"turns":7},{"damage":8,"enemies":"Large Slime","floor":12,"turns":4},{"damage":50,"enemies":"3 Sentries","floor":13,"turns":14},{"damage":0,"enemies":"2 Fungi Beasts","floor":14,"turns":2},{"damage":33,"enemies":"Slime Boss","floor":16,"turns":6}],"seed_played":"160826806297499811","potions_obtained":[{"floor":1,"key":"EssenceOfSteel"},{"floor":5,"key":"Regen Potion"},{"floor":5,"key":"Strength Potion"},{"floor":11,"key":"Regen Potion"},{"floor":13,"key":"AttackPotion"}],"is_trial":false,"path_per_floor":["M","?","M","?","?","R","E","R","T","M","M","M","E","M","R","B"],"character_chosen":"DEFECT","items_purchased":[],"campfire_rested":1,"item_purchase_floors":[],"current_hp_per_floor":[64,64,64,59,59,59,59,59,59,49,58,52,26,28,49,18],"gold":170,"neow_bonus":"THREE_ENEMY_KILL","is_prod":false,"is_daily":false,"chose_seed":false,"campfire_upgraded":2,"win_rate":0,"timestamp":1556362963,"path_taken":["M","?","M","?","?","R","E","R","T","M","M","M","E","M","R","BOSS"],"build_version":"2019-01-23","purchased_purges":0,"victory":false,"max_hp_per_floor":[71,71,71,71,71,71,71,71,71,71,71,71,71,71,71,71],"card_choices":[{"not_picked":["Blizzard","Turbo","Gash"],"picked":"SKIP","floor":1},{"not_picked":["Force Field","Hello World"],"picked":"Blizzard","floor":3},{"not_picked":["Sweeping Beam","Gash","Beam Cell"],"picked":"SKIP","floor":7},{"not_picked":["Force Field","Sweeping Beam"],"picked":"Conserve Battery","floor":10},{"not_picked":["Steam","Compile Driver"],"picked":"Melter","floor":11},{"not_picked":["Compile Driver","Steam"],"picked":"Self Repair","floor":12},{"not_picked":["Beam Cell","Leap"],"picked":"Multi-Cast","floor":13},{"not_picked":["Turbo","Barrage"],"picked":"Scrape","floor":14}],"player_experience":298089,"relics_obtained":[{"floor":7,"key":"Blood Vial"},{"floor":9,"key":"Sundial"},{"floor":13,"key":"StoneCalendar"}],"event_choices":[{"cards_removed":["Strike_B"],"damage_healed":0,"gold_gain":0,"player_choice":"Card Removal","damage_taken":0,"max_hp_gain":0,"max_hp_loss":0,"event_name":"The Cleric","floor":2,"gold_loss":75},{"damage_healed":0,"gold_gain":0,"player_choice":"Success","damage_taken":5,"relics_obtained":["DataDisk"],"max_hp_gain":0,"max_hp_loss":0,"event_name":"Scrap Ooze","floor":4,"gold_loss":0},{"damage_healed":0,"gold_gain":0,"player_choice":"Got Potions","damage_taken":0,"max_hp_gain":0,"max_hp_loss":0,"event_name":"Lab","floor":5,"gold_loss":0}],"is_beta":false,"boss_relics":[],"items_purged_floors":[],"is_endless":false,"potions_floor_spawned":[1,10,11,13],"killed_by":"Slime Boss","ascension_level":20}