{"path_per_floor":["M","M","?","?","T","E","R","M","T","M","R","M","$","?","R","B",null,"M","M","T","?","M","R","E","R","T","?","?","?","T","?","R"],"character_chosen":"THE_SILENT","items_purchased":["Shuriken","Well Laid Plans"],"gold_per_floor":[110,123,298,298,324,353,353,363,414,426,426,444,75,25,25,120,120,133,143,219,189,203,203,231,231,258,258,173,273,298,198,198],"floor_reached":33,"campfire_rested":3,"playtime":2442,"current_hp_per_floor":[66,64,64,64,64,42,42,42,42,30,30,21,21,21,57,5,70,70,66,66,66,43,70,24,60,60,47,47,47,47,47,47],"items_purged":["Strike_G"],"gold":198,"score":261,"play_id":"3a47d298-d308-4fb2-9152-1fc17761ba45","is_prod":false,"is_daily":false,"is_ascension_mode":false,"campfire_upgraded":3,"path_taken":["M","M","?","?","?","E","R","M","T","M","R","M","$","?","R","BOSS","M","M","?","?","M","R","E","R","T","?","?","?","?","?","R","BOSS"],"build_version":"2018-02-15-BETA1","purchased_purges":1,"victory":false,"master_deck":["Defend_G+1","Defend_G","Defend_G","Defend_G","Defend_G+1","Strike_G","Strike_G","Strike_G","Survivor","Neutralize","Bouncing Flask+1","Deadly Poison","Poisoned Stab+1","Deadly Poison","Doppelganger","Quick Slash","Well Laid Plans","Adrenaline+1","Deflect","Backstab","Prepared","Bane","PiercingWail","Bane","Blur+1","J.A.X."],"max_hp_per_floor":[70,70,70,70,70,70,70,70,70,70,70,70,70,70,70,70,70,70,70,70,70,70,70,70,70,70,75,75,75,75,75,75],"relics":["Ring of the Snake","Regal Pillow","Oddly Smooth Stone","War Paint","Shuriken","Orrery","Tiny Chest","Omamori","Juzu Bracelet","Bag of Marbles","Pen Nib"],"card_choices":[{"not_picked":["Dagger Spray","Sucker Punch"],"picked":"Bouncing Flask"},{"not_picked":["Bane","Slice"],"picked":"Deadly Poison"},{"not_picked":["Well Laid Plans","Crippling Poison"],"picked":"Poisoned Stab"},{"not_picked":["Dagger Throw","Dagger Spray"],"picked":"Deadly Poison"},{"not_picked":["Calculated Gamble","Slice"],"picked":"Doppelganger"},{"not_picked":["Dagger Spray","Dash"],"picked":"Quick Slash"},{"not_picked":["Burst","Envenom"],"picked":"Adrenaline"},{"not_picked":["Quick Slash","Predator"],"picked":"Deflect"},{"not_picked":["Dodge and Roll","Expertise"],"picked":"Backstab"},{"not_picked":["Masterful Stab","Infinite Blades"],"picked":"Prepared"},{"not_picked":["Dagger Throw","Dagger Spray"],"picked":"Bane"},{"not_picked":["Caltrops","Dagger Throw"],"picked":"PiercingWail"},{"not_picked":["Sucker Punch","Dagger Throw"],"picked":"Bane"},{"not_picked":["Flying Knee","Die Die Die"],"picked":"Blur"}],"player_experience":37128,"potions_floor_usage":[16,16,16,33,33],"damage_taken":[{"damage":4,"enemies":"Jaw Worm","floor":1,"turns":5},{"damage":2,"enemies":"2 Louse","floor":2,"turns":4},{"damage":22,"enemies":"3 Sentries","floor":6,"turns":11},{"damage":0,"enemies":"Cultist","floor":8,"turns":3},{"damage":12,"enemies":"2 Fungi Beasts","floor":10,"turns":3},{"damage":9,"enemies":"Large Slime","floor":12,"turns":4},{"damage":52,"enemies":"Slime Boss","floor":16,"turns":14},{"damage":0,"enemies":"Spheric Guardian","floor":18,"turns":3},{"damage":4,"enemies":"3 Byrds","floor":19,"turns":5},{"damage":23,"enemies":"Sentry and Sphere","floor":22,"turns":5},{"damage":46,"enemies":"Book of Stabbing","floor":24,"turns":6},{"damage":84,"enemies":"Collector","floor":33,"turns":6}],"event_choices":[{"event_name":"Liars Game","player_choice":"agreed","floor":3,"damage_taken":0},{"event_name":"Living Wall","player_choice":"Forget","floor":4,"damage_taken":0},{"event_name":"The Cleric","player_choice":"Card Removal","floor":14,"damage_taken":0},{"event_name":"The Woman in Blue","player_choice":"Bought 2 Potions","floor":21,"damage_taken":0},{"event_name":"Forgotten Altar","player_choice":"Shed Blood","floor":27,"damage_taken":0},{"event_name":"Addict","player_choice":"Obtained Relic","floor":28,"damage_taken":0},{"event_name":"Golden Shrine","player_choice":"Pray","floor":29,"damage_taken":0},{"event_name":"Drug Dealer","player_choice":"Got JAXXED","floor":31,"damage_taken":0}],"boss_relics":[{"not_picked":["Tiny House","Question Card"],"picked":"Orrery"}],"potions_floor_spawned":[1,6,8,12,19,24],"seed_played":"2565854893954663534","killed_by":"Collector","ascension_level":0,"is_trial":false}