{"path_per_floor":["M","M","?","M","M","E","?","R","T","$","M","?","?","M","R"],"character_chosen":"THE_SILENT","items_purchased":["Master of Strategy"],"gold_per_floor":[110,127,127,140,152,180,237,237,287,30,45,45,45,63,63],"floor_reached":16,"campfire_rested":2,"playtime":1995,"current_hp_per_floor":[64,64,52,49,36,8,14,37,37,37,25,10,3,9,32],"items_purged":["Defend_G"],"gold":63,"play_id":"879fc4f8-07f6-4e95-a369-927b41211c0c","is_prod":false,"is_daily":false,"is_ascension_mode":false,"campfire_upgraded":0,"path_taken":["M","M","?","M","?","E","?","R","T","$","M","?","?","M","R","BOSS"],"build_version":"2018-02-02-BETA1","purchased_purges":1,"victory":false,"master_deck":["Defend_G","Defend_G","Defend_G","Defend_G+1","Strike_G","Strike_G","Strike_G","Strike_G","Survivor","Neutralize","Backflip","Night Terror+1","Poisoned Stab","Slice","Poisoned Stab","Master of Strategy","Backflip","Bouncing Flask"],"max_hp_per_floor":[70,70,70,70,70,70,77,77,77,77,77,77,77,77,77],"relics":["Ring of the Snake","Oddly Smooth Stone","Mummified Hand","Strawberry","Omamori"],"card_choices":[{"not_picked":["Prepared","Blade Dance"],"picked":"Backflip"},{"not_picked":["Well Laid Plans","PiercingWail"],"picked":"Night Terror"},{"not_picked":["Prepared","Acrobatics"],"picked":"Poisoned Stab"},{"not_picked":["Masterful Stab","Wraith Form"],"picked":"Slice"},{"not_picked":["Outmaneuver","Skewer"],"picked":"Poisoned Stab"},{"not_picked":["Dagger Throw","Flechettes"],"picked":"Backflip"},{"not_picked":["Outmaneuver","Sucker Punch"],"picked":"Bouncing Flask"}],"player_experience":19920,"potions_floor_usage":[6,7,14,14,16],"damage_taken":[{"damage":6,"enemies":"Blue Slaver","floor":1,"turns":6},{"damage":0,"enemies":"Small Slimes","floor":2,"turns":3},{"damage":3,"enemies":"2 Louse","floor":4,"turns":3},{"damage":13,"enemies":"Gremlin Gang","floor":5,"turns":6},{"damage":28,"enemies":"3 Sentries","floor":6,"turns":7},{"damage":16,"enemies":"3 Sentries","floor":7,"turns":12},{"damage":12,"enemies":"Exordium Wildlife","floor":11,"turns":3},{"damage":6,"enemies":"3 Louse","floor":14,"turns":5},{"damage":32,"enemies":"Slime Boss","floor":16,"turns":8}],"event_choices":[{"event_name":"Scrap Ooze","player_choice":"success","floor":3,"damage_taken":12},{"event_name":"Dead Adventurer","player_choice":"Searched \u00271\u0027 times","floor":7,"damage_taken":0},{"event_name":"Shining Light","player_choice":"Entered Light","floor":12,"damage_taken":0},{"event_name":"Golden Wing","player_choice":"Card Removal","floor":13,"damage_taken":0}],"boss_relics":[],"potions_floor_spawned":[2,6,7,11,14],"seed_played":"-8627623124088789850","killed_by":"Slime Boss","ascension_level":0,"is_trial":false}