{"gold_per_floor":[110,127,127,144,164,164,175,205,256,531,212,212,244,107,107,202,202,215,232,232,232],"floor_reached":21,"playtime":723,"items_purged":["Regret","Strike_B"],"score":274,"play_id":"c99dd566-83d8-492e-92c2-3c5a6d7e030c","local_time":"20190419130620","is_ascension_mode":true,"campfire_choices":[{"data":"Streamline","floor":6.0,"key":"SMITH"},{"floor":12.0,"key":"REST"},{"data":"Loop","floor":15.0,"key":"SMITH"}],"neow_cost":"TEN_PERCENT_HP_LOSS","seed_source_timestamp":1790814438477727,"circlet_count":0,"master_deck":["Strike_B","Strike_B","Strike_B","Defend_B","Defend_B","Defend_B","Defend_B","Zap+1","Dualcast","Ball Lightning","Conserve Battery","Streamline+1","Glacier","Coolheaded","Reboot+1","Loop+1","Rainbow+1","Madness+1","Hologram+1","Electrodynamics"],"special_seed":0,"relics":["Cracked Core","Calipers","Juzu Bracelet","Lantern","Question Card","Toxic Egg 2","Inserter"],"potions_floor_usage":[],"damage_taken":[{"damage":6.0,"enemies":"Small Slimes","floor":1.0,"turns":4.0},{"damage":0.0,"enemies":"Cultist","floor":2.0,"turns":2.0},{"damage":0.0,"enemies":"2 Louse","floor":4.0,"turns":2.0},{"damage":25.0,"enemies":"Exordium Thugs","floor":5.0,"turns":4.0},{"damage":3.0,"enemies":"Red Slaver","floor":7.0,"turns":2.0},{"damage":6.0,"enemies":"3 Sentries","floor":8.0,"turns":6.0},{"damage":21.0,"enemies":"Gremlin Nob","floor":13.0,"turns":4.0},{"damage":13.0,"enemies":"Hexaghost","floor":16.0,"turns":9.0},{"damage":38.0,"enemies":"2 Thieves","floor":18.0,"turns":4.0},{"damage":0.0,"enemies":"3 Byrds","floor":19.0,"turns":4.0},{"damage":0,"enemies":"Centurion and Healer","floor":21,"turns":1}],"seed_played":"-4671369141376876012","potions_obtained":[{"floor":4.0,"key":"Explosive Potion"},{"floor":5.0,"key":"LiquidBronze"},{"floor":7.0,"key":"Fire Potion"},{"floor":8.0,"key":"Strength Potion"},{"floor":16.0,"key":"SteroidPotion"}],"is_trial":false,"path_per_floor":["M","M","?","M","M","R","M","E","T","?","$","R","E","$","R","B",null,"M","M","?","M"],"character_chosen":"DEFECT","items_purchased":["Question Card","Loop"],"campfire_rested":1,"item_purchase_floors":[11,14],"current_hp_per_floor":[62,62,62,62,37,37,34,28,28,28,28,48,27,27,27,14,55,17,17,17,17],"gold":232,"neow_bonus":"ONE_RARE_RELIC","is_prod":false,"is_daily":false,"chose_seed":false,"campfire_upgraded":2,"win_rate":0,"timestamp":1555646780,"path_taken":["M","M","?","M","M","R","?","E","T","?","$","R","E","$","R","BOSS","M","M","?","M"],"build_version":"2019-01-23","purchased_purges":2,"victory":false,"max_hp_per_floor":[68,68,68,68,68,68,68,68,68,68,68,68,68,68,68,68,68,68,68,68,68],"card_choices":[{"not_picked":["Stack","Go for the Eyes"],"picked":"Ball Lightning","floor":1.0},{"not_picked":["Gash","Reinforced Body"],"picked":"Conserve Battery","floor":2.0},{"not_picked":["Buffer","Lockon"],"picked":"Streamline","floor":4.0},{"not_picked":["BootSequence","Compile Driver"],"picked":"Glacier","floor":5.0},{"not_picked":["Doom and Gloom","Compile Driver","Stack"],"picked":"SKIP","floor":7.0},{"not_picked":["Sweeping Beam","Compile Driver"],"picked":"Coolheaded","floor":8.0},{"not_picked":["Buffer","Steam","Conserve Battery"],"picked":"Reboot","floor":13.0},{"not_picked":["Multi-Cast+1","Machine Learning","Fission+1"],"picked":"Rainbow+1","floor":16.0},{"not_picked":["Barrage","Beam Cell+1","Rebound","Force Field+1"],"picked":"SKIP","floor":18.0},{"not_picked":["Go for the Eyes+1","Aggregate+1","Barrage","Scrape"],"picked":"SKIP","floor":19.0}],"player_experience":246518,"relics_obtained":[{"floor":8.0,"key":"Juzu Bracelet"},{"floor":9.0,"key":"Lantern"},{"floor":13.0,"key":"Toxic Egg 2"}],"event_choices":[{"damage_healed":0.0,"max_hp_gain":0.0,"max_hp_loss":0.0,"gold_gain":0.0,"event_name":"Upgrade Shrine","player_choice":"Upgraded","floor":3.0,"gold_loss":0.0,"damage_taken":0.0,"cards_upgraded":["Zap"]},{"damage_healed":0.0,"max_hp_gain":0.0,"max_hp_loss":0.0,"gold_gain":275.0,"event_name":"Golden Shrine","player_choice":"Desecrate","floor":10.0,"gold_loss":0.0,"damage_taken":0.0,"cards_obtained":["Regret"]},{"damage_healed":0,"gold_gain":0,"player_choice":"3 cards matched","damage_taken":0,"max_hp_gain":0,"max_hp_loss":0,"event_name":"Match and Keep!","floor":20,"gold_loss":0,"cards_obtained":["Madness","Hologram","Electrodynamics"]}],"is_beta":false,"boss_relics":[{"not_picked":["Eternal Feather","Fusion Hammer"],"picked":"Inserter"}],"items_purged_floors":[11,14],"is_endless":false,"potions_floor_spawned":[4,5,7,8,16],"killed_by":"Centurion and Healer","ascension_level":9}