{"gold_per_floor":[113,125,125,125,141,168,168,196,196,196,209,12,29,40,40,142,142,154,170,170,95,110,110,110],"floor_reached":24,"playtime":2015,"items_purged":[],"score":208,"play_id":"53079b40-7d2a-4b32-a0ea-6400a550cbae","local_time":"20180901133230","is_ascension_mode":false,"campfire_choices":[{"floor":7.0,"key":"REST"},{"data":"Redo","floor":10.0,"key":"SMITH"},{"floor":15.0,"key":"REST"},{"floor":23,"key":"REST"}],"neow_cost":"NONE","seed_source_timestamp":1274945707612940,"circlet_count":0,"master_deck":["Strike_B","Strike_B","Strike_B","Strike_B","Defend_B","Defend_B","Defend_B","Defend_B","Zap+1","Dualcast","Darkness+1","Double Energy","Redo+1","Rip and Tear","Self Repair","Fusion","Darkness+1","Redo","Rebound","Seek","Go for the Eyes","Lockon","Consume","Core Surge"],"special_seed":0,"relics":["Cracked Core","Strawberry","Mummified Hand","Anchor","DollysMirror","Eternal Feather"],"potions_floor_usage":[16,16,22,22,24],"damage_taken":[{"damage":1.0,"enemies":"Cultist","floor":1.0,"turns":3.0},{"damage":15.0,"enemies":"Jaw Worm","floor":2.0,"turns":4.0},{"damage":1.0,"enemies":"2 Louse","floor":5.0,"turns":2.0},{"damage":16.0,"enemies":"3 Sentries","floor":6.0,"turns":6.0},{"damage":26.0,"enemies":"Lagavulin","floor":8.0,"turns":5.0},{"damage":12.0,"enemies":"Gremlin Gang","floor":11.0,"turns":4.0},{"damage":4.0,"enemies":"2 Fungi Beasts","floor":13.0,"turns":3.0},{"damage":9.0,"enemies":"Blue Slaver","floor":14.0,"turns":4.0},{"damage":43,"enemies":"Hexaghost","floor":16,"turns":9},{"damage":10,"enemies":"3 Byrds","floor":18,"turns":4},{"damage":37,"enemies":"2 Thieves","floor":19,"turns":4},{"damage":25,"enemies":"Snecko","floor":22,"turns":4},{"damage":50,"enemies":"Centurion and Healer","floor":24,"turns":6}],"seed_played":"8467468674690571268","potions_obtained":[{"floor":5.0,"key":"Block Potion"},{"floor":8.0,"key":"PowerPotion"},{"floor":11.0,"key":"Swift Potion"},{"floor":19,"key":"GamblersBrew"},{"floor":22,"key":"SteroidPotion"}],"is_trial":false,"path_per_floor":["M","M","?","?","M","E","R","E","T","R","M","$","M","M","R","B",null,"M","M","?","$","M","R"],"character_chosen":"DEFECT","items_purchased":["DollysMirror","Consume"],"campfire_rested":3,"item_purchase_floors":[12,21],"current_hp_per_floor":[74,59,59,59,58,49,73,47,47,47,42,42,38,36,60,17,82,79,42,26,26,8,46,0],"gold":110,"neow_bonus":"UPGRADE_CARD","is_prod":false,"is_daily":false,"chose_seed":false,"campfire_upgraded":1,"win_rate":0,"timestamp":1535823150,"path_taken":["M","M","?","?","?","E","R","E","T","R","M","$","?","M","R","BOSS","M","?","?","$","M","R","M"],"build_version":"2018-08-30","purchased_purges":0,"victory":false,"max_hp_per_floor":[75,75,75,75,75,82,82,82,82,82,82,82,82,82,82,82,82,82,82,87,87,87,87,87],"card_choices":[{"not_picked":["Compile Driver","BootSequence"],"picked":"Darkness","floor":1.0},{"not_picked":["Scrape","Turbo"],"picked":"Double Energy","floor":2.0},{"not_picked":["Hologram","Genetic Algorithm"],"picked":"Redo","floor":5.0},{"not_picked":["Barrage","Hello World"],"picked":"Rip and Tear","floor":6.0},{"not_picked":["Leap","Loop"],"picked":"Self Repair","floor":8.0},{"not_picked":["Tempest","Sweeping Beam"],"picked":"Fusion","floor":11.0},{"not_picked":["Reinforced Body","Steam"],"picked":"Redo","floor":13.0},{"not_picked":["Thunder Strike","Gash"],"picked":"Rebound","floor":14.0},{"not_picked":["Biased Cognition","Rainbow"],"picked":"Seek","floor":16},{"not_picked":["Barrage","Cold Snap"],"picked":"Go for the Eyes","floor":18},{"not_picked":["Cold Snap","Genetic Algorithm"],"picked":"Lockon","floor":19},{"not_picked":["Compile Driver+1","Hologram"],"picked":"Core Surge","floor":22}],"player_experience":91227,"relics_obtained":[{"floor":6.0,"key":"Strawberry"},{"floor":8.0,"key":"Mummified Hand"},{"floor":9.0,"key":"Anchor"}],"event_choices":[{"event_name":"Golden Wing","player_choice":"Ignored","floor":3.0,"damage_taken":0.0},{"event_name":"Upgrade Shrine","player_choice":"Upgraded","floor":4.0,"damage_taken":0.0},{"event_name":"Forgotten Altar","player_choice":"Shed Blood","floor":20,"damage_taken":0}],"is_beta":false,"boss_relics":[{"not_picked":["Pandora\u0027s Box","Empty Cage"],"picked":"Eternal Feather"}],"items_purged_floors":[],"is_endless":false,"potions_floor_spawned":[5,8,11,14,19,22],"killed_by":"Centurion and Healer","ascension_level":0}