{"gold_per_floor":[116,132,132,145,145,145,179,194,194,223,243,259,272,123,123,218,218,234,77,437,457,457],"floor_reached":22,"playtime":1105,"items_purged":[],"score":188,"play_id":"5c34d8f8-d77d-45d2-aa38-05bff168adf0","local_time":"20181020162632","is_ascension_mode":false,"campfire_choices":[{"data":"Defragment","floor":6.0,"key":"SMITH"},{"floor":15.0,"key":"REST"}],"neow_cost":"NONE","seed_source_timestamp":0,"circlet_count":0,"master_deck":["Strike_B","Strike_B","Strike_B","Strike_B","Defend_B","Defend_B","Defend_B","Defend_B","Zap+1","Dualcast","Machine Learning","Defragment+1","Go for the Eyes","Coolheaded","Cold Snap","Fusion","Streamline","Beam Cell","Meteor Strike","Reprogram","Heatsinks","Sunder","Creative AI","Ball Lightning+1","Cold Snap+1"],"special_seed":0,"relics":["Cracked Core","Mummified Hand","Bottled Tornado","Pear","Odd Mushroom","Inserter","DataDisk"],"potions_floor_usage":[22],"damage_taken":[{"damage":1.0,"enemies":"Cultist","floor":1.0,"turns":3.0},{"damage":1.0,"enemies":"Jaw Worm","floor":2.0,"turns":3.0},{"damage":1.0,"enemies":"Small Slimes","floor":4.0,"turns":2.0},{"damage":22.0,"enemies":"Lagavulin","floor":7.0,"turns":6.0},{"damage":3.0,"enemies":"3 Louse","floor":8.0,"turns":2.0},{"damage":10.0,"enemies":"The Mushroom Lair","floor":10.0,"turns":4.0},{"damage":8.0,"enemies":"Exordium Wildlife","floor":11.0,"turns":2.0},{"damage":0.0,"enemies":"Looter","floor":12.0,"turns":2.0},{"damage":11.0,"enemies":"Exordium Thugs","floor":13.0,"turns":5.0},{"damage":15.0,"enemies":"The Guardian","floor":16.0,"turns":11.0},{"damage":13.0,"enemies":"Chosen","floor":18.0,"turns":6.0},{"damage":10.0,"enemies":"Spheric Guardian","floor":21.0,"turns":4.0},{"damage":27,"enemies":"Snake Plant","floor":22,"turns":2}],"seed_played":"4128169554275828557","potions_obtained":[{"floor":2.0,"key":"Strength Potion"},{"floor":8.0,"key":"Energy Potion"},{"floor":11.0,"key":"Energy Potion"},{"floor":21.0,"key":"AttackPotion"}],"is_trial":false,"path_per_floor":["M","M","T","M","?","R","E","M","T","?","M","M","M","$","R","B",null,"M","$","?","M"],"character_chosen":"DEFECT","items_purchased":["Heatsinks","Sunder","DataDisk"],"campfire_rested":1,"item_purchase_floors":[14,14,19],"current_hp_per_floor":[74,73,73,72,72,72,50,47,57,47,39,39,28,28,53,38,85,72,72,32,22,0],"gold":457,"neow_bonus":"ONE_RANDOM_RARE_CARD","is_prod":false,"is_daily":false,"chose_seed":false,"campfire_upgraded":1,"win_rate":0,"timestamp":1540067192,"path_taken":["M","?","?","M","?","R","E","M","T","?","?","M","M","$","R","BOSS","M","$","?","M","M"],"build_version":"2018-10-18","purchased_purges":0,"victory":false,"max_hp_per_floor":[75,75,75,75,75,75,75,75,85,85,85,85,85,85,85,85,85,85,85,85,85,85],"card_choices":[{"not_picked":["Compile Driver","Rip and Tear"],"picked":"Defragment","floor":1.0},{"not_picked":["Recycle","Beam Cell"],"picked":"Go for the Eyes","floor":2.0},{"not_picked":["Beam Cell","Turbo"],"picked":"Coolheaded","floor":4.0},{"not_picked":["Beam Cell","Sweeping Beam","Cold Snap"],"picked":"SKIP","floor":7.0},{"not_picked":["Beam Cell","Sweeping Beam"],"picked":"Cold Snap","floor":7.0},{"not_picked":["BootSequence","Rebound"],"picked":"Fusion","floor":8.0},{"not_picked":["Compile Driver","Hologram"],"picked":"Streamline","floor":10.0},{"not_picked":["Compile Driver","Hologram"],"picked":"Beam Cell","floor":11.0},{"not_picked":["Chill","Aggregate"],"picked":"Meteor Strike","floor":12.0},{"not_picked":["Rebound","BootSequence"],"picked":"Reprogram","floor":13.0},{"not_picked":["Core Surge","Multi-Cast"],"picked":"Creative AI","floor":16.0},{"not_picked":["Turbo","BootSequence"],"picked":"Ball Lightning+1","floor":18.0},{"not_picked":["Compile Driver+1","Reinforced Body+1"],"picked":"Cold Snap+1","floor":21.0}],"player_experience":153342,"relics_obtained":[{"floor":3.0,"key":"Mummified Hand"},{"floor":7.0,"key":"Bottled Tornado"},{"floor":9.0,"key":"Pear"},{"floor":10.0,"key":"Odd Mushroom"}],"event_choices":[{"damage_healed":0.0,"max_hp_gain":0.0,"max_hp_loss":0.0,"gold_gain":0.0,"event_name":"Accursed Blacksmith","player_choice":"Forge","floor":5.0,"gold_loss":0.0,"damage_taken":0.0,"cards_upgraded":["Zap"]},{"damage_healed":0.0,"max_hp_gain":0.0,"max_hp_loss":0.0,"gold_gain":0.0,"event_name":"Mushrooms","player_choice":"Fought Mushrooms","floor":10.0,"gold_loss":0.0,"damage_taken":0.0},{"damage_healed":0.0,"max_hp_gain":0.0,"max_hp_loss":0.0,"gold_gain":360.0,"event_name":"Knowing Skull","player_choice":"GOLD GOLD GOLD GOLD ","floor":20.0,"potions_obtained":[],"gold_loss":0.0,"damage_taken":40.0,"cards_obtained":[]}],"is_beta":false,"boss_relics":[{"not_picked":["Nuclear Battery","Philosopher\u0027s Stone"],"picked":"Inserter"}],"items_purged_floors":[],"is_endless":false,"potions_floor_spawned":[2,8,11,13,21],"killed_by":"Snake Plant","ascension_level":0}