{"gold_per_floor":[112,77,94,94,94,94,94,94,120,133,133,6,22,56,56,152,152,171,188,204,220,145,145],"floor_reached":23,"playtime":999,"items_purged":[],"score":239,"play_id":"29c8181b-48b3-41e7-90a2-6bc6f89c01ed","local_time":"20190522200743","is_ascension_mode":true,"campfire_choices":[{"data":"Bash","floor":6,"key":"SMITH"},{"data":"Ghostly Armor","floor":8,"key":"SMITH"},{"data":"Shrug It Off","floor":11,"key":"SMITH"},{"data":"True Grit","floor":15,"key":"SMITH"}],"neow_cost":"PERCENT_DAMAGE","seed_source_timestamp":92704846593425,"circlet_count":0,"master_deck":["Strike_R","Strike_R","Strike_R","Strike_R","Defend_R","Defend_R","Defend_R","Defend_R","Bash+1","Barricade+1","Ghostly Armor+1","Cleave","Shrug It Off+1","Metallicize","True Grit+1","Power Through","Exhume","Entrench","Feel No Pain"],"relics":["Burning Blood","Boot","Lantern","Oddly Smooth Stone","Sozu"],"potions_floor_usage":[23],"damage_taken":[{"damage":6,"enemies":"Jaw Worm","floor":1,"turns":6},{"damage":12,"enemies":"Small Slimes","floor":3,"turns":4},{"damage":0,"enemies":"2 Louse","floor":10,"turns":2},{"damage":0,"enemies":"Large Slime","floor":13,"turns":9},{"damage":31,"enemies":"Gremlin Nob","floor":14,"turns":5},{"damage":34,"enemies":"The Guardian","floor":16,"turns":21},{"damage":0,"enemies":"Spheric Guardian","floor":18,"turns":9},{"damage":10,"enemies":"Shell Parasite","floor":19,"turns":14},{"damage":9,"enemies":"Chosen and Byrds","floor":20,"turns":11},{"damage":11,"enemies":"Snecko","floor":21,"turns":12},{"damage":60,"enemies":"Slavers","floor":23,"turns":6}],"seed_played":"-892762846649965792","potions_obtained":[{"floor":1,"key":"SpeedPotion"},{"floor":10,"key":"Dexterity Potion"}],"is_trial":false,"path_per_floor":["M","?","M","?","?","R","?","R","T","M","R","$","M","E","R","B",null,"M","M","M","M","?","E"],"character_chosen":"IRONCLAD","items_purchased":["Metallicize","SkillPotion"],"campfire_rested":0,"item_purchase_floors":[12,12],"current_hp_per_floor":[56,76,70,58,58,58,58,58,58,64,64,64,70,45,45,17,64,70,66,63,58,58,0],"gold":145,"neow_bonus":"THREE_RARE_CARDS","is_prod":false,"is_daily":false,"chose_seed":false,"campfire_upgraded":4,"win_rate":0,"timestamp":1558548463,"path_taken":["M","?","M","?","?","R","?","R","T","M","R","$","M","E","R","BOSS","M","M","M","M","?","E"],"build_version":"2019-01-23","purchased_purges":0,"victory":false,"max_hp_per_floor":[80,80,80,80,80,80,80,80,80,80,80,80,80,80,80,80,80,80,80,80,80,80,80],"card_choices":[{"not_picked":["Impervious","Berserk"],"picked":"Barricade","floor":0},{"not_picked":["Rampage","Uppercut"],"picked":"Ghostly Armor","floor":1},{"not_picked":["Blood for Blood","Clash"],"picked":"Cleave","floor":3},{"not_picked":["Iron Wave","Dual Wield"],"picked":"Shrug It Off","floor":10},{"not_picked":["Twin Strike","Clothesline"],"picked":"True Grit","floor":13},{"not_picked":["Wild Strike","Clothesline"],"picked":"Power Through","floor":14},{"not_picked":["Barricade","Limit Break"],"picked":"Exhume","floor":16},{"not_picked":["Warcry+1","Twin Strike+1","True Grit+1"],"picked":"SKIP","floor":18},{"not_picked":["Warcry+1","Twin Strike+1","True Grit+1"],"picked":"SKIP","floor":18},{"not_picked":["Armaments","Feel No Pain"],"picked":"Entrench","floor":19},{"not_picked":["Pommel Strike","Whirlwind+1"],"picked":"Feel No Pain","floor":20},{"not_picked":["Wild Strike","Armaments","Sword Boomerang"],"picked":"SKIP","floor":21}],"player_experience":81688,"relics_obtained":[{"floor":9,"key":"Lantern"},{"floor":14,"key":"Oddly Smooth Stone"}],"event_choices":[{"damage_healed":20,"gold_gain":0,"player_choice":"Healed","damage_taken":0,"max_hp_gain":0,"max_hp_loss":0,"event_name":"The Cleric","floor":2,"gold_loss":35},{"damage_healed":0,"gold_gain":0,"player_choice":"Success","damage_taken":12,"relics_obtained":["Boot"],"max_hp_gain":0,"max_hp_loss":0,"event_name":"Scrap Ooze","floor":4,"gold_loss":0},{"damage_healed":0,"gold_gain":0,"player_choice":"Grow","damage_taken":0,"max_hp_gain":0,"max_hp_loss":0,"event_name":"Living Wall","floor":5,"gold_loss":0,"cards_upgraded":["Barricade"]},{"damage_healed":0,"gold_gain":0,"player_choice":"Ignored","damage_taken":0,"max_hp_gain":0,"max_hp_loss":0,"event_name":"Liars Game","floor":7,"gold_loss":0},{"cards_removed":["Strike_R"],"damage_healed":0,"gold_gain":0,"player_choice":"Gave Gold","damage_taken":0,"max_hp_gain":0,"max_hp_loss":0,"event_name":"Beggar","floor":22,"gold_loss":75}],"is_beta":false,"boss_relics":[{"not_picked":["Velvet Choker","Black Star"],"picked":"Sozu"}],"items_purged_floors":[],"is_endless":false,"potions_floor_spawned":[1,10,19,20,21],"killed_by":"Slavers","ascension_level":5}