{"gold_per_floor":[114,126,126,126,141,141,141,141,168,187,202,217,217,235,235,355,355,376,401,50,64,80,93,93,8,78,78,99,120,138,163,163,163],"floor_reached":33,"playtime":1458,"items_purged":[],"score":247,"play_id":"d5983fac-e777-4f40-97e6-23d7bb5a81ff","local_time":"20180902121823","is_ascension_mode":false,"campfire_choices":[{"data":"Zap","floor":6,"key":"SMITH"},{"data":"Streamline","floor":8,"key":"SMITH"},{"floor":13,"key":"REST"},{"floor":15,"key":"REST"},{"floor":24,"key":"REST"},{"data":"Electrodynamics","floor":27,"key":"SMITH"},{"floor":32,"key":"REST"}],"neow_cost":"NONE","seed_source_timestamp":1357622082533176,"circlet_count":0,"master_deck":["Strike_B+1","Strike_B","Strike_B","Strike_B","Defend_B","Defend_B","Defend_B","Defend_B","Zap+1","Dualcast","Genetic Algorithm+1","Streamline+1","Conserve Battery","Loop","Leap","Stack","Steam","Electrodynamics+1","Defragment","Leap","Tempest","Conserve Battery","Streamline+1","Multi-Cast","Conserve Battery","Redo+1","Fusion","Skim+1","Double Energy+1"],"relics":["Cracked Core","Golden Idol","Bag of Marbles","Inserter","Bottled Tornado","Question Card","Matryoshka"],"potions_floor_usage":[31,33,33],"damage_taken":[{"damage":1,"enemies":"Jaw Worm","floor":1,"turns":4},{"damage":4,"enemies":"Small Slimes","floor":2,"turns":3},{"damage":1,"enemies":"2 Louse","floor":5,"turns":3},{"damage":8,"enemies":"2 Fungi Beasts","floor":10,"turns":3},{"damage":4,"enemies":"3 Louse","floor":11,"turns":3},{"damage":8,"enemies":"Red Slaver","floor":12,"turns":2},{"damage":1,"enemies":"Gremlin Gang","floor":14,"turns":5},{"damage":38,"enemies":"The Guardian","floor":16,"turns":12},{"damage":12,"enemies":"Spheric Guardian","floor":18,"turns":4},{"damage":1,"enemies":"Chosen","floor":19,"turns":4},{"damage":3,"enemies":"Snecko","floor":21,"turns":5},{"damage":4,"enemies":"Cultist and Chosen","floor":22,"turns":5},{"damage":4,"enemies":"Sentry and Sphere","floor":23,"turns":4},{"damage":28,"enemies":"Shelled Parasite and Fungi","floor":28,"turns":7},{"damage":1,"enemies":"Cultist and Chosen","floor":29,"turns":4},{"damage":2,"enemies":"3 Cultists","floor":30,"turns":3},{"damage":11,"enemies":"Sentry and Sphere","floor":31,"turns":4},{"damage":80,"enemies":"Champ","floor":33,"turns":9}],"seed_played":"522630095894159051","potions_obtained":[{"floor":5,"key":"Block Potion"},{"floor":10,"key":"SkillPotion"},{"floor":12,"key":"GamblersBrew"},{"floor":16,"key":"FairyPotion"},{"floor":21,"key":"Strength Potion"},{"floor":30,"key":"PowerPotion"}],"is_trial":false,"path_per_floor":["M","M","?","?","M","R","?","R","T","M","M","M","R","M","R","B",null,"M","M","$","M","M","M","R","?","T","R","M","M","M","M","R"],"character_chosen":"DEFECT","items_purchased":["Tempest","Bottled Tornado","Conserve Battery"],"campfire_rested":4,"item_purchase_floors":[20,20,20],"current_hp_per_floor":[81,77,82,81,80,80,64,64,64,56,52,44,68,67,81,43,81,69,68,68,65,61,57,81,81,81,81,53,52,50,39,63,0],"gold":163,"neow_bonus":"TEN_PERCENT_HP_BONUS","is_prod":false,"is_daily":false,"chose_seed":false,"campfire_upgraded":3,"win_rate":0,"timestamp":1535905103,"path_taken":["M","M","?","?","M","R","?","R","T","M","?","M","R","M","R","BOSS","M","M","$","M","?","M","R","?","T","R","M","M","M","M","R","BOSS"],"build_version":"2018-08-30","purchased_purges":0,"victory":false,"max_hp_per_floor":[82,82,87,81,81,81,81,81,81,81,81,81,81,81,81,81,81,81,81,81,81,81,81,81,81,81,81,81,81,81,81,81,81],"card_choices":[{"not_picked":["Steam","Hologram"],"picked":"Genetic Algorithm","floor":1},{"not_picked":["Cold Snap","Steam"],"picked":"Streamline","floor":2},{"not_picked":["FTL","Hologram"],"picked":"Conserve Battery","floor":5},{"not_picked":["Coolheaded","Gash"],"picked":"Loop","floor":10},{"not_picked":["Sweeping Beam","Undo"],"picked":"Leap","floor":11},{"not_picked":["FTL","Turbo"],"picked":"Stack","floor":12},{"not_picked":["Lockon","Aggregate"],"picked":"Steam","floor":14},{"not_picked":["Echo Form","Machine Learning"],"picked":"Electrodynamics","floor":16},{"not_picked":["Gash","Steam+1"],"picked":"Defragment","floor":18},{"not_picked":["Steam+1","Stack+1"],"picked":"Leap","floor":19},{"not_picked":["Cold Snap","Rebound+1"],"picked":"Streamline+1","floor":21},{"not_picked":["Tempest","BootSequence+1"],"picked":"Multi-Cast","floor":22},{"not_picked":["Capacitor","Go for the Eyes+1"],"picked":"Conserve Battery","floor":23},{"not_picked":["Steam Power","Doom and Gloom+1","Gash"],"picked":"Redo+1","floor":28},{"not_picked":["Conserve Battery","Chaos","Turbo"],"picked":"Fusion","floor":29},{"not_picked":["Glacier","Gash","Steam Power"],"picked":"Skim+1","floor":30},{"not_picked":["Self Repair+1","Beam Cell","Undo+1"],"picked":"Double Energy+1","floor":31}],"player_experience":102438,"relics_obtained":[{"floor":9,"key":"Bag of Marbles"},{"floor":26,"key":"Matryoshka"}],"event_choices":[{"event_name":"Big Fish","player_choice":"Donut","floor":3,"damage_taken":0},{"event_name":"Golden Idol","player_choice":"Lose Max HP","floor":4,"damage_taken":0},{"event_name":"Shining Light","player_choice":"Entered Light","floor":7,"damage_taken":0},{"event_name":"Addict","player_choice":"Obtained Relic","floor":25,"damage_taken":0}],"is_beta":false,"boss_relics":[{"not_picked":["Coffee Dripper","Calling Bell"],"picked":"Inserter"}],"items_purged_floors":[],"is_endless":false,"potions_floor_spawned":[5,10,12,16,18,21,30],"killed_by":"Champ","ascension_level":0}