{"gold_per_floor":[110,26,43,43,43,76,88,100,112,138,178,265,307,334,346,430,442,466,478,500,530,554,566,592,604,616,638,650,678,690,342,342,342],"floor_reached":33,"playtime":1649,"items_purged":["Steam Power"],"score":584,"play_id":"834a922c-59d8-4803-add1-7c9cb8fd4d0c","local_time":"20190428092940","is_ascension_mode":true,"campfire_choices":[{"data":"Sunder","floor":8,"key":"SMITH"},{"data":"Defragment","floor":15,"key":"SMITH"},{"data":"Buffer","floor":23,"key":"SMITH"},{"floor":28,"key":"REST"},{"floor":30,"key":"REST"},{"floor":32,"key":"REST"}],"neow_cost":"NONE","seed_source_timestamp":553014704225229,"circlet_count":0,"master_deck":["AscendersBane","Strike_B","Defend_B","Defend_B","Defend_B","Defend_B","Zap","Dualcast","Cold Snap","Glacier","Ball Lightning","Sunder+1","Rainbow","Hologram","Defragment+1","Buffer+1","Hologram+1","Beam Cell","Necronomicurse","Glacier","Creative AI+1"],"relics":["Cracked Core","NeowsBlessing","CultistMask","MawBank","Sundial","Cables","Bronze Scales","Calling Bell","Bag of Marbles","Frozen Egg 2","Ice Cream","Necronomicon","Orichalcum"],"potions_floor_usage":[11,16,18,22,22,22,24,29,33,33],"damage_taken":[{"damage":0,"enemies":"2 Louse","floor":1,"turns":1},{"damage":0,"enemies":"Cultist","floor":3,"turns":1},{"damage":0,"enemies":"3 Sentries","floor":6,"turns":1},{"damage":0,"enemies":"Small Slimes","floor":10,"turns":2},{"damage":8,"enemies":"Gremlin Nob","floor":11,"turns":3},{"damage":6,"enemies":"3 Sentries","floor":13,"turns":7},{"damage":6,"enemies":"3 Louse","floor":14,"turns":2},{"damage":2,"enemies":"Hexaghost","floor":16,"turns":9},{"damage":10,"enemies":"Shell Parasite","floor":18,"turns":4},{"damage":3,"enemies":"Spheric Guardian","floor":20,"turns":4},{"damage":20,"enemies":"Centurion and Healer","floor":21,"turns":11},{"damage":0,"enemies":"Cultist and Chosen","floor":22,"turns":5},{"damage":8,"enemies":"Snake Plant","floor":24,"turns":3},{"damage":0,"enemies":"Snecko","floor":27,"turns":4},{"damage":15,"enemies":"Shelled Parasite and Fungi","floor":29,"turns":7},{"damage":71,"enemies":"Automaton","floor":33,"turns":12}],"seed_played":"3108312987653913587","potions_obtained":[{"floor":3,"key":"Fire Potion"},{"floor":13,"key":"Strength Potion"},{"floor":14,"key":"Weak Potion"},{"floor":16,"key":"AttackPotion"},{"floor":18,"key":"EntropicBrew"},{"floor":21,"key":"Regen Potion"},{"floor":22,"key":"Block Potion"}],"is_trial":false,"path_per_floor":["M","$","M","?","$","E","?","R","T","M","E","?","E","M","R","B",null,"M","?","M","M","M","R","M","?","T","M","R","M","R","$","R","B"],"character_chosen":"DEFECT","items_purchased":["Glacier","Creative AI+1","GamblersBrew","AttackPotion"],"campfire_rested":3,"item_purchase_floors":[2,31,31,31],"current_hp_per_floor":[64,64,64,64,64,64,64,64,64,64,56,45,39,33,33,31,61,51,51,48,28,42,42,34,13,13,13,34,19,40,40,61,0],"gold":342,"neow_bonus":"THREE_ENEMY_KILL","is_prod":false,"is_daily":false,"chose_seed":false,"campfire_upgraded":3,"win_rate":0,"timestamp":1556411380,"path_taken":["M","$","M","?","?","E","?","R","T","M","E","?","E","M","R","BOSS","M","?","M","M","M","R","M","?","T","M","R","M","R","$","R","BOSS"],"build_version":"2019-01-23","purchased_purges":1,"victory":false,"max_hp_per_floor":[71,71,71,71,71,71,71,71,71,71,71,71,71,71,71,71,71,71,71,71,71,71,71,71,71,71,71,71,71,71,71,71,71],"card_choices":[{"not_picked":["Stack","Steam"],"picked":"Cold Snap","floor":1},{"not_picked":["Double Energy","Stack"],"picked":"Ball Lightning","floor":3},{"not_picked":["Stack","Conserve Battery"],"picked":"Sunder","floor":6},{"not_picked":["Streamline","Sweeping Beam","Leap"],"picked":"SKIP","floor":10},{"not_picked":["Fusion","Redo"],"picked":"Rainbow","floor":11},{"not_picked":["Melter","Sweeping Beam"],"picked":"Hologram","floor":13},{"not_picked":["Hologram","Turbo"],"picked":"Defragment","floor":14},{"not_picked":["All For One","Fission"],"picked":"Buffer","floor":16},{"not_picked":["Compile Driver+1","Go for the Eyes+1"],"picked":"Hologram+1","floor":18},{"not_picked":["Stack","Steam","Hologram"],"picked":"SKIP","floor":20},{"not_picked":["Heatsinks+1","Chaos","Darkness"],"picked":"SKIP","floor":21},{"not_picked":["Compile Driver","Scrape","Undo+1"],"picked":"SKIP","floor":22},{"not_picked":["Hologram","Melter","Redo"],"picked":"SKIP","floor":24},{"not_picked":["Barrage","Compile Driver"],"picked":"Glacier","floor":27},{"not_picked":["Rebound","Beam Cell","Turbo"],"picked":"SKIP","floor":29}],"player_experience":304728,"relics_obtained":[{"floor":6,"key":"MawBank"},{"floor":9,"key":"Sundial"},{"floor":11,"key":"Cables"},{"floor":13,"key":"Bronze Scales"},{"floor":17,"key":"Bag of Marbles"},{"floor":17,"key":"Frozen Egg 2"},{"floor":17,"key":"Ice Cream"},{"floor":25,"key":"Necronomicon"},{"floor":26,"key":"Orichalcum"}],"event_choices":[{"damage_healed":0,"gold_gain":0,"player_choice":"Trade","damage_taken":0,"relics_obtained":["CultistMask"],"max_hp_gain":0,"max_hp_loss":0,"event_name":"FaceTrader","floor":4,"gold_loss":0},{"cards_removed":["Strike_B"],"damage_healed":0,"gold_gain":0,"player_choice":"Forget","damage_taken":0,"max_hp_gain":0,"max_hp_loss":0,"event_name":"Living Wall","floor":7,"gold_loss":0},{"damage_healed":0,"gold_gain":75,"player_choice":"Gather Gold","damage_taken":11,"max_hp_gain":0,"max_hp_loss":0,"event_name":"World of Goop","floor":12,"gold_loss":0},{"damage_healed":0,"gold_gain":0,"cards_transformed":["Strike_B","Strike_B"],"player_choice":"Became Test Subject","damage_taken":0,"max_hp_gain":0,"max_hp_loss":0,"event_name":"Drug Dealer","floor":19,"gold_loss":0,"cards_obtained":["Steam Power","Beam Cell"]},{"damage_healed":0,"gold_gain":0,"player_choice":"Obtained Book","damage_taken":21,"max_hp_gain":0,"max_hp_loss":0,"event_name":"Cursed Tome","floor":25,"gold_loss":0}],"is_beta":false,"boss_relics":[{"not_picked":["White Beast Statue","Fusion Hammer"],"picked":"Calling Bell"}],"items_purged_floors":[31],"is_endless":false,"potions_floor_spawned":[3,13,14,16,18,21,22],"killed_by":"Automaton","ascension_level":20}