{"gold_per_floor":[114,214,231,306,331,359,375,43,43,60,125,125,138,155,155,254,254,274,274,274,274,262,262,262],"floor_reached":24,"playtime":1049,"items_purged":["Strike_B"],"score":319,"play_id":"4efb301a-4507-4e15-88d4-4b1385976ef7","local_time":"20190419172655","is_ascension_mode":true,"campfire_choices":[{"data":"Sunder","floor":12,"key":"SMITH"},{"floor":15,"key":"REST"},{"floor":23,"key":"REST"}],"neow_cost":"NONE","seed_source_timestamp":1806234632847354,"circlet_count":0,"master_deck":["AscendersBane","Strike_B","Strike_B","Strike_B","Defend_B","Defend_B","Defend_B","Defend_B","Zap","Dualcast","Sunder+1","Chill","Defragment","Capacitor","Cold Snap","Go for the Eyes","Hologram","Echo Form","Decay"],"relics":["Cracked Core","Bag of Marbles","Juzu Bracelet","Centennial Puzzle","Membership Card","PreservedInsect","Tiny Chest","Inserter"],"potions_floor_usage":[6,10,11,24],"damage_taken":[{"damage":2,"enemies":"2 Louse","floor":1,"turns":2},{"damage":0,"enemies":"Cultist","floor":3,"turns":3},{"damage":35,"enemies":"3 Sentries","floor":6,"turns":9},{"damage":7,"enemies":"Jaw Worm","floor":7,"turns":3},{"damage":1,"enemies":"Blue Slaver","floor":10,"turns":5},{"damage":5,"enemies":"Lagavulin","floor":11,"turns":6},{"damage":0,"enemies":"3 Louse","floor":13,"turns":2},{"damage":3,"enemies":"Exordium Thugs","floor":14,"turns":4},{"damage":28,"enemies":"Hexaghost","floor":16,"turns":11},{"damage":3,"enemies":"Chosen","floor":18,"turns":6},{"damage":33,"enemies":"2 Thieves","floor":22,"turns":4},{"damage":63,"enemies":"Book of Stabbing","floor":24,"turns":4}],"seed_played":"-1731826165240772977","potions_obtained":[{"floor":1,"key":"Block Potion"},{"floor":3,"key":"FocusPotion"},{"floor":7,"key":"Block Potion"},{"floor":22,"key":"SteroidPotion"}],"is_trial":false,"path_per_floor":["M","?","M","?","T","E","M","$","T","M","E","R","M","M","R","B",null,"M","?","?","?","M","R","E"],"character_chosen":"DEFECT","items_purchased":["Membership Card","Capacitor","Cold Snap","Regen Potion"],"campfire_rested":2,"item_purchase_floors":[8,8,8,8],"current_hp_per_floor":[66,66,66,55,55,20,13,13,13,24,19,19,19,16,38,10,59,56,56,56,56,23,45,0],"gold":262,"neow_bonus":"RANDOM_COMMON_RELIC","is_prod":false,"is_daily":false,"chose_seed":false,"campfire_upgraded":1,"win_rate":0,"timestamp":1555662415,"path_taken":["M","?","?","?","?","E","M","$","T","M","E","R","M","M","R","BOSS","M","?","?","?","M","R","E"],"build_version":"2019-01-23","purchased_purges":1,"victory":false,"max_hp_per_floor":[75,75,75,75,75,75,75,75,75,75,75,75,75,75,75,75,75,75,75,75,75,75,75,75],"card_choices":[{"not_picked":["Scrape","Compile Driver"],"picked":"Sunder","floor":1},{"not_picked":["Fusion","Aggregate","Beam Cell"],"picked":"SKIP","floor":3},{"not_picked":["Sweeping Beam","Conserve Battery"],"picked":"Chill","floor":6},{"not_picked":["Heatsinks","Recycle"],"picked":"Defragment","floor":7},{"not_picked":["Static Discharge","Double Energy","Storm"],"picked":"SKIP","floor":10},{"not_picked":["Hologram","Turbo"],"picked":"Go for the Eyes","floor":11},{"not_picked":["Sweeping Beam","Redo","Sunder"],"picked":"SKIP","floor":13},{"not_picked":["Steam","Compile Driver"],"picked":"Hologram","floor":14},{"not_picked":["Fission","Electrodynamics"],"picked":"Echo Form","floor":16},{"not_picked":["Heatsinks","Go for the Eyes","Beam Cell"],"picked":"SKIP","floor":18},{"not_picked":["Stack","Genetic Algorithm","Streamline"],"picked":"SKIP","floor":22}],"player_experience":251627,"relics_obtained":[{"floor":5,"key":"Juzu Bracelet"},{"floor":6,"key":"Centennial Puzzle"},{"floor":9,"key":"PreservedInsect"},{"floor":11,"key":"Tiny Chest"}],"event_choices":[{"damage_healed":0,"gold_gain":100,"player_choice":"Gold","damage_taken":0,"max_hp_gain":0,"max_hp_loss":0,"event_name":"Wheel of Change","floor":2,"gold_loss":0},{"damage_healed":0,"gold_gain":75,"player_choice":"Gather Gold","damage_taken":11,"max_hp_gain":0,"max_hp_loss":0,"event_name":"World of Goop","floor":4,"gold_loss":0},{"damage_healed":0,"gold_gain":0,"player_choice":"Smashed Altar","damage_taken":0,"max_hp_gain":0,"max_hp_loss":0,"event_name":"Forgotten Altar","floor":19,"gold_loss":0,"cards_obtained":["Decay"]},{"damage_healed":0,"gold_gain":0,"player_choice":"Ignored","damage_taken":0,"max_hp_gain":0,"max_hp_loss":0,"event_name":"Ghosts","floor":20,"gold_loss":0},{"damage_healed":0,"gold_gain":0,"player_choice":"Ignored","damage_taken":0,"max_hp_gain":0,"max_hp_loss":0,"event_name":"Vampires","floor":21,"gold_loss":0}],"is_beta":false,"boss_relics":[{"not_picked":["Coffee Dripper","Busted Crown"],"picked":"Inserter"}],"items_purged_floors":[8],"is_endless":false,"potions_floor_spawned":[1,3,7,22],"killed_by":"Book of Stabbing","ascension_level":11}