{"gold_per_floor":[210,210,210,227,238,238,263,263,290,240,21,35,48,78,78,178,178,194,179,229,239,250,250,277,277,277,227,243,44,56,68,68,172,172,184,184,200,7,17,17,45,45,45,45,45,92,16,41,41,41],"floor_reached":51,"playtime":3637,"items_purged":["Strike_B","Strike_B"],"score":1256,"play_id":"7bddbe23-4c23-4030-8e69-d246f0c3121b","local_time":"20190420195621","is_ascension_mode":true,"campfire_choices":[{"data":"Sunder","floor":6.0,"key":"SMITH"},{"data":"Loop","floor":8.0,"key":"SMITH"},{"data":"Coolheaded","floor":15.0,"key":"SMITH"},{"data":"Defragment","floor":23.0,"key":"SMITH"},{"data":"Zap","floor":25.0,"key":"SMITH"},{"data":"Rainbow","floor":32.0,"key":"SMITH"},{"data":"Hologram","floor":40,"key":"SMITH"},{"data":"Conserve Battery","floor":42,"key":"SMITH"},{"data":"Biased Cognition","floor":44,"key":"SMITH"},{"data":"BootSequence","floor":49,"key":"SMITH"}],"neow_cost":"NONE","seed_source_timestamp":0,"circlet_count":0,"master_deck":["AscendersBane","Strike_B","Defend_B","Defend_B","Defend_B","Defend_B","Zap+1","Dualcast","Conserve Battery+1","Sunder+1","Loop+1","Machine Learning","Self Repair","Cold Snap","Coolheaded+1","Echo Form","Turbo","BootSequence+1","Defragment+1","Rainbow+1","Ball Lightning","Biased Cognition+1","Flash of Steel","Hologram+1","Cold Snap+1","Leap+1"],"special_seed":0,"relics":["FrozenCore","PreservedInsect","Smiling Mask","Blood Vial","DataDisk","Lantern","Mercury Hourglass","Darkstone Periapt","Runic Capacitor","Nuclear Battery","Bag of Preparation","Unceasing Top","Question Card","Bird Faced Urn","Incense Burner"],"potions_floor_usage":[41,50,50],"damage_taken":[{"damage":1.0,"enemies":"Small Slimes","floor":1.0,"turns":3.0},{"damage":2.0,"enemies":"Jaw Worm","floor":4.0,"turns":3.0},{"damage":0.0,"enemies":"2 Louse","floor":5.0,"turns":3.0},{"damage":9.0,"enemies":"3 Sentries","floor":7.0,"turns":4.0},{"damage":0.0,"enemies":"Large Slime","floor":12.0,"turns":4.0},{"damage":16.0,"enemies":"Exordium Thugs","floor":13.0,"turns":4.0},{"damage":8.0,"enemies":"Gremlin Nob","floor":14.0,"turns":3.0},{"damage":31.0,"enemies":"Hexaghost","floor":16.0,"turns":13.0},{"damage":7.0,"enemies":"Shell Parasite","floor":18.0,"turns":8.0},{"damage":7.0,"enemies":"2 Thieves","floor":19.0,"turns":4.0},{"damage":11.0,"enemies":"Snake Plant","floor":21.0,"turns":6.0},{"damage":11.0,"enemies":"Centurion and Healer","floor":22.0,"turns":8.0},{"damage":18.0,"enemies":"Slavers","floor":24.0,"turns":9.0},{"damage":0.0,"enemies":"Cultist and Chosen","floor":28.0,"turns":6.0},{"damage":12.0,"enemies":"Snecko","floor":30.0,"turns":7.0},{"damage":10.0,"enemies":"Centurion and Healer","floor":31.0,"turns":9.0},{"damage":16.0,"enemies":"Collector","floor":33.0,"turns":13.0},{"damage":21.0,"enemies":"3 Darklings","floor":35.0,"turns":6.0},{"damage":0,"enemies":"3 Shapes","floor":37,"turns":7},{"damage":19,"enemies":"Writhing Mass","floor":39,"turns":10},{"damage":6,"enemies":"Nemesis","floor":41,"turns":7},{"damage":3,"enemies":"2 Orb Walkers","floor":46,"turns":5},{"damage":0,"enemies":"Giant Head","floor":48,"turns":12},{"damage":0,"enemies":"Awakened One","floor":50,"turns":32}],"seed_played":"8027657318237364953","potions_obtained":[{"floor":7.0,"key":"Explosive Potion"},{"floor":14.0,"key":"EssenceOfSteel"},{"floor":16.0,"key":"SkillPotion"},{"floor":21.0,"key":"SmokeBomb"},{"floor":24.0,"key":"FearPotion"},{"floor":30.0,"key":"Swift Potion"},{"floor":33.0,"key":"Weak Potion"},{"floor":48,"key":"Fire Potion"}],"is_trial":false,"path_per_floor":["M","?","?","M","M","R","E","R","T","?","$","M","M","E","R","B",null,"M","M","?","M","M","R","E","R","T","$","M","$","M","M","R","B",null,"M","?","M","$","M","R","E","R","T","R","$","?","$","E","R","B",null],"character_chosen":"DEFECT","items_purchased":["DataDisk","Self Repair","Runic Capacitor","Bag of Preparation","Ancient Potion"],"campfire_rested":0,"item_purchase_floors":[11,11,29,38,47],"current_hp_per_floor":[67,67,67,65,65,65,56,56,56,56,56,65,58,59,59,37,66,75,75,75,75,75,75,71,71,71,71,73,73,70,75,75,66,73,61,61,75,75,70,70,75,75,75,75,75,75,75,75,75,75],"gold":41,"neow_bonus":"HUNDRED_GOLD","is_prod":false,"is_daily":false,"chose_seed":false,"campfire_upgraded":10,"win_rate":0,"timestamp":1555757781,"path_taken":["M","?","?","M","M","R","E","R","T","?","$","M","M","E","R","BOSS","M","M","?","M","M","R","E","R","T","?","M","$","M","M","R","BOSS","M","?","M","$","M","R","E","R","T","R","$","?","?","E","R","BOSS"],"build_version":"2019-01-23","purchased_purges":2,"victory":true,"max_hp_per_floor":[75,75,75,75,75,75,75,75,75,75,75,75,75,75,75,75,75,75,75,75,75,75,75,75,75,75,75,75,75,75,75,75,75,75,75,75,75,75,75,75,75,75,75,75,75,75,75,75,75,75],"card_choices":[{"not_picked":["Barrage","Leap"],"picked":"Conserve Battery","floor":1.0},{"not_picked":["Leap","Consume"],"picked":"Sunder","floor":4.0},{"not_picked":["Beam Cell","Chill"],"picked":"Loop","floor":5.0},{"not_picked":["Beam Cell","Creative AI"],"picked":"Machine Learning","floor":7.0},{"not_picked":["Sunder","Leap","Redo"],"picked":"SKIP","floor":12.0},{"not_picked":["Compile Driver","Redo"],"picked":"Cold Snap","floor":13.0},{"not_picked":["White Noise","Reinforced Body"],"picked":"Coolheaded","floor":14.0},{"not_picked":["Thunder Strike","Hyperbeam"],"picked":"Echo Form","floor":16.0},{"not_picked":["Streamline","Reinforced Body"],"picked":"Turbo","floor":18.0},{"not_picked":["Force Field+1","Redo"],"picked":"BootSequence","floor":19.0},{"not_picked":["Cold Snap+1","Rebound"],"picked":"Defragment","floor":21.0},{"not_picked":["Streamline","Sweeping Beam"],"picked":"Rainbow","floor":22.0},{"not_picked":["Hello World","Rebound","Skim"],"picked":"SKIP","floor":24.0},{"not_picked":["Conserve Battery","FTL","Beam Cell"],"picked":"SKIP","floor":28.0},{"not_picked":["Force Field","Ball Lightning","Compile Driver"],"picked":"SKIP","floor":30.0},{"not_picked":["Conserve Battery","Streamline"],"picked":"Ball Lightning","floor":31.0},{"not_picked":["Hyperbeam","Core Surge"],"picked":"Biased Cognition","floor":33.0},{"not_picked":["Sweeping Beam","Tempest","Skim"],"picked":"SKIP","floor":35.0},{"not_picked":["Impatience","Swift Strike"],"picked":"Flash of Steel","floor":36},{"not_picked":["Compile Driver+1","Rebound"],"picked":"Hologram","floor":37},{"not_picked":["Stack","Hologram","Ball Lightning"],"picked":"SKIP","floor":39},{"not_picked":["Auto Shields","Tempest"],"picked":"Cold Snap+1","floor":41},{"not_picked":["Cold Snap+1","Streamline","Melter+1"],"picked":"Leap+1","floor":46},{"not_picked":["Skim","Chaos","Redo","Reprogram+1"],"picked":"SKIP","floor":48}],"player_experience":259127,"relics_obtained":[{"floor":7.0,"key":"Smiling Mask"},{"floor":9.0,"key":"Blood Vial"},{"floor":14.0,"key":"Lantern"},{"floor":24.0,"key":"Mercury Hourglass"},{"floor":26.0,"key":"Darkstone Periapt"},{"floor":41,"key":"Unceasing Top"},{"floor":43,"key":"Question Card"},{"floor":46,"key":"Bird Faced Urn"},{"floor":48,"key":"Incense Burner"}],"event_choices":[{"damage_healed":0.0,"max_hp_gain":0.0,"max_hp_loss":0.0,"gold_gain":0.0,"event_name":"Big Fish","player_choice":"Box","floor":2.0,"gold_loss":0.0,"damage_taken":0.0,"relics_obtained":["PreservedInsect"],"cards_obtained":["Regret"]},{"cards_removed":["Regret"],"damage_healed":0.0,"max_hp_gain":0.0,"max_hp_loss":0.0,"gold_gain":0.0,"event_name":"Living Wall","player_choice":"Forget","floor":3.0,"gold_loss":0.0,"damage_taken":0.0},{"cards_removed":["Strike_B"],"damage_healed":0.0,"max_hp_gain":0.0,"max_hp_loss":0.0,"gold_gain":0.0,"event_name":"The Cleric","player_choice":"Card Removal","floor":10.0,"gold_loss":50.0,"damage_taken":0.0},{"damage_healed":0.0,"max_hp_gain":0.0,"max_hp_loss":0.0,"gold_gain":100.0,"event_name":"The Joust","player_choice":"Bet on Murderer","floor":20.0,"gold_loss":50.0,"damage_taken":0.0},{"damage_healed":0,"gold_gain":0,"player_choice":"Memory 1","damage_taken":0,"max_hp_gain":0,"max_hp_loss":0,"event_name":"SensoryStone","floor":36,"gold_loss":0},{"damage_healed":0,"gold_gain":0,"player_choice":"Fight","damage_taken":0,"max_hp_gain":0,"max_hp_loss":0,"event_name":"Mysterious Sphere","floor":46,"gold_loss":0}],"is_beta":false,"boss_relics":[{"not_picked":["Fusion Hammer","Coffee Dripper"],"picked":"FrozenCore"},{"not_picked":["Cursed Key","Runic Dome"],"picked":"Nuclear Battery"}],"items_purged_floors":[27,38],"is_endless":false,"potions_floor_spawned":[7,14,16,21,24,30,33,35,48],"ascension_level":12}