{"gold_per_floor":[111,111,111,124,199,226,226,243,243,286,310,322,356,380,392,503,515,514,451,463,475,503,515,527,539,551,563,594,623,366,366,366,466,466,477,477,492,392,410,410,7,17,43,43,54,54,79,99,99,99],"floor_reached":51,"playtime":2879,"items_purged":["Writhe","Strike_B","Defend_B"],"score":809,"play_id":"3e792553-474d-4e3c-b508-717b62c8bff9","local_time":"20190417153056","is_ascension_mode":true,"campfire_choices":[{"data":"Turbo","floor":12.0,"key":"SMITH"},{"data":"Consume","floor":15.0,"key":"SMITH"},{"data":"Coolheaded","floor":23,"key":"SMITH"},{"data":"White Noise","floor":25,"key":"SMITH"},{"floor":27,"key":"REST"},{"data":"Jack Of All Trades","floor":32,"key":"SMITH"},{"data":"Recycle","floor":40,"key":"SMITH"},{"floor":44,"key":"REST"},{"floor":46,"key":"REST"},{"floor":49,"key":"REST"}],"neow_cost":"NONE","seed_source_timestamp":0,"circlet_count":0,"master_deck":["Defend_B","Defend_B","Defend_B+1","Zap","Dualcast","Coolheaded+1","Undo","White Noise+1","BootSequence","Turbo+1","Conserve Battery+1","Consume+1","Creative AI+1","Heatsinks+1","Sunder+1","Cold Snap+1","Glacier","Jack Of All Trades+1","Echo Form+1","Recycle+1","Defragment+1","Defragment+1","Electrodynamics+1","Coolheaded"],"special_seed":0,"relics":["Cracked Core","NeowsBlessing","WarpedTongs","Frozen Egg 2","MawBank","Bag of Preparation","Odd Mushroom","Empty Cage","Dodecahedron","War Paint","PreservedInsect","Inserter","ClockworkSouvenir","Smiling Mask","Cables"],"potions_floor_usage":[33,39,42],"damage_taken":[{"damage":0.0,"enemies":"Jaw Worm","floor":1.0,"turns":1.0},{"damage":0.0,"enemies":"Cultist","floor":4.0,"turns":1.0},{"damage":0.0,"enemies":"Gremlin Nob","floor":6.0,"turns":1.0},{"damage":0.0,"enemies":"Small Slimes","floor":8.0,"turns":6.0},{"damage":18.0,"enemies":"Lagavulin","floor":10.0,"turns":7.0},{"damage":0.0,"enemies":"2 Fungi Beasts","floor":11.0,"turns":3.0},{"damage":0.0,"enemies":"The Mushroom Lair","floor":13.0,"turns":5.0},{"damage":10.0,"enemies":"Lots of Slimes","floor":14.0,"turns":5.0},{"damage":17.0,"enemies":"Hexaghost","floor":16.0,"turns":14.0},{"damage":4,"enemies":"2 Thieves","floor":18,"turns":4},{"damage":8,"enemies":"Chosen","floor":22,"turns":5},{"damage":5,"enemies":"Centurion and Healer","floor":28,"turns":8},{"damage":11,"enemies":"Snake Plant","floor":29,"turns":4},{"damage":7,"enemies":"Collector","floor":33,"turns":11},{"damage":0,"enemies":"Orb Walker","floor":35,"turns":4},{"damage":0,"enemies":"3 Shapes","floor":37,"turns":5},{"damage":21,"enemies":"Jaw Worm Horde","floor":39,"turns":6},{"damage":25,"enemies":"Transient","floor":42,"turns":5},{"damage":1,"enemies":"Spire Growth","floor":45,"turns":8},{"damage":3,"enemies":"Nemesis","floor":47,"turns":7},{"damage":1,"enemies":"Writhing Mass","floor":48,"turns":6},{"damage":6,"enemies":"Donu and Deca","floor":50,"turns":7}],"seed_played":"7379124360376945938","potions_obtained":[{"floor":1.0,"key":"FearPotion"},{"floor":8.0,"key":"Weak Potion"},{"floor":13.0,"key":"Fire Potion"},{"floor":29,"key":"FocusPotion"},{"floor":33,"key":"Fire Potion"},{"floor":37,"key":"PowerPotion"},{"floor":42,"key":"SpeedPotion"},{"floor":45,"key":"AttackPotion"}],"is_trial":false,"path_per_floor":["M","$","?","M","?","E","?","M","T","E","M","R","?","M","R","B",null,"M","?","?","?","M","R","?","R","T","R","M","M","$","?","R","B",null,"M","T","M","$","M","R","$","M","T","R","M","R","E","M","R","B",null],"character_chosen":"DEFECT","items_purchased":["Glacier","PreservedInsect","ClockworkSouvenir","Defragment+1"],"campfire_rested":4,"item_purchase_floors":[30,30,41,41],"current_hp_per_floor":[75,75,75,75,64,64,64,64,64,46,46,46,46,36,36,19,75,71,71,71,71,63,63,49,49,49,73,68,57,57,57,57,50,80,80,80,80,80,59,59,59,34,34,58,57,80,77,76,80,74],"gold":99,"neow_bonus":"THREE_ENEMY_KILL","is_prod":false,"is_daily":false,"chose_seed":false,"campfire_upgraded":6,"win_rate":0,"timestamp":1555482656,"path_taken":["M","$","?","?","?","E","?","?","T","E","?","R","?","M","R","BOSS","M","?","?","?","M","R","?","R","T","R","M","M","$","?","R","BOSS","M","?","M","?","?","R","$","M","T","R","M","R","E","M","R","BOSS"],"build_version":"2019-01-23","purchased_purges":3,"victory":true,"max_hp_per_floor":[75,75,75,75,75,75,75,75,75,75,75,75,75,75,75,75,75,75,75,75,75,75,75,80,80,80,80,80,80,80,80,80,80,80,80,80,80,80,80,80,80,80,80,80,80,80,80,80,80,80],"card_choices":[{"not_picked":["Recycle","Turbo"],"picked":"Coolheaded","floor":1.0},{"not_picked":["Sweeping Beam","Barrage"],"picked":"Undo","floor":4.0},{"not_picked":["Doom and Gloom","Rebound"],"picked":"White Noise","floor":6.0},{"not_picked":["Gash","Compile Driver","Undo"],"picked":"SKIP","floor":8.0},{"not_picked":["Streamline","Machine Learning+1"],"picked":"BootSequence","floor":10.0},{"not_picked":["Go for the Eyes","Rebound"],"picked":"Turbo","floor":11.0},{"not_picked":["Doom and Gloom","Rebound"],"picked":"Conserve Battery","floor":13.0},{"not_picked":["Genetic Algorithm","Ball Lightning"],"picked":"Consume","floor":14.0},{"not_picked":["Multi-Cast","Reboot"],"picked":"Creative AI+1","floor":16.0},{"not_picked":["Steam","Darkness"],"picked":"Heatsinks+1","floor":18},{"not_picked":["Streamline+1","Lockon+1"],"picked":"Sunder+1","floor":22},{"not_picked":["Streamline","Rebound+1"],"picked":"Cold Snap+1","floor":28},{"not_picked":["Steam","Ball Lightning+1","Streamline"],"picked":"SKIP","floor":29},{"not_picked":["Rebound+1","Darkness+1","Streamline"],"picked":"SKIP","floor":35},{"not_picked":["Fusion+1","FTL","Beam Cell+1"],"picked":"SKIP","floor":37},{"not_picked":["Compile Driver","Coolheaded+1"],"picked":"Recycle","floor":39},{"not_picked":["Ball Lightning+1","Gash"],"picked":"Defragment+1","floor":42},{"not_picked":["Rip and Tear","Gash+1"],"picked":"Electrodynamics+1","floor":45},{"not_picked":["Darkness+1","Sunder"],"picked":"Coolheaded","floor":47},{"not_picked":["Ball Lightning","Cold Snap","Streamline"],"picked":"SKIP","floor":48}],"player_experience":217217,"relics_obtained":[{"floor":6.0,"key":"Frozen Egg 2"},{"floor":9.0,"key":"MawBank"},{"floor":10.0,"key":"Bag of Preparation"},{"floor":13.0,"key":"Odd Mushroom"},{"floor":26,"key":"War Paint"},{"floor":43,"key":"Smiling Mask"},{"floor":47,"key":"Cables"}],"event_choices":[{"damage_healed":0.0,"max_hp_gain":0.0,"max_hp_loss":0.0,"gold_gain":0.0,"event_name":"Accursed Blacksmith","player_choice":"Rummage","floor":3.0,"gold_loss":0.0,"damage_taken":0.0,"relics_obtained":["WarpedTongs"],"cards_obtained":["Pain"]},{"damage_healed":0.0,"max_hp_gain":0.0,"max_hp_loss":0.0,"gold_gain":75.0,"event_name":"World of Goop","player_choice":"Gather Gold","floor":5.0,"gold_loss":0.0,"damage_taken":11.0},{"cards_removed":["Pain"],"damage_healed":0.0,"max_hp_gain":0.0,"max_hp_loss":0.0,"gold_gain":0.0,"event_name":"Purifier","player_choice":"Purged","floor":7.0,"gold_loss":0.0,"damage_taken":0.0},{"damage_healed":0.0,"max_hp_gain":0.0,"max_hp_loss":0.0,"gold_gain":0.0,"event_name":"Mushrooms","player_choice":"Fought Mushrooms","floor":13.0,"gold_loss":0.0,"damage_taken":0.0},{"cards_removed":["Strike_B"],"damage_healed":0,"gold_gain":0,"player_choice":"Gave Gold","damage_taken":0,"max_hp_gain":0,"max_hp_loss":0,"event_name":"Beggar","floor":19,"gold_loss":75},{"damage_healed":0,"gold_gain":0,"player_choice":"Opened","damage_taken":0,"relics_obtained":["Dodecahedron"],"max_hp_gain":0,"max_hp_loss":0,"event_name":"The Mausoleum","floor":20,"gold_loss":0,"cards_obtained":["Writhe"]},{"damage_healed":0,"gold_gain":0,"player_choice":"Ignored","damage_taken":0,"max_hp_gain":0,"max_hp_loss":0,"event_name":"Vampires","floor":21,"gold_loss":0},{"damage_healed":0,"gold_gain":0,"player_choice":"Shed Blood","damage_taken":19,"max_hp_gain":5,"max_hp_loss":0,"event_name":"Forgotten Altar","floor":24,"gold_loss":0},{"damage_healed":0,"gold_gain":0,"player_choice":"2 cards matched","damage_taken":0,"max_hp_gain":0,"max_hp_loss":0,"event_name":"Match and Keep!","floor":31,"gold_loss":0,"cards_obtained":["Jack Of All Trades","Echo Form"]}],"is_beta":false,"boss_relics":[{"not_picked":["Runic Pyramid","Busted Crown"],"picked":"Empty Cage"},{"not_picked":["Velvet Choker","Calling Bell"],"picked":"Inserter"}],"items_purged_floors":[30,38,41],"is_endless":false,"potions_floor_spawned":[1,8,13,14,16,28,29,33,35,37,42,45],"ascension_level":3}