{"gold_per_floor":[17,92,112,123,123,123,152,152,179,198,228,247,280,303,303,408,408,425,436,436,447,295,295,323,323,346,346,380,391,426,426,426,529,529,545,563,326,326,339,339,372,383,383,102,429,449,467,467,467,467],"floor_reached":51,"playtime":3793,"items_purged":["Strike_R","Strike_R","Strike_R"],"score":1266,"play_id":"2b0cee00-a06c-4be8-8dec-2febe2a7610f","local_time":"20190420082459","is_ascension_mode":true,"campfire_choices":[{"data":"Inflame","floor":6,"key":"SMITH"},{"data":"Uppercut","floor":8,"key":"SMITH"},{"data":"Demon Form","floor":15,"key":"SMITH"},{"data":"Havoc","floor":23,"key":"SMITH"},{"data":"Shrug It Off","floor":25,"key":"SMITH"},{"data":"Heavy Blade","floor":27,"key":"SMITH"},{"data":"Havoc","floor":32,"key":"SMITH"},{"data":"Intimidate","floor":40,"key":"SMITH"},{"data":"Double Tap","floor":49,"key":"SMITH"}],"neow_cost":"NO_GOLD","seed_source_timestamp":240559000922400,"circlet_count":0,"master_deck":["AscendersBane","Strike_R","Defend_R","Defend_R","Bash","Inflame+1","Immolate","Heavy Blade+1","Shrug It Off+1","Uppercut+1","Power Through","Demon Form+1","Flex","Whirlwind","Intimidate+1","Reaper","Havoc+1","Battle Trance","Thunderclap","Havoc+1","Reaper","Demon Form","True Grit+1","Pummel","Double Tap+1","Pummel+1","Armaments","Limit Break","Infernal Blade+1"],"relics":["Burning Blood","Strawberry","Bottled Tornado","Blood Vial","Vajra","Potion Belt","Odd Mushroom","Coffee Dripper","Sundial","Pen Nib","Paper Frog","Meat on the Bone","Runic Pyramid","Singing Bowl","Ice Cream","Old Coin"],"potions_floor_usage":[21,28,30,50,50],"damage_taken":[{"damage":7,"enemies":"Jaw Worm","floor":1,"turns":2},{"damage":6,"enemies":"2 Louse","floor":3,"turns":2},{"damage":1,"enemies":"Cultist","floor":4,"turns":3},{"damage":29,"enemies":"Lagavulin","floor":7,"turns":6},{"damage":0,"enemies":"3 Louse","floor":10,"turns":1},{"damage":12,"enemies":"Gremlin Nob","floor":11,"turns":3},{"damage":11,"enemies":"Exordium Wildlife","floor":12,"turns":3},{"damage":7,"enemies":"Lagavulin","floor":13,"turns":5},{"damage":0,"enemies":"The Mushroom Lair","floor":14,"turns":2},{"damage":24,"enemies":"Hexaghost","floor":16,"turns":7},{"damage":15,"enemies":"Shell Parasite","floor":18,"turns":5},{"damage":25,"enemies":"2 Thieves","floor":19,"turns":3},{"damage":25,"enemies":"Chosen and Byrds","floor":21,"turns":5},{"damage":7,"enemies":"Gremlin Leader","floor":24,"turns":4},{"damage":35,"enemies":"Slavers","floor":28,"turns":5},{"damage":19,"enemies":"Snake Plant","floor":29,"turns":2},{"damage":25,"enemies":"Gremlin Leader","floor":30,"turns":4},{"damage":17,"enemies":"Collector","floor":33,"turns":6},{"damage":12,"enemies":"Orb Walker","floor":35,"turns":2},{"damage":28,"enemies":"3 Shapes","floor":36,"turns":4},{"damage":34,"enemies":"3 Darklings","floor":39,"turns":4},{"damage":14,"enemies":"Reptomancer","floor":41,"turns":4},{"damage":15,"enemies":"Spire Growth","floor":42,"turns":3},{"damage":37,"enemies":"Nemesis","floor":45,"turns":4},{"damage":69,"enemies":"4 Shapes","floor":46,"turns":3},{"damage":11,"enemies":"Transient","floor":47,"turns":5},{"damage":30,"enemies":"Time Eater","floor":50,"turns":5}],"seed_played":"-3129511273059172048","potions_obtained":[{"floor":1,"key":"Regen Potion"},{"floor":3,"key":"AttackPotion"},{"floor":13,"key":"SpeedPotion"},{"floor":21,"key":"SteroidPotion"},{"floor":28,"key":"Regen Potion"},{"floor":29,"key":"Energy Potion"},{"floor":35,"key":"GamblersBrew"},{"floor":45,"key":"Strength Potion"}],"is_trial":false,"path_per_floor":["M","?","M","M","?","R","E","R","T","M","E","M","E","?","R","B",null,"M","M","?","M","$","R","E","R","T","R","E","M","E","?","R","B",null,"M","M","$","?","M","R","E","M","T","$","E","M","M","?","R","B",null],"character_chosen":"IRONCLAD","items_purchased":["Battle Trance","Double Tap","Limit Break"],"campfire_rested":0,"item_purchase_floors":[22,37,44],"current_hp_per_floor":[71,60,60,65,69,69,46,46,46,54,50,47,48,56,56,40,75,68,67,50,46,46,46,47,47,47,47,58,47,60,60,60,92,92,92,92,92,92,86,86,82,75,75,75,87,96,93,93,93,95],"gold":467,"neow_bonus":"TRANSFORM_TWO_CARDS","is_prod":false,"is_daily":false,"chose_seed":false,"campfire_upgraded":9,"win_rate":0,"timestamp":1555770299,"path_taken":["M","?","M","M","?","R","E","R","T","M","E","M","E","?","R","BOSS","M","M","?","M","$","R","E","R","T","R","E","M","E","?","R","BOSS","M","M","?","?","M","R","E","M","T","$","E","M","?","?","R","BOSS"],"build_version":"2019-01-23","purchased_purges":3,"victory":true,"max_hp_per_floor":[80,80,80,80,87,87,87,87,87,87,87,87,87,87,87,87,87,87,87,92,92,92,92,92,92,92,92,92,92,92,92,92,92,92,92,92,92,92,92,92,94,94,94,94,96,96,98,98,98,98],"card_choices":[{"not_picked":["Dual Wield","Perfected Strike","Seeing Red"],"picked":"SKIP","floor":1},{"not_picked":["Sword Boomerang","Anger"],"picked":"Heavy Blade","floor":3},{"not_picked":["Warcry","Sentinel"],"picked":"Shrug It Off","floor":4},{"not_picked":["Twin Strike","Rupture"],"picked":"Uppercut","floor":7},{"not_picked":["Shrug It Off","Armaments"],"picked":"Power Through","floor":10},{"not_picked":["Sentinel","Thunderclap"],"picked":"Demon Form","floor":11},{"not_picked":["Shrug It Off","Whirlwind"],"picked":"Flex","floor":12},{"not_picked":["Headbutt","Body Slam"],"picked":"Whirlwind","floor":13},{"not_picked":["Wild Strike","Shrug It Off"],"picked":"Intimidate","floor":14},{"not_picked":["Dark Embrace","Barricade"],"picked":"Reaper","floor":16},{"not_picked":["Headbutt","Thunderclap"],"picked":"Havoc","floor":18},{"not_picked":["Perfected Strike","Inflame","Clash+1"],"picked":"SKIP","floor":19},{"not_picked":["Heavy Blade","Sword Boomerang","Body Slam"],"picked":"SKIP","floor":21},{"not_picked":["Pommel Strike","Demon Form","Fire Breathing"],"picked":"SKIP","floor":24},{"not_picked":["Headbutt","Rage"],"picked":"Thunderclap","floor":28},{"not_picked":["Clothesline","Flex","Metallicize"],"picked":"SKIP","floor":29},{"not_picked":["Heavy Blade","Rupture"],"picked":"Havoc","floor":30},{"not_picked":["Reaper","Dark Embrace"],"picked":"Demon Form","floor":33},{"not_picked":["Sword Boomerang","Shockwave"],"picked":"True Grit+1","floor":35},{"not_picked":["Evolve","Twin Strike"],"picked":"Pummel","floor":36},{"not_picked":["Cleave","Sword Boomerang+1"],"picked":"Pummel+1","floor":39},{"not_picked":["Rupture","Iron Wave+1","Perfected Strike"],"picked":"Singing Bowl","floor":41},{"not_picked":["Fire Breathing","Twin Strike"],"picked":"Armaments","floor":42},{"not_picked":["Corruption","Sword Boomerang+1","Anger"],"picked":"Singing Bowl","floor":45},{"not_picked":["Reaper","Corruption+1"],"picked":"Infernal Blade+1","floor":46},{"not_picked":["Pommel Strike","Wild Strike+1","Spot Weakness"],"picked":"Singing Bowl","floor":47}],"player_experience":601392,"relics_obtained":[{"floor":7,"key":"Bottled Tornado"},{"floor":9,"key":"Blood Vial"},{"floor":11,"key":"Vajra"},{"floor":13,"key":"Potion Belt"},{"floor":14,"key":"Odd Mushroom"},{"floor":24,"key":"Sundial"},{"floor":26,"key":"Pen Nib"},{"floor":28,"key":"Paper Frog"},{"floor":30,"key":"Meat on the Bone"},{"floor":41,"key":"Singing Bowl"},{"floor":43,"key":"Ice Cream"},{"floor":45,"key":"Old Coin"}],"event_choices":[{"damage_healed":0,"gold_gain":75,"player_choice":"Gather Gold","damage_taken":11,"max_hp_gain":0,"max_hp_loss":0,"event_name":"World of Goop","floor":2,"gold_loss":0},{"damage_healed":0,"gold_gain":0,"player_choice":"Success","damage_taken":3,"relics_obtained":["Strawberry"],"max_hp_gain":0,"max_hp_loss":0,"event_name":"Scrap Ooze","floor":5,"gold_loss":0},{"damage_healed":0,"gold_gain":0,"player_choice":"Fought Mushrooms","damage_taken":0,"max_hp_gain":0,"max_hp_loss":0,"event_name":"Mushrooms","floor":14,"gold_loss":0},{"damage_healed":0,"gold_gain":0,"player_choice":"Shed Blood","damage_taken":22,"max_hp_gain":5,"max_hp_loss":0,"event_name":"Forgotten Altar","floor":20,"gold_loss":0},{"damage_healed":0,"gold_gain":0,"player_choice":"1 cards matched","damage_taken":0,"max_hp_gain":0,"max_hp_loss":0,"event_name":"Match and Keep!","floor":31,"gold_loss":0,"cards_obtained":["Reaper"]},{"cards_removed":["Defend_R"],"damage_healed":0,"gold_gain":0,"player_choice":"Removed Skill","damage_taken":0,"max_hp_gain":0,"max_hp_loss":0,"event_name":"Falling","floor":38,"gold_loss":0},{"damage_healed":0,"gold_gain":0,"player_choice":"Bought 0 Potions","damage_taken":0,"max_hp_gain":0,"max_hp_loss":0,"event_name":"The Woman in Blue","floor":48,"gold_loss":0}],"is_beta":false,"boss_relics":[{"not_picked":["Busted Crown","Black Star"],"picked":"Coffee Dripper"},{"not_picked":["Black Blood","Empty Cage"],"picked":"Runic Pyramid"}],"items_purged_floors":[22,37,44],"is_endless":false,"potions_floor_spawned":[1,3,13,21,28,29,35,41,45],"ascension_level":12}