{"gold_per_floor":[110,127,52,52,66,66,85,112,112,12,12,44,59,74,74,177,177,192,202,202,8,39,68,68,68,68,68,80,80,114,126,126,222,222,233,233,243,257,310,310,310],"floor_reached":41,"playtime":2019,"items_purged":["Strike_B","Strike_B","Strike_B"],"score":489,"play_id":"ab16d3eb-b10a-4c0e-b77c-2755acc43034","local_time":"20190519165719","is_ascension_mode":true,"campfire_choices":[{"data":"Zap","floor":6,"key":"SMITH"},{"data":"Rip and Tear","floor":11,"key":"SMITH"},{"data":"Coolheaded","floor":15,"key":"SMITH"},{"floor":27,"key":"REST"},{"floor":29,"key":"REST"},{"floor":32,"key":"REST"},{"floor":40,"key":"REST"}],"neow_cost":"NONE","seed_source_timestamp":292451294195249,"circlet_count":0,"master_deck":["Defend_B","Defend_B","Defend_B","Defend_B","Zap+1","Dualcast","Cold Snap","Coolheaded+1","Conserve Battery","Cold Snap","Rip and Tear+1","Genetic Algorithm","Gash","Gash+1","Necronomicurse","Hologram","Ball Lightning","Coolheaded+1","Hologram+1","Buffer","Glacier","Compile Driver+1","Compile Driver"],"relics":["Cracked Core","Bronze Scales","Kunai","Singing Bowl","Cursed Key","Necronomicon","Red Mask","Orichalcum","Pocketwatch","Nuclear Battery","Emotion Chip"],"potions_floor_usage":[8,12,14,16,22,23,33,39,39],"damage_taken":[{"damage":0,"enemies":"2 Louse","floor":1,"turns":2},{"damage":0,"enemies":"Cultist","floor":2,"turns":3},{"damage":0,"enemies":"Small Slimes","floor":5,"turns":4},{"damage":0,"enemies":"Blue Slaver","floor":7,"turns":4},{"damage":1,"enemies":"Lagavulin","floor":8,"turns":9},{"damage":0,"enemies":"Gremlin Nob","floor":12,"turns":3},{"damage":1,"enemies":"3 Louse","floor":13,"turns":2},{"damage":5,"enemies":"Lots of Slimes","floor":14,"turns":3},{"damage":18,"enemies":"Hexaghost","floor":16,"turns":9},{"damage":0,"enemies":"Shell Parasite","floor":18,"turns":5},{"damage":8,"enemies":"2 Thieves","floor":19,"turns":4},{"damage":2,"enemies":"Masked Bandits","floor":22,"turns":4},{"damage":61,"enemies":"Gremlin Leader","floor":23,"turns":9},{"damage":0,"enemies":"3 Cultists","floor":28,"turns":6},{"damage":12,"enemies":"Book of Stabbing","floor":30,"turns":6},{"damage":0,"enemies":"Cultist and Chosen","floor":31,"turns":5},{"damage":71,"enemies":"Champ","floor":33,"turns":16},{"damage":0,"enemies":"3 Shapes","floor":35,"turns":5},{"damage":3,"enemies":"3 Darklings","floor":37,"turns":6},{"damage":7,"enemies":"Writhing Mass","floor":38,"turns":7},{"damage":51,"enemies":"2 Orb Walkers","floor":39,"turns":6},{"damage":57,"enemies":"Giant Head","floor":41,"turns":9}],"seed_played":"2166672527965961497","potions_obtained":[{"floor":0,"key":"Energy Potion"},{"floor":0,"key":"Regen Potion"},{"floor":0,"key":"Energy Potion"},{"floor":1,"key":"Fire Potion"},{"floor":8,"key":"SteroidPotion"},{"floor":13,"key":"Energy Potion"},{"floor":14,"key":"Strength Potion"},{"floor":16,"key":"FearPotion"},{"floor":19,"key":"Strength Potion"},{"floor":23,"key":"SteroidPotion"},{"floor":35,"key":"SneckoOil"}],"is_trial":false,"path_per_floor":["M","M","$","?","M","R","M","E","T","$","R","E","M","M","R","B",null,"M","M","?","$","?","E","$","?","T","R","M","R","E","M","R","B",null,"M","?","M","M","?","R","E"],"character_chosen":"DEFECT","items_purchased":["Hologram","Ball Lightning"],"campfire_rested":4,"item_purchase_floors":[21,21],"current_hp_per_floor":[75,75,75,75,75,75,75,74,74,74,74,74,75,70,70,54,79,79,73,57,57,55,11,11,11,11,35,35,59,49,51,77,6,87,87,87,86,79,28,54,0],"gold":310,"neow_bonus":"THREE_SMALL_POTIONS","is_prod":false,"is_daily":false,"chose_seed":false,"campfire_upgraded":3,"win_rate":0,"timestamp":1558299439,"path_taken":["M","M","$","?","M","R","?","E","T","?","R","E","?","M","R","BOSS","M","M","?","$","?","E","$","?","T","R","M","R","E","M","R","BOSS","M","?","M","?","?","R","E"],"build_version":"2019-05-07","purchased_purges":3,"victory":false,"max_hp_per_floor":[75,75,75,75,75,75,75,75,75,75,75,75,77,77,77,79,79,79,81,81,81,81,83,83,83,83,83,83,83,85,87,87,87,87,87,87,89,89,89,89,89],"card_choices":[{"not_picked":["Gash","Reprogram"],"picked":"Cold Snap","floor":1},{"not_picked":["Reinforced Body","Hologram"],"picked":"Coolheaded","floor":2},{"not_picked":["Consume","Heatsinks"],"picked":"Conserve Battery","floor":5},{"not_picked":["Lockon","Redo"],"picked":"Cold Snap","floor":7},{"not_picked":["Buffer","Redo"],"picked":"Rip and Tear","floor":8},{"not_picked":["Go for the Eyes","Cold Snap"],"picked":"Genetic Algorithm","floor":12},{"not_picked":["Turbo","Redo","Conserve Battery"],"picked":"Singing Bowl","floor":13},{"not_picked":["Barrage","Ball Lightning"],"picked":"Gash","floor":14},{"not_picked":["Thunder Strike","Machine Learning","Meteor Strike"],"picked":"Singing Bowl","floor":16},{"not_picked":["Heatsinks+1","Turbo+1"],"picked":"Gash+1","floor":18},{"not_picked":["Blizzard","Conserve Battery+1","Turbo"],"picked":"Singing Bowl","floor":19},{"not_picked":["Double Energy","Streamline"],"picked":"Coolheaded+1","floor":22},{"not_picked":["Rainbow","Skim","Barrage"],"picked":"Singing Bowl","floor":23},{"not_picked":["Sweeping Beam+1","Barrage"],"picked":"Hologram+1","floor":28},{"not_picked":["Barrage","Stack","Cold Snap"],"picked":"Singing Bowl","floor":30},{"not_picked":["Conserve Battery","Beam Cell","Leap+1"],"picked":"Singing Bowl","floor":31},{"not_picked":["Rainbow","Machine Learning"],"picked":"Buffer","floor":33},{"not_picked":["Cold Snap+1","Barrage+1"],"picked":"Glacier","floor":35},{"not_picked":["Steam+1","Fusion+1","Loop"],"picked":"Singing Bowl","floor":37},{"not_picked":["Force Field+1","Steam"],"picked":"Compile Driver+1","floor":38},{"not_picked":["Melter","Static Discharge"],"picked":"Compile Driver","floor":39}],"player_experience":1437440,"relics_obtained":[{"floor":8,"key":"Bronze Scales"},{"floor":9,"key":"Kunai"},{"floor":12,"key":"Singing Bowl"},{"floor":20,"key":"Necronomicon"},{"floor":22,"key":"Red Mask"},{"floor":23,"key":"Orichalcum"},{"floor":30,"key":"Pocketwatch"},{"floor":39,"key":"Emotion Chip"}],"event_choices":[{"cards_removed":["Strike_B"],"damage_healed":0,"gold_gain":0,"player_choice":"Purged","damage_taken":0,"max_hp_gain":0,"max_hp_loss":0,"event_name":"Purifier","floor":4,"gold_loss":0},{"damage_healed":0,"gold_gain":0,"player_choice":"Obtained Book","damage_taken":16,"max_hp_gain":0,"max_hp_loss":0,"event_name":"Cursed Tome","floor":20,"gold_loss":0},{"damage_healed":0,"gold_gain":0,"player_choice":"Fought Bandits","damage_taken":0,"max_hp_gain":0,"max_hp_loss":0,"event_name":"Masked Bandits","floor":22,"gold_loss":0},{"damage_healed":0,"gold_gain":0,"player_choice":"Smashed Altar","damage_taken":0,"max_hp_gain":0,"max_hp_loss":0,"event_name":"Forgotten Altar","floor":25,"gold_loss":0,"cards_obtained":["Decay"]},{"cards_removed":["Doubt","Decay"],"damage_healed":0,"gold_gain":0,"player_choice":"Removed Curses","damage_taken":0,"max_hp_gain":0,"max_hp_loss":0,"event_name":"Fountain of Cleansing","floor":36,"gold_loss":0},{"damage_healed":0,"gold_gain":0,"player_choice":"Fight","damage_taken":0,"max_hp_gain":0,"max_hp_loss":0,"event_name":"Mysterious Sphere","floor":39,"gold_loss":0}],"is_beta":true,"boss_relics":[{"not_picked":["Coffee Dripper","White Beast Statue"],"picked":"Cursed Key"},{"not_picked":["Runic Dome","FrozenCore"],"picked":"Nuclear Battery"}],"items_purged_floors":[3,10,21],"is_endless":false,"potions_floor_spawned":[1,8,13,14,16,18,19,23,35],"killed_by":"Giant Head","ascension_level":1}