{"gold_per_floor":[219,294,308,308,9,41,41,41,41,41,74,74,74,92,92,192,192,204,204,228,328,340,53,53,87,87,105,105,105,55,73,73,176,176,195,195,207,219,234,12,22,22,67,67,77,77,91,91,91,91],"floor_reached":50,"playtime":2724,"items_purged":[],"score":493,"play_id":"08726e85-cdfc-498c-b690-9d9b57f21176","local_time":"20180904104936","is_ascension_mode":false,"campfire_choices":[{"floor":7,"key":"REST"},{"floor":10,"key":"REST"},{"data":"Fusion","floor":12,"key":"SMITH"},{"data":"Zap","floor":15,"key":"SMITH"},{"floor":24,"key":"REST"},{"floor":28,"key":"REST"},{"floor":32,"key":"REST"},{"floor":44,"key":"REST"},{"data":"Consume","floor":46,"key":"SMITH"},{"floor":49,"key":"REST"}],"neow_cost":"NONE","seed_source_timestamp":1523843433985994,"circlet_count":0,"master_deck":["Strike_B","Strike_B+1","Strike_B","Strike_B","Defend_B","Defend_B","Defend_B","Defend_B","Zap+1","Dualcast","Barrage","Hologram","Coolheaded","Ball Lightning","Self Repair","Ball Lightning","Fusion+1","Blind","Zap+1","Cold Snap","Thunder Strike","Cold Snap","J.A.X.","Rebound","Gash","Loop","Rip and Tear","Doom and Gloom","Zap","Hello World","Core Surge","Cold Snap","Secret Technique","Consume+1","Steam","Defragment","Rip and Tear+1","Redo"],"relics":["FrozenCore","DataDisk","Kunai","Darkstone Periapt","Bag of Marbles","Busted Crown","Lantern","Unceasing Top","Smiling Mask","Cables","Pantograph","Mercury Hourglass","Bronze Scales","Boot"],"potions_floor_usage":[11,21,27,27,27,33,38,50,50,50],"damage_taken":[{"damage":1,"enemies":"Jaw Worm","floor":1,"turns":4},{"damage":4,"enemies":"2 Louse","floor":3,"turns":3},{"damage":18,"enemies":"3 Sentries","floor":6,"turns":6},{"damage":14,"enemies":"Gremlin Nob","floor":11,"turns":3},{"damage":0,"enemies":"Cultist","floor":14,"turns":2},{"damage":48,"enemies":"Hexaghost","floor":16,"turns":10},{"damage":15,"enemies":"3 Byrds","floor":18,"turns":5},{"damage":20,"enemies":"Colosseum Slavers","floor":21,"turns":3},{"damage":35,"enemies":"Colosseum Nobs","floor":21,"turns":5},{"damage":14,"enemies":"2 Thieves","floor":22,"turns":4},{"damage":38,"enemies":"Slavers","floor":25,"turns":5},{"damage":3,"enemies":"Cultist and Chosen","floor":27,"turns":3},{"damage":9,"enemies":"Snake Plant","floor":31,"turns":3},{"damage":59,"enemies":"Champ","floor":33,"turns":8},{"damage":1,"enemies":"3 Darklings","floor":35,"turns":7},{"damage":7,"enemies":"Orb Walker","floor":37,"turns":3},{"damage":17,"enemies":"Reptomancer","floor":38,"turns":5},{"damage":8,"enemies":"3 Darklings","floor":39,"turns":5},{"damage":6,"enemies":"Maw","floor":41,"turns":6},{"damage":16,"enemies":"Reptomancer","floor":45,"turns":6},{"damage":5,"enemies":"3 Darklings","floor":47,"turns":4},{"damage":84,"enemies":"Donu and Deca","floor":50,"turns":10}],"seed_played":"-8246508848600103604","potions_obtained":[{"floor":6,"key":"Explosive Potion"},{"floor":16,"key":"Regen Potion"},{"floor":21,"key":"Strength Potion"},{"floor":25,"key":"EntropicBrew"},{"floor":35,"key":"FearPotion"},{"floor":39,"key":"EssenceOfSteel"},{"floor":47,"key":"Swift Potion"}],"is_trial":false,"path_per_floor":["M","?","M","?","$","E","R","?","T","R","E","R","?","M","R","B",null,"M","?","T","?","M","$","R","E","T","M","R","?","?","M","R","B",null,"M","?","M","M","M","$","M","?","T","R","M","R","M","?","R"],"character_chosen":"DEFECT","items_purchased":["DataDisk","Coolheaded","Ball Lightning","Self Repair","Cables","Loop","Defragment","Bronze Scales"],"campfire_rested":7,"item_purchase_floors":[5,5,5,5,23,23,40,40],"current_hp_per_floor":[74,63,59,44,44,33,55,55,55,75,68,68,68,68,68,20,75,67,67,67,31,24,24,46,15,15,19,41,47,47,38,62,22,81,81,81,81,71,63,63,64,64,64,81,72,72,67,67,81,0],"gold":91,"neow_bonus":"HUNDRED_GOLD","is_prod":false,"is_daily":false,"chose_seed":false,"campfire_upgraded":3,"win_rate":0,"timestamp":1536072576,"path_taken":["M","?","M","?","$","E","R","?","T","R","E","R","?","M","R","BOSS","M","?","?","?","?","$","R","E","T","M","R","?","?","M","R","BOSS","M","?","?","M","M","$","M","?","T","R","M","R","M","?","R","BOSS"],"build_version":"2018-08-30","purchased_purges":0,"victory":false,"max_hp_per_floor":[75,75,75,75,75,75,75,75,75,75,75,75,75,75,75,75,75,75,75,75,75,75,75,75,75,75,75,75,81,81,81,81,81,81,81,81,81,81,81,81,81,81,81,81,81,81,81,81,81,81],"card_choices":[{"not_picked":["Streamline","Rebound"],"picked":"Barrage","floor":1},{"not_picked":["Blizzard","Recycle"],"picked":"Hologram","floor":3},{"not_picked":["Rebound","Amplify"],"picked":"Ball Lightning","floor":6},{"not_picked":["White Noise","Stack"],"picked":"Fusion","floor":11},{"not_picked":["Streamline","Hologram"],"picked":"Cold Snap","floor":14},{"not_picked":["Amplify","Reboot"],"picked":"Thunder Strike","floor":16},{"not_picked":[],"picked":"Cold Snap","floor":18},{"not_picked":[],"picked":"Rebound","floor":21},{"not_picked":[],"picked":"Gash","floor":22},{"not_picked":[],"picked":"Rip and Tear","floor":25},{"not_picked":[],"picked":"Doom and Gloom","floor":27},{"not_picked":[],"picked":"Hello World","floor":31},{"not_picked":[],"picked":"Core Surge","floor":33},{"not_picked":[],"picked":"Cold Snap","floor":35},{"not_picked":[],"picked":"Secret Technique","floor":36},{"not_picked":[],"picked":"Consume","floor":37},{"not_picked":[],"picked":"Steam","floor":38},{"not_picked":["Heatsinks"],"picked":"SKIP","floor":39},{"not_picked":[],"picked":"Rip and Tear+1","floor":41},{"not_picked":[],"picked":"Redo","floor":45},{"not_picked":["Turbo+1"],"picked":"SKIP","floor":47}],"player_experience":107849,"relics_obtained":[{"floor":6,"key":"Kunai"},{"floor":9,"key":"Darkstone Periapt"},{"floor":11,"key":"Bag of Marbles"},{"floor":20,"key":"Lantern"},{"floor":21,"key":"Unceasing Top"},{"floor":21,"key":"Smiling Mask"},{"floor":25,"key":"Pantograph"},{"floor":26,"key":"Mercury Hourglass"},{"floor":43,"key":"Boot"}],"event_choices":[{"event_name":"World of Goop","player_choice":"Gather Gold","floor":2,"damage_taken":0},{"event_name":"Shining Light","player_choice":"Entered Light","floor":4,"damage_taken":0},{"event_name":"Liars Game","player_choice":"disagreed","floor":8,"damage_taken":0},{"event_name":"Match and Keep!","player_choice":"2 cards matched","floor":13,"damage_taken":0},{"event_name":"Drug Dealer","player_choice":"Got JAX","floor":19,"damage_taken":0},{"event_name":"Colosseum","player_choice":"Fight","floor":21,"damage_taken":0},{"event_name":"Colosseum","player_choice":"Fought Nobs","floor":21,"damage_taken":0},{"event_name":"Match and Keep!","player_choice":"2 cards matched","floor":29,"damage_taken":0},{"event_name":"The Joust","player_choice":"Bet on Owner","floor":30,"damage_taken":0},{"event_name":"SensoryStone","player_choice":"Memory 1","floor":36,"damage_taken":0},{"event_name":"Tomb of Lord Red Mask","player_choice":"Ignored","floor":42,"damage_taken":0},{"event_name":"Purifier","player_choice":"One Purge","floor":48,"damage_taken":0}],"is_beta":false,"boss_relics":[{"not_picked":["Nuclear Battery","Philosopher\u0027s Stone"],"picked":"Busted Crown"},{"not_picked":["Fusion Hammer","Calling Bell"],"picked":"FrozenCore"}],"items_purged_floors":[],"is_endless":false,"potions_floor_spawned":[6,16,21,21,25,35,39,47],"killed_by":"Donu and Deca","ascension_level":0}