{"path_per_floor":["M","M","$","?","M","E","R","?","T","R","M","M","$","M","R","B",null,"M","?","M","M","$","R","M","?","T","E","M","M","R","?","R","B",null,"M","M","?","?","$","R","E","M","T","R","M","M","M","?","R","B"],"character_chosen":"DEFECT","items_purchased":["Juzu Bracelet","Frozen Egg 2","Apotheosis"],"gold_per_floor":[144,189,39,39,84,174,174,174,174,174,219,264,14,59,59,359,359,359,359,359,359,145,145,145,145,145,145,145,145,145,145,145,145,145,145,145,145,145,145,145,145,145,145,145,145,145,145,145,145,145],"floor_reached":51,"campfire_rested":9,"playtime":7549,"current_hp_per_floor":[75,75,75,75,75,75,75,60,60,75,75,66,66,73,75,43,75,75,65,65,61,61,75,72,72,72,60,66,58,75,75,75,51,75,58,48,48,48,48,70,75,75,75,75,75,75,62,85,85,22],"items_purged":[],"gold":145,"score":701,"play_id":"8a299ddf-6303-471b-8e0d-519d0e049902","local_time":"20180503220521","daily_mods":["Insanity","Midas","Uncertain Future"],"is_prod":false,"is_daily":true,"chose_seed":false,"is_ascension_mode":false,"campfire_upgraded":0,"timestamp":1525377921,"path_taken":["M","M","$","?","M","E","R","?","T","R","M","M","?","M","R","BOSS","M","?","M","M","$","R","M","?","T","E","M","M","R","?","R","BOSS","M","M","?","?","$","R","E","M","T","R","M","M","M","?","R","BOSS"],"build_version":"2018-05-02","seed_source_timestamp":0,"purchased_purges":1,"victory":true,"master_deck":["Steam Power","Defend_B","Conserve Battery","Recycle","Buffer","Rebound","Leap","Sweeping Beam","Hello World","Impulse","Aggregate","Turbo","Double Energy","Nova","Thunder Strike+1","Undo","Scrape+1","Chill+1","Capacitor","Steam Power","Impulse","Ball Lightning","All For One","Streamline","Recycle","Self Repair","Sunder","Scrape","Leap","Consume","Beam Cell","Chill","Chill","Buffer+1","Buffer","Self Repair","Doom and Gloom","Genetic Algorithm","Storm","Storm","Echo Form","Amplify","Cold Snap","Darkness","Glacier","Sweeping Beam","Scrape","Chaos","BootSequence","Tempest","Axe Kick+1","Defragment+1","Apotheosis","Seek","Echo Form+1","Auto Shields+1","Parasite","Heatsinks+1","Capacitor+1"],"max_hp_per_floor":[75,75,75,75,75,75,75,75,75,75,75,75,75,75,75,75,75,75,75,75,75,75,75,75,75,75,75,75,75,75,75,75,75,75,75,75,75,75,75,75,75,75,75,75,75,75,75,85,85,85],"relics":["Cracked Core","Juzu Bracelet","Pantograph","Frozen Egg 2","Ectoplasm","Red Mask","Nloth\u0027s Gift","Whetstone","Anchor","Cursed Key","Blue Candle","Centennial Puzzle"],"card_choices":[{"not_picked":["Capacitor","Coolheaded"],"picked":"BootSequence","floor":5},{"not_picked":["Barrage","Gash"],"picked":"Tempest","floor":14},{"not_picked":["Steam Power","Sweeping Beam"],"picked":"Axe Kick","floor":20},{"not_picked":["Leap","Streamline"],"picked":"Defragment","floor":21},{"not_picked":["Capacitor","Leap"],"picked":"Seek","floor":27},{"not_picked":["Redo","Hyperbeam"],"picked":"Echo Form","floor":33},{"not_picked":["Cold Snap","Leap"],"picked":"Auto Shields","floor":35},{"not_picked":["Ball Lightning","Fusion"],"picked":"Heatsinks","floor":45},{"not_picked":["Turbo","Self Repair"],"picked":"Capacitor","floor":46}],"player_experience":265387,"potions_floor_usage":[16,27,28,45,50,50,50],"damage_taken":[{"damage":3,"enemies":"Cultist","floor":1,"turns":4},{"damage":0,"enemies":"Small Slimes","floor":2,"turns":3},{"damage":0,"enemies":"2 Louse","floor":5,"turns":3},{"damage":3,"enemies":"Gremlin Nob","floor":6,"turns":6},{"damage":0,"enemies":"2 Fungi Beasts","floor":11,"turns":3},{"damage":16,"enemies":"Exordium Thugs","floor":12,"turns":6},{"damage":0,"enemies":"Looter","floor":14,"turns":4},{"damage":50,"enemies":"The Guardian","floor":16,"turns":8},{"damage":0,"enemies":"Chosen","floor":18,"turns":3},{"damage":10,"enemies":"Masked Bandits","floor":19,"turns":5},{"damage":0,"enemies":"Shell Parasite","floor":20,"turns":3},{"damage":11,"enemies":"Snecko","floor":21,"turns":5},{"damage":13,"enemies":"Snake Plant","floor":24,"turns":5},{"damage":12,"enemies":"Gremlin Leader","floor":27,"turns":4},{"damage":8,"enemies":"3 Cultists","floor":28,"turns":5},{"damage":8,"enemies":"Snecko","floor":29,"turns":3},{"damage":24,"enemies":"Collector","floor":33,"turns":9},{"damage":17,"enemies":"Flame Bruiser 1 Orb","floor":35,"turns":5},{"damage":17,"enemies":"Orb Walker","floor":36,"turns":4},{"damage":11,"enemies":"Nemesis","floor":41,"turns":7},{"damage":8,"enemies":"4 Shapes","floor":42,"turns":6},{"damage":5,"enemies":"Sphere and 2 Shapes","floor":45,"turns":3},{"damage":10,"enemies":"3 Darklings","floor":46,"turns":4},{"damage":33,"enemies":"4 Shapes","floor":47,"turns":5},{"damage":82,"enemies":"Awakened One","floor":50,"turns":10}],"event_choices":[{"event_name":"Transmorgrifier","player_choice":"Transform","floor":4,"damage_taken":0},{"event_name":"Shining Light","player_choice":"Entered Light","floor":8,"damage_taken":0},{"event_name":"Masked Bandits","player_choice":"Fought over 359 gold","floor":19,"damage_taken":0},{"event_name":"N\u0027loth","player_choice":"Traded a Kunai","floor":25,"damage_taken":0},{"event_name":"Drug Dealer","player_choice":"Ignored","floor":31,"damage_taken":0},{"event_name":"The Lab","player_choice":"Got Potions","floor":37,"damage_taken":0},{"event_name":"Bonfire Elementals","player_choice":"RARE","floor":48,"damage_taken":0}],"boss_relics":[{"not_picked":["Astrolabe","Runic Pyramid"],"picked":"Ectoplasm"},{"not_picked":["Calling Bell","Orrery"],"picked":"Cursed Key"}],"potions_floor_spawned":[6,14,19,21,27,28,35,41,46],"seed_played":"-5591819847720032875","ascension_level":0,"is_trial":false}