{"path_per_floor":["M","?","?","M","$","E","R","E","T","M","M","?","?","M","R","B",null,"M","?","M","$","?","E","R","?","T","M","M","?","E","$","R"],"character_chosen":"IRONCLAD","items_purchased":["Bag of Preparation","Anger"],"gold_per_floor":[117,67,142,157,3,36,36,70,150,168,181,181,181,195,195,296,296,307,222,232,157,127,159,159,159,159,179,192,192,221,73,73],"floor_reached":33,"campfire_rested":2,"playtime":2838,"current_hp_per_floor":[72,72,61,60,60,22,43,29,29,24,17,17,5,10,31,26,72,72,72,71,71,71,60,60,47,47,34,39,64,65,65,65],"items_purged":["Strike_R","Strike_R"],"gold":73,"score":293,"play_id":"b6ca7c6c-414e-4eed-895b-33882d68d938","is_prod":false,"is_daily":false,"is_ascension_mode":false,"campfire_upgraded":2,"path_taken":["M","?","?","M","?","E","R","E","T","M","M","?","?","M","R","BOSS","M","?","M","$","?","E","R","?","T","?","M","?","E","$","R","BOSS"],"build_version":"2018-02-15-BETA1","purchased_purges":2,"victory":false,"master_deck":["Strike_R","Strike_R","Strike_R","Defend_R","Defend_R","Defend_R","Bash","Inflame+1","Berserk","Shrug It Off","Spot Weakness","Flex","Reaper","Rampage+1","Flex","Flex","Heavy Blade+1","Twin Strike","Anger"],"max_hp_per_floor":[72,72,72,72,72,72,72,72,72,72,72,72,72,72,72,72,72,72,72,72,72,72,72,72,77,77,77,77,77,77,77,77],"relics":["Burning Blood","Du-Vu Doll","Bag of Preparation","Omamori","Bronze Scales","Dodecahedron","Peace Pipe","Centennial Puzzle","Cursed Key","Letter Opener","Bag of Marbles","Blood Vial","Meat on the Bone"],"card_choices":[{"not_picked":["Pommel Strike","Iron Wave"],"picked":"Inflame"},{"not_picked":["Power Through","Sever Soul"],"picked":"Berserk"},{"not_picked":["Body Slam","Iron Wave"],"picked":"Shrug It Off"},{"not_picked":["Bludgeon","Clothesline"],"picked":"Spot Weakness"},{"not_picked":["Heavy Blade","Sever Soul"],"picked":"Flex"},{"not_picked":["Bludgeon","Barricade"],"picked":"Reaper"},{"not_picked":["Dropkick","Sword Boomerang"],"picked":"Rampage"},{"not_picked":["Second Wind","Sword Boomerang"],"picked":"Flex"},{"not_picked":["Shrug It Off","Wild Strike"],"picked":"Flex"},{"not_picked":["Reckless Charge","Dropkick"],"picked":"Heavy Blade"},{"not_picked":["Fiend Fire","Perfected Strike"],"picked":"Twin Strike"}],"player_experience":33943,"potions_floor_usage":[14,14,14,18,23,23,28,33],"damage_taken":[{"damage":6.0,"enemies":"Cultist","floor":1.0,"turns":3.0},{"damage":7.0,"enemies":"2 Louse","floor":4.0,"turns":4.0},{"damage":44.0,"enemies":"3 Sentries","floor":6.0,"turns":9.0},{"damage":20.0,"enemies":"Gremlin Nob","floor":8.0,"turns":4.0},{"damage":11.0,"enemies":"Jaw Worm","floor":10.0,"turns":3.0},{"damage":13.0,"enemies":"Red Slaver","floor":11.0,"turns":4.0},{"damage":1,"enemies":"Exordium Wildlife","floor":14,"turns":3},{"damage":11,"enemies":"Hexaghost","floor":16,"turns":7},{"damage":0,"enemies":"3 Byrds","floor":18,"turns":3},{"damage":7,"enemies":"Shell Parasite","floor":20,"turns":3},{"damage":43,"enemies":"Slavers","floor":23,"turns":5},{"damage":21,"enemies":"Snake Plant","floor":27,"turns":2},{"damage":15,"enemies":"Snecko","floor":28,"turns":4},{"damage":25,"enemies":"Book of Stabbing","floor":30,"turns":3},{"damage":81,"enemies":"Champ","floor":33,"turns":7}],"event_choices":[{"event_name":"The Cleric","player_choice":"Card Removal","floor":2.0,"damage_taken":0.0},{"event_name":"World of Goop","player_choice":"Gather Gold","floor":3.0,"damage_taken":0.0},{"event_name":"Big Fish","player_choice":"Box","floor":12.0,"damage_taken":0.0},{"event_name":"Scrap Ooze","player_choice":"success","floor":13.0,"damage_taken":12.0},{"event_name":"Addict","player_choice":"Obtained Relic","floor":19,"damage_taken":0},{"event_name":"The Woman in Blue","player_choice":"Bought 2 Potions","floor":22,"damage_taken":0},{"event_name":"Forgotten Altar","player_choice":"Shed Blood","floor":25,"damage_taken":0},{"event_name":"The Library","player_choice":"Heal","floor":29,"damage_taken":0}],"boss_relics":[{"not_picked":["Tiny House","Velvet Choker"],"picked":"Cursed Key"}],"potions_floor_spawned":[4,6,11,14,20,23,27],"seed_played":"-5772619238800790083","killed_by":"Champ","ascension_level":0,"is_trial":false}