{"gold_per_floor":[116,116,132,152,170,170,170,199,199,199,234,234,214,232,232,232],"floor_reached":16,"playtime":1856,"items_purged":[],"score":135,"play_id":"8df922f3-8800-40ca-8d64-a051e7152e50","local_time":"20190510115815","is_ascension_mode":false,"campfire_choices":[{"floor":6,"key":"RECALL"},{"data":"Feed","floor":10,"key":"SMITH"},{"floor":15,"key":"REST"}],"neow_cost":"NONE","seed_source_timestamp":262663556290999,"circlet_count":0,"master_deck":["Strike_R","Strike_R","Strike_R","Strike_R","Defend_R","Defend_R","Defend_R","Defend_R","Bash","Feed+1","Cleave","Dark Embrace","Good Instincts","Flex","Heavy Blade","Bludgeon+1","Shrug It Off"],"relics":["Burning Blood","Frozen Egg 2","Dodecahedron","Anchor"],"potions_floor_usage":[8,16,16,16],"damage_taken":[{"damage":4,"enemies":"Small Slimes","floor":1,"turns":5},{"damage":1,"enemies":"Cultist","floor":3,"turns":4},{"damage":15,"enemies":"Jaw Worm","floor":4,"turns":4},{"damage":27,"enemies":"2 Fungi Beasts","floor":5,"turns":7},{"damage":27,"enemies":"Gremlin Nob","floor":8,"turns":4},{"damage":35,"enemies":"Lagavulin","floor":11,"turns":6},{"damage":0,"enemies":"Large Slime","floor":14,"turns":5},{"damage":47,"enemies":"The Guardian","floor":16,"turns":7}],"seed_played":"6190780287061990416","potions_obtained":[{"floor":5,"key":"Explosive Potion"},{"floor":8,"key":"EssenceOfSteel"},{"floor":11,"key":"Weak Potion"},{"floor":13,"key":"SpeedPotion"}],"is_trial":false,"path_per_floor":["M","?","M","M","M","R","?","E","T","R","E","?","?","M","R","B"],"character_chosen":"IRONCLAD","items_purchased":[],"campfire_rested":1,"item_purchase_floors":[],"current_hp_per_floor":[83,83,86,80,62,62,55,37,37,37,12,12,12,18,47,0],"gold":232,"neow_bonus":"ONE_RANDOM_RARE_CARD","is_prod":false,"is_daily":false,"chose_seed":false,"campfire_upgraded":1,"win_rate":0,"timestamp":1557482295,"path_taken":["M","?","M","?","M","R","?","E","T","R","E","?","?","?","R","BOSS"],"build_version":"2019-05-07","purchased_purges":0,"victory":false,"max_hp_per_floor":[83,83,86,89,92,92,92,95,95,95,99,99,99,99,99,99],"card_choices":[{"not_picked":["Anger","Wild Strike"],"picked":"Cleave","floor":1},{"not_picked":["Dropkick","Hemokinesis"],"picked":"Flex","floor":3},{"not_picked":["Armaments","Headbutt"],"picked":"Heavy Blade","floor":4},{"not_picked":["Feel No Pain","Pommel Strike","Twin Strike"],"picked":"SKIP","floor":5},{"not_picked":["Uppercut","Cleave"],"picked":"Bludgeon","floor":8},{"not_picked":["Corruption+1","Entrench","Clothesline"],"picked":"SKIP","floor":11},{"not_picked":["Flame Barrier","Twin Strike"],"picked":"Shrug It Off","floor":14}],"player_experience":349351,"relics_obtained":[{"floor":8,"key":"Frozen Egg 2"},{"floor":9,"key":"Dodecahedron"},{"floor":11,"key":"Anchor"}],"event_choices":[{"damage_healed":0,"gold_gain":0,"player_choice":"2 cards matched","damage_taken":0,"max_hp_gain":0,"max_hp_loss":0,"event_name":"Match and Keep!","floor":2,"gold_loss":0,"cards_obtained":["Dark Embrace","Good Instincts"]},{"cards_removed":["Strike_R"],"damage_healed":0,"gold_gain":0,"player_choice":"Card Removal","damage_taken":7,"max_hp_gain":0,"max_hp_loss":0,"event_name":"Golden Wing","floor":7,"gold_loss":0},{"damage_healed":0,"gold_gain":0,"player_choice":"Grow","damage_taken":0,"max_hp_gain":0,"max_hp_loss":0,"event_name":"Living Wall","floor":12,"gold_loss":0,"cards_upgraded":["Bludgeon"]},{"damage_healed":0,"gold_gain":0,"player_choice":"Bought 1 Potion","damage_taken":0,"max_hp_gain":0,"max_hp_loss":0,"event_name":"The Woman in Blue","floor":13,"gold_loss":0}],"is_beta":true,"boss_relics":[],"items_purged_floors":[],"is_endless":false,"potions_floor_spawned":[5,8,11],"killed_by":"The Guardian","ascension_level":0}