{"path_per_floor":["M","M","?","M","$","E","R","M","T","R","M","R","M","M","R","B",null,"M","$","?","$","M","R","E","?","T","?","M","R","T","$","R","B",null,"M","$","?","?","M","R","?","R","T","$","R","M","R","M","R"],"character_chosen":"DEFECT","items_purchased":["Bag of Preparation","Capacitor","Whetstone","Hello World+1"],"gold_per_floor":[114,129,129,144,69,99,99,114,139,139,154,154,169,184,184,284,284,299,149,149,26,30,30,60,60,60,60,75,75,150,0,0,100,100,115,77,105,105,120,120,0,0,0,0,0,15,15,30,30,30],"floor_reached":50,"campfire_rested":4,"playtime":2662,"item_purchase_floors":[19,21,31,36],"current_hp_per_floor":[70,70,70,69,69,53,53,46,46,46,46,46,43,43,43,1,64,63,62,46,46,46,58,56,56,55,54,42,42,42,42,49,23,47,46,45,37,43,42,41,40,39,38,37,36,8,18,8,17,0],"items_purged":["Strike_B","Zap"],"gold":30,"score":483,"play_id":"1e68b013-4b80-4a5d-8e6d-6ed7a9111496","local_time":"20180520031631","daily_mods":["Specialized","Binary","Terminal"],"is_prod":false,"is_daily":true,"chose_seed":false,"is_ascension_mode":false,"campfire_upgraded":8,"timestamp":1526778991,"campfire_choices":[{"data":"Melter","floor":7,"key":"SMITH"},{"data":"Static Discharge","floor":10,"key":"SMITH"},{"data":"Leap","floor":12,"key":"SMITH"},{"data":"Capacitor","floor":15,"key":"SMITH"},{"floor":23,"key":"REST"},{"data":"Static Discharge","floor":29,"key":"SMITH"},{"floor":32,"key":"REST"},{"data":"Nova","floor":40,"key":"SMITH"},{"data":"Nova","floor":42,"key":"SMITH"},{"data":"Thunder Strike","floor":45,"key":"SMITH"},{"floor":47,"key":"REST"},{"floor":49,"key":"REST"}],"path_taken":["M","M","?","M","$","E","R","M","T","R","M","R","M","?","R","BOSS","M","$","?","$","M","R","E","?","T","?","?","R","?","$","R","BOSS","M","$","?","?","M","R","?","R","T","$","R","M","R","M","R","BOSS"],"build_version":"2018-05-18","seed_source_timestamp":81981520149235,"purchased_purges":2,"victory":false,"master_deck":["Defend_B","Defend_B","Defend_B","Defend_B","Dualcast","Nova+1","Nova+1","Nova+1","Nova+1","Sweeping Beam","Ball Lightning+1","Skim","Melter+1","Static Discharge+1","Leap+1","Capacitor+1","Thunder Strike+1","Reprogram+1","Multi-Cast+1","Force Field+1","BootSequence+1","Capacitor","Turbo","Static Discharge+1","All For One","Biased Cognition+1","Rebound+1","Hello World+1","Writhe","Injury","White Noise+1"],"max_hp_per_floor":[73,72,71,70,69,75,74,73,72,71,70,69,68,67,66,65,64,63,62,61,60,59,58,57,56,55,54,53,52,51,50,49,48,47,46,45,44,43,42,41,40,39,38,37,36,35,34,33,32,32],"relics":["Cracked Core","Strawberry","Anchor","Astrolabe","Bag of Preparation","Enchiridion","Gremlin Horn","Frozen Egg 2","Question Card","Whetstone","Cursed Key","Peace Pipe","Red Mask","The Courier"],"card_choices":[{"not_picked":["Barrage"],"picked":"Sweeping Beam","floor":1},{"not_picked":["Go for the Eyes"],"picked":"Ball Lightning","floor":2},{"not_picked":["Coolheaded"],"picked":"Skim","floor":4},{"not_picked":["Beam Cell"],"picked":"Melter","floor":6},{"not_picked":["Leap"],"picked":"Static Discharge","floor":8},{"not_picked":["Steam"],"picked":"Leap","floor":11},{"not_picked":["Barrage","Force Field"],"picked":"SKIP","floor":13},{"not_picked":["Meteor Strike"],"picked":"Capacitor","floor":14},{"not_picked":["Buffer"],"picked":"Thunder Strike","floor":16},{"not_picked":["Barrage+1"],"picked":"BootSequence+1","floor":18},{"not_picked":["Doom and Gloom"],"picked":"Turbo","floor":22},{"not_picked":["Aggregate"],"picked":"Static Discharge","floor":24},{"not_picked":["Sweeping Beam+1","Scrape"],"picked":"SKIP","floor":28},{"not_picked":["Fission","Amplify"],"picked":"Biased Cognition+1","floor":33},{"not_picked":["Ball Lightning+1","Blizzard"],"picked":"Rebound+1","floor":35},{"not_picked":["Rebound+1","Cold Snap","Streamline"],"picked":"SKIP","floor":39},{"not_picked":["Beam Cell","Cold Snap","Auto Shields"],"picked":"SKIP","floor":46},{"not_picked":["Hyperbeam","Steam+1"],"picked":"White Noise+1","floor":48}],"player_experience":290394,"potions_floor_usage":[8,16,33,33,50,50],"damage_taken":[{"damage":4,"enemies":"Jaw Worm","floor":1,"turns":4},{"damage":0,"enemies":"Cultist","floor":2,"turns":4},{"damage":1,"enemies":"2 Louse","floor":4,"turns":2},{"damage":23,"enemies":"Lagavulin","floor":6,"turns":6},{"damage":7,"enemies":"Gremlin Gang","floor":8,"turns":2},{"damage":0,"enemies":"Looter","floor":11,"turns":2},{"damage":3,"enemies":"2 Fungi Beasts","floor":13,"turns":3},{"damage":0,"enemies":"Exordium Wildlife","floor":14,"turns":5},{"damage":42,"enemies":"Hexaghost","floor":16,"turns":9},{"damage":0,"enemies":"Chosen","floor":18,"turns":6},{"damage":0,"enemies":"2 Thieves","floor":22,"turns":4},{"damage":2,"enemies":"Book of Stabbing","floor":24,"turns":4},{"damage":12,"enemies":"Centurion and Healer","floor":28,"turns":3},{"damage":36,"enemies":"Champ","floor":33,"turns":8},{"damage":0,"enemies":"3 Shapes","floor":35,"turns":3},{"damage":8,"enemies":"Mysterious Sphere","floor":37,"turns":3},{"damage":0,"enemies":"Flame Bruiser 1 Orb","floor":39,"turns":3},{"damage":28,"enemies":"Spire Growth","floor":46,"turns":4},{"damage":10,"enemies":"4 Shapes","floor":48,"turns":4},{"damage":27,"enemies":"Donu and Deca","floor":50,"turns":4}],"relics_obtained":[{"floor":6,"key":"Strawberry"},{"floor":9,"key":"Anchor"},{"floor":20,"key":"Enchiridion"},{"floor":24,"key":"Gremlin Horn"},{"floor":26,"key":"Frozen Egg 2"},{"floor":30,"key":"Question Card"},{"floor":37,"key":"Peace Pipe"},{"floor":43,"key":"The Courier"}],"event_choices":[{"event_name":"Upgrade Shrine","player_choice":"Upgraded","floor":3,"damage_taken":0},{"event_name":"Cursed Tome","player_choice":"Obtained Book","floor":20,"damage_taken":0},{"event_name":"Transmorgrifier","player_choice":"Transform","floor":25,"damage_taken":0},{"event_name":"Vampires","player_choice":"Ignored","floor":27,"damage_taken":0},{"event_name":"Mysterious Sphere","player_choice":"Fight","floor":37,"damage_taken":0},{"event_name":"Winding Halls","player_choice":"Writhe","floor":38,"damage_taken":0},{"event_name":"Tomb of Lord Red Mask","player_choice":"Paid","floor":41,"damage_taken":0}],"boss_relics":[{"not_picked":["Black Star","Snecko Eye"],"picked":"Astrolabe"},{"not_picked":["Runic Pyramid","Eternal Feather"],"picked":"Cursed Key"}],"items_purged_floors":[5,21],"potions_floor_spawned":[1,4,8,11,16,18,24,28,39],"seed_played":"5982385652797705941","killed_by":"Donu and Deca","ascension_level":0,"potions_obtained":[{"floor":1,"key":"Swift Potion"},{"floor":4,"key":"Explosive Potion"},{"floor":8,"key":"FearPotion"},{"floor":11,"key":"Strength Potion"},{"floor":16,"key":"GamblersBrew"},{"floor":18,"key":"Regen Potion"},{"floor":24,"key":"FocusPotion"},{"floor":39,"key":"SkillPotion"}],"is_trial":false}