{"gold_per_floor":[116,133,163,52,52,52,63,73,119,130,159,159,159,175,175,278,278,289,289,142,156,175,202,202,202,202,202,214,139,14,14,14,115,115,125,125,125,125,138,138,150,150,177,202,202,52,52,67,67,67,67,67,67,93,93],"floor_reached":55,"playtime":2997,"items_purged":["Injury","Doubt","Writhe","Writhe"],"score":713,"play_id":"50819985-f798-45b3-8ee9-f4ff97cacd41","local_time":"20190514001806","is_ascension_mode":false,"campfire_choices":[{"data":"Footwork","floor":6.0,"key":"SMITH"},{"floor":15.0,"key":"REST"},{"floor":24.0,"key":"RECALL"},{"floor":27.0,"key":"REST"},{"floor":32.0,"key":"REST"},{"floor":40.0,"key":"REST"},{"data":"Catalyst","floor":45.0,"key":"SMITH"},{"data":"Adrenaline","floor":47.0,"key":"SMITH"},{"data":"Crippling Poison","floor":49.0,"key":"SMITH"},{"data":"Crippling Poison","floor":52.0,"key":"SMITH"}],"neow_cost":"CURSE","seed_source_timestamp":0,"circlet_count":0,"master_deck":["Defend_G+1","Defend_G+1","Defend_G+1","Defend_G+1","Defend_G+1","Strike_G+1","Strike_G+1","Strike_G+1","Strike_G+1","Strike_G+1","Neutralize","Acrobatics","Deadly Poison","Footwork+1","Poisoned Stab","Dagger Spray","Crippling Poison+1","Corpse Explosion","Deadly Poison","Noxious Fumes+1","Bouncing Flask+1","RitualDagger","Catalyst+1","Adrenaline+1","Neutralize","Footwork+1","Backstab+1","Crippling Poison+1"],"special_seed":0,"relics":["Ring of the Snake","Gambling Chip","Tiny Chest","WarpedTongs","Paper Crane","Pocketwatch","Calling Bell","Vajra","Sundial","Dead Branch","Question Card","Mercury Hourglass","Dodecahedron","Busted Crown","Pen Nib","Pantograph","Tough Bandages"],"potions_floor_usage":[55],"damage_taken":[{"damage":0.0,"enemies":"2 Louse","floor":1.0,"turns":3.0},{"damage":2.0,"enemies":"Jaw Worm","floor":2.0,"turns":7.0},{"damage":9.0,"enemies":"Cultist","floor":7.0,"turns":3.0},{"damage":9.0,"enemies":"Exordium Wildlife","floor":8.0,"turns":4.0},{"damage":12.0,"enemies":"Looter","floor":10.0,"turns":3.0},{"damage":3.0,"enemies":"Lagavulin","floor":11.0,"turns":6.0},{"damage":0.0,"enemies":"Lots of Slimes","floor":14.0,"turns":1.0},{"damage":6.0,"enemies":"The Guardian","floor":16.0,"turns":10.0},{"damage":8.0,"enemies":"Spheric Guardian","floor":18.0,"turns":6.0},{"damage":15.0,"enemies":"2 Thieves","floor":21.0,"turns":4.0},{"damage":9.0,"enemies":"Snake Plant","floor":22.0,"turns":6.0},{"damage":8.0,"enemies":"Slavers","floor":23.0,"turns":3.0},{"damage":5.0,"enemies":"Snecko","floor":28.0,"turns":4.0},{"damage":47.0,"enemies":"Collector","floor":33.0,"turns":7.0},{"damage":12.0,"enemies":"Orb Walker","floor":35.0,"turns":3.0},{"damage":11.0,"enemies":"3 Darklings","floor":39.0,"turns":3.0},{"damage":11.0,"enemies":"4 Shapes","floor":41.0,"turns":3.0},{"damage":8.0,"enemies":"Giant Head","floor":44.0,"turns":7.0},{"damage":8.0,"enemies":"Writhing Mass","floor":48.0,"turns":4.0},{"damage":45.0,"enemies":"Donu and Deca","floor":50.0,"turns":6.0},{"damage":22.0,"enemies":"Shield and Spear","floor":54.0,"turns":5.0},{"damage":70,"enemies":"The Heart","floor":55,"turns":6}],"seed_played":"-2410031395341892549","potions_obtained":[{"floor":1.0,"key":"EssenceOfSteel"},{"floor":11.0,"key":"SkillPotion"},{"floor":16.0,"key":"SpeedPotion"},{"floor":21.0,"key":"Fire Potion"},{"floor":22.0,"key":"Weak Potion"},{"floor":23.0,"key":"Energy Potion"},{"floor":44.0,"key":"SteroidPotion"},{"floor":48.0,"key":"PowerPotion"},{"floor":54.0,"key":"SkillPotion"}],"is_trial":false,"path_per_floor":["M","M","?","$","?","R","M","M","T","M","E","T","?","M","R","B",null,"M","T","$","M","M","E","R","?","T","R","M","?","$","?","R","B",null,"M","$","?","?","M","R","M","?","T","E","R","$","R","M","R","B",null,"R","$","E","B"],"character_chosen":"THE_SILENT","items_purchased":["Footwork","Deadly Poison"],"campfire_rested":4,"item_purchase_floors":[4,20],"current_hp_per_floor":[70,68,56,56,56,56,47,38,38,26,23,23,23,23,44,38,70,62,62,62,47,38,30,30,24,24,45,40,40,40,40,61,14,70,58,58,58,58,47,68,57,70,70,62,62,62,62,54,54,25,70,70,70,48,0],"gold":93,"neow_bonus":"ONE_RARE_RELIC","is_prod":false,"is_daily":false,"chose_seed":false,"campfire_upgraded":5,"win_rate":0,"timestamp":1557785886,"path_taken":["M","M","?","?","?","R","M","M","T","?","E","?","?","?","R","BOSS","M","?","$","M","M","E","R","?","T","R","M","?","$","?","R","BOSS","M","$","?","?","M","R","?","?","T","E","R","$","R","M","R","BOSS","R","$","E","BOSS"],"build_version":"2019-05-07","purchased_purges":4,"victory":false,"max_hp_per_floor":[70,70,70,70,70,70,70,70,70,70,70,70,70,70,70,70,70,70,70,70,70,70,70,70,70,70,70,70,70,70,70,70,70,70,70,70,70,70,70,70,70,70,70,70,70,70,70,70,70,70,70,70,70,70,70],"card_choices":[{"not_picked":["Bane","Dash"],"picked":"Acrobatics","floor":1.0},{"not_picked":["Bane","Acrobatics"],"picked":"Deadly Poison","floor":2.0},{"not_picked":["Deadly Poison","Malaise"],"picked":"Poisoned Stab","floor":7.0},{"not_picked":["Flying Knee","Reflex"],"picked":"Dagger Spray","floor":8.0},{"not_picked":["Sucker Punch","Dagger Spray"],"picked":"Crippling Poison","floor":10.0},{"not_picked":["PiercingWail","Flying Knee"],"picked":"Corpse Explosion","floor":11.0},{"not_picked":["Deflect","Backflip","Underhanded Strike"],"picked":"SKIP","floor":14.0},{"not_picked":["Prepared+1","Flying Knee","Infinite Blades"],"picked":"SKIP","floor":18.0},{"not_picked":["Blade Dance","Finisher+1","Flying Knee","Phantasmal Killer"],"picked":"SKIP","floor":21.0},{"not_picked":["Skewer","Cloak And Dagger","Tactician"],"picked":"Noxious Fumes+1","floor":22.0},{"not_picked":["Flying Knee","Predator","Heel Hook"],"picked":"Bouncing Flask+1","floor":23.0},{"not_picked":["Bouncing Flask","Eviscerate+1","Deflect"],"picked":"Catalyst","floor":28.0},{"not_picked":["Malaise","Tools of the Trade","A Thousand Cuts"],"picked":"Adrenaline","floor":33.0},{"not_picked":["Sucker Punch+1","Riddle With Holes"],"picked":"SKIP","floor":35.0},{"not_picked":["Dash"],"picked":"Footwork+1","floor":39.0},{"not_picked":["Acrobatics+1"],"picked":"Backstab+1","floor":41.0},{"not_picked":["Flying Knee+1"],"picked":"Crippling Poison","floor":44.0},{"not_picked":["Poisoned Stab","Flying Knee+1"],"picked":"SKIP","floor":48.0},{"not_picked":["Predator+1","Skewer+1"],"picked":"SKIP","floor":54.0}],"player_experience":358214,"relics_obtained":[{"floor":11.0,"key":"Paper Crane"},{"floor":12.0,"key":"Pocketwatch"},{"floor":17.0,"key":"Vajra"},{"floor":17.0,"key":"Sundial"},{"floor":17.0,"key":"Dead Branch"},{"floor":19.0,"key":"Question Card"},{"floor":23.0,"key":"Mercury Hourglass"},{"floor":26.0,"key":"Dodecahedron"},{"floor":43.0,"key":"Pen Nib"},{"floor":44.0,"key":"Pantograph"},{"floor":54.0,"key":"Tough Bandages"}],"event_choices":[{"damage_healed":0.0,"max_hp_gain":0.0,"max_hp_loss":0.0,"gold_gain":0.0,"event_name":"Scrap Ooze","player_choice":"Success","floor":3.0,"gold_loss":0.0,"damage_taken":12.0,"relics_obtained":["Tiny Chest"]},{"damage_healed":0.0,"max_hp_gain":0.0,"max_hp_loss":0.0,"gold_gain":0.0,"event_name":"Accursed Blacksmith","player_choice":"Rummage","floor":5.0,"gold_loss":0.0,"damage_taken":0.0,"relics_obtained":["WarpedTongs"],"cards_obtained":["Pain"]},{"cards_removed":["Pain"],"damage_healed":0.0,"max_hp_gain":0.0,"max_hp_loss":0.0,"gold_gain":0.0,"event_name":"Fountain of Cleansing","player_choice":"Removed Curses","floor":13.0,"gold_loss":0.0,"damage_taken":0.0},{"damage_healed":0.0,"max_hp_gain":0.0,"max_hp_loss":0.0,"gold_gain":0.0,"event_name":"Nest","player_choice":"Joined the Cult","floor":25.0,"gold_loss":0.0,"damage_taken":6.0,"cards_obtained":["RitualDagger"]},{"cards_removed":["Doubt"],"damage_healed":0.0,"max_hp_gain":0.0,"max_hp_loss":0.0,"gold_gain":0.0,"event_name":"Beggar","player_choice":"Gave Gold","floor":29.0,"gold_loss":75.0,"damage_taken":0.0},{"damage_healed":0.0,"max_hp_gain":0.0,"max_hp_loss":0.0,"gold_gain":0.0,"event_name":"Back to Basics","player_choice":"Simplicity","floor":31.0,"gold_loss":0.0,"damage_taken":0.0,"cards_upgraded":["Defend_G","Defend_G","Defend_G","Defend_G","Defend_G","Strike_G","Strike_G","Strike_G","Strike_G","Strike_G"]},{"cards_removed":["Survivor"],"damage_healed":0.0,"max_hp_gain":0.0,"max_hp_loss":0.0,"gold_gain":0.0,"event_name":"Falling","player_choice":"Removed Skill","floor":37.0,"gold_loss":0.0,"damage_taken":0.0},{"damage_healed":0.0,"max_hp_gain":0.0,"max_hp_loss":0.0,"gold_gain":0.0,"event_name":"Match and Keep!","player_choice":"1 cards matched","floor":38.0,"gold_loss":0.0,"damage_taken":0.0,"cards_obtained":["Neutralize"]},{"damage_healed":18.0,"max_hp_gain":0.0,"max_hp_loss":0.0,"gold_gain":0.0,"event_name":"Winding Halls","player_choice":"Writhe","floor":42.0,"gold_loss":0.0,"damage_taken":0.0,"cards_obtained":["Writhe"]}],"is_beta":true,"boss_relics":[{"not_picked":["Empty Cage","White Beast Statue"],"picked":"Calling Bell"},{"not_picked":["Tiny House","Snecko Eye"],"picked":"Busted Crown"}],"items_purged_floors":[4,20,30,46],"is_endless":false,"potions_floor_spawned":[1,11,16,21,22,23,44,48,54],"killed_by":"The Heart","ascension_level":0}