{"gold_per_floor":[115,290,290,290,77,107,107,138,138,157,176,189,25,72,72,177,177,195,211,33,53,68,68,78,78,78,78,97,12,31,62,62,158,208,224,224,224,241,241,241,275,294,294,294,324,337,337,356,356,356],"floor_reached":51,"playtime":4387,"items_purged":["Strike_B"],"score":824,"play_id":"b7c00a8f-33a7-4674-845c-b405b3d5099a","local_time":"20181025002947","is_ascension_mode":true,"campfire_choices":[{"data":"Zap","floor":7,"key":"SMITH"},{"data":"Go for the Eyes","floor":15,"key":"SMITH"},{"floor":23,"key":"REST"},{"data":"White Noise","floor":25,"key":"SMITH"},{"data":"Leap","floor":27,"key":"SMITH"},{"floor":32,"key":"REST"},{"data":"Coolheaded","floor":40,"key":"SMITH"},{"data":"Fusion","floor":44,"key":"SMITH"},{"data":"Conserve Battery","floor":47,"key":"SMITH"},{"floor":49,"key":"REST"}],"neow_cost":"NONE","seed_source_timestamp":1116908158283639,"circlet_count":0,"master_deck":["Strike_B+1","Strike_B","Strike_B+1","Defend_B","Defend_B","Defend_B","Defend_B","Zap+1","Dualcast","Tempest","Coolheaded","Barrage+1","Loop","Go for the Eyes+1","Compile Driver","Conserve Battery+1","Seek","Streamline","FTL+1","Electrodynamics","Ball Lightning","Auto Shields","White Noise+1","Leap+1","Coolheaded+1","Steam Power+1","Defragment+1","Ball Lightning","Conserve Battery+1","Capacitor+1","Defragment+1","Fusion+1","Glacier+1","Force Field+1","Aggregate+1","Double Energy+1","Buffer"],"relics":["Cracked Core","NeowsBlessing","Mummified Hand","Whetstone","Dream Catcher","Gremlin Horn","Strawberry","Lizard Tail","Pear","Mercury Hourglass","Bronze Scales","Tiny House","Torii","Art of War","Ice Cream","Meat on the Bone"],"potions_floor_usage":[16,18,22,22,22,30,31,33,33,41,42,42,48,50],"damage_taken":[{"damage":0,"enemies":"2 Louse","floor":1,"turns":1},{"damage":0,"enemies":"3 Sentries","floor":6,"turns":1},{"damage":0,"enemies":"Gremlin Nob","floor":8,"turns":1},{"damage":4,"enemies":"Jaw Worm","floor":10,"turns":3},{"damage":0,"enemies":"Cultist","floor":11,"turns":3},{"damage":7,"enemies":"Looter","floor":12,"turns":3},{"damage":13,"enemies":"Slime Boss","floor":16,"turns":8},{"damage":17,"enemies":"3 Byrds","floor":18,"turns":4},{"damage":7,"enemies":"Spheric Guardian","floor":19,"turns":4},{"damage":27,"enemies":"Snake Plant","floor":21,"turns":4},{"damage":13,"enemies":"Snecko","floor":22,"turns":4},{"damage":1,"enemies":"3 Cultists","floor":24,"turns":3},{"damage":0,"enemies":"Centurion and Healer","floor":28,"turns":2},{"damage":3,"enemies":"Shelled Parasite and Fungi","floor":30,"turns":2},{"damage":20,"enemies":"Slavers","floor":31,"turns":3},{"damage":49,"enemies":"Automaton","floor":33,"turns":9},{"damage":7,"enemies":"Orb Walker","floor":35,"turns":3},{"damage":28,"enemies":"Mind Bloom Boss Battle","floor":37,"turns":7},{"damage":1,"enemies":"3 Shapes","floor":38,"turns":2},{"damage":1,"enemies":"Giant Head","floor":41,"turns":7},{"damage":1,"enemies":"Jaw Worm Horde","floor":42,"turns":4},{"damage":21,"enemies":"Reptomancer","floor":45,"turns":6},{"damage":7,"enemies":"Transient","floor":46,"turns":5},{"damage":0,"enemies":"Maw","floor":48,"turns":5},{"damage":39,"enemies":"Time Eater","floor":50,"turns":13}],"seed_played":"3229120339372473229","potions_obtained":[{"floor":1,"key":"Regen Potion"},{"floor":10,"key":"Fire Potion"},{"floor":11,"key":"SneckoOil"},{"floor":12,"key":"Explosive Potion"},{"floor":16,"key":"Dexterity Potion"},{"floor":21,"key":"Poison Potion"},{"floor":22,"key":"SkillPotion"},{"floor":28,"key":"Weak Potion"},{"floor":30,"key":"Poison Potion"},{"floor":31,"key":"Block Potion"},{"floor":34,"key":"EssenceOfSteel"},{"floor":35,"key":"Fire Potion"},{"floor":41,"key":"Block Potion"},{"floor":46,"key":"AttackPotion"},{"floor":48,"key":"Ancient Potion"}],"is_trial":false,"path_per_floor":["M","?","?","?","$","E","R","E","T","M","M","M","$","T","R","B",null,"M","M","$","M","M","R","M","R","T","R","M","?","M","E","R","B",null,"M","?","?","M","?","R","E","M","T","R","E","M","R","M","R","B"],"character_chosen":"DEFECT","items_purchased":["Coolheaded","Barrage","Loop","Seek","Electrodynamics","Ball Lightning"],"campfire_rested":3,"item_purchase_floors":[5,5,5,13,20,20],"current_hp_per_floor":[75,75,75,75,75,75,75,75,75,71,71,64,64,71,71,58,82,65,58,58,31,18,42,41,41,51,51,51,51,48,28,55,6,97,90,90,62,61,61,61,60,59,59,59,38,43,43,55,84,57],"gold":356,"neow_bonus":"THREE_ENEMY_KILL","is_prod":false,"is_daily":false,"chose_seed":false,"campfire_upgraded":7,"win_rate":0,"timestamp":1540420187,"path_taken":["M","?","?","?","$","E","R","E","T","M","M","?","?","?","R","BOSS","M","M","$","?","M","R","M","R","T","R","M","?","M","E","R","BOSS","M","?","?","?","?","R","E","M","T","R","E","?","R","M","R","BOSS"],"build_version":"2018-10-18","purchased_purges":1,"victory":true,"max_hp_per_floor":[75,75,75,75,75,75,75,75,75,75,75,75,75,82,82,82,82,82,82,82,82,82,82,82,82,92,92,92,92,92,92,92,92,97,97,97,97,97,97,97,97,97,97,97,97,97,97,97,97,97],"card_choices":[{"not_picked":["Turbo","Redo"],"picked":"Tempest","floor":1},{"not_picked":["Scrape","Fission","Barrage"],"picked":"SKIP","floor":6},{"not_picked":["Steam","Capacitor"],"picked":"Go for the Eyes","floor":8},{"not_picked":["Turbo","Amplify"],"picked":"Compile Driver","floor":10},{"not_picked":["Stack","Lockon","Rebound"],"picked":"SKIP","floor":11},{"not_picked":["Chill","Go for the Eyes"],"picked":"Conserve Battery","floor":12},{"not_picked":["Thunder Strike","Reboot"],"picked":"Rainbow","floor":16},{"not_picked":["Tempest+1","Barrage"],"picked":"Streamline","floor":18},{"not_picked":["Hologram+1","Beam Cell"],"picked":"FTL+1","floor":19},{"not_picked":["Streamline","Coolheaded"],"picked":"Auto Shields","floor":21},{"not_picked":["Gash+1","Barrage","Rebound"],"picked":"SKIP","floor":22},{"not_picked":["Gash","Chill"],"picked":"White Noise","floor":23},{"not_picked":["Hello World","Conserve Battery"],"picked":"Leap","floor":24},{"not_picked":["Biased Cognition","Rebound"],"picked":"Coolheaded","floor":28},{"not_picked":["Undo","Hologram"],"picked":"Steam Power+1","floor":30},{"not_picked":["Glacier","Storm"],"picked":"Defragment+1","floor":31},{"not_picked":["Storm","Leap"],"picked":"Ball Lightning","floor":32},{"not_picked":["Ball Lightning+1","Rebound","Steam"],"picked":"SKIP","floor":35},{"not_picked":["Loop+1","Go for the Eyes+1"],"picked":"Conserve Battery+1","floor":37},{"not_picked":["Go for the Eyes","Conserve Battery+1"],"picked":"Capacitor+1","floor":38},{"not_picked":["Static Discharge","Rebound"],"picked":"Fusion","floor":41},{"not_picked":["Hologram","Hello World+1"],"picked":"Glacier+1","floor":42},{"not_picked":["Beam Cell","Hello World"],"picked":"Force Field+1","floor":45},{"not_picked":["Capacitor+1","Coolheaded+1"],"picked":"Aggregate+1","floor":46},{"not_picked":["Blizzard+1","Leap"],"picked":"Double Energy+1","floor":48},{"not_picked":["Auto Shields+1","Beam Cell"],"picked":"Buffer","floor":49}],"player_experience":127617,"relics_obtained":[{"floor":6,"key":"Whetstone"},{"floor":8,"key":"Dream Catcher"},{"floor":9,"key":"Gremlin Horn"},{"floor":14,"key":"Strawberry"},{"floor":26,"key":"Pear"},{"floor":31,"key":"Bronze Scales"},{"floor":37,"key":"Torii"},{"floor":41,"key":"Art of War"},{"floor":43,"key":"Ice Cream"},{"floor":45,"key":"Meat on the Bone"}],"event_choices":[{"damage_healed":0,"gold_gain":175,"player_choice":"AGREE","damage_taken":0,"max_hp_gain":0,"max_hp_loss":0,"event_name":"Liars Game","floor":2,"gold_loss":0,"cards_obtained":["Doubt"]},{"cards_removed":["Doubt"],"damage_healed":0,"gold_gain":0,"player_choice":"Removed Curses","damage_taken":0,"max_hp_gain":0,"max_hp_loss":0,"event_name":"Fountain of Cleansing","floor":3,"gold_loss":0},{"damage_healed":0,"gold_gain":0,"player_choice":"Gave Potion","damage_taken":0,"relics_obtained":["Mummified Hand"],"max_hp_gain":0,"max_hp_loss":0,"event_name":"WeMeetAgain","floor":4,"gold_loss":0},{"damage_healed":0,"gold_gain":0,"player_choice":"Obtained Relic","damage_taken":0,"relics_obtained":["Mercury Hourglass"],"max_hp_gain":0,"max_hp_loss":0,"event_name":"Addict","floor":29,"gold_loss":85},{"cards_removed":["Rainbow"],"damage_healed":0,"gold_gain":0,"player_choice":"Removed Skill","damage_taken":0,"max_hp_gain":0,"max_hp_loss":0,"event_name":"Falling","floor":36,"gold_loss":0},{"damage_healed":0,"gold_gain":0,"player_choice":"Fight","damage_taken":0,"max_hp_gain":0,"max_hp_loss":0,"event_name":"MindBloom","floor":37,"gold_loss":0},{"damage_healed":0,"gold_gain":0,"player_choice":"Copied","damage_taken":0,"max_hp_gain":0,"max_hp_loss":0,"event_name":"Duplicator","floor":39,"gold_loss":0,"cards_obtained":["Defragment"]}],"is_beta":false,"boss_relics":[{"not_picked":["Busted Crown","Coffee Dripper"],"picked":"Lizard Tail"},{"not_picked":["FrozenCore","Eternal Feather"],"picked":"Tiny House"}],"items_purged_floors":[5],"is_endless":false,"potions_floor_spawned":[1,10,11,12,16,21,22,28,30,31,35,41,46,48],"ascension_level":1}