{"path_per_floor":["M","$","?","?","M","R","M","M","T","?","R","M","R","E","R","B",null,"M","M","M","T","?","R","M","R","T","M","E","$","?","M","R"],"character_chosen":"DEFECT","items_purchased":["Shovel"],"gold_per_floor":[113,38,3,78,91,91,106,120,120,182,182,198,198,231,231,330,330,348,364,377,400,325,325,340,340,340,352,386,22,22,34,34,34],"floor_reached":33,"campfire_rested":4,"playtime":1807,"current_hp_per_floor":[32,32,50,39,39,39,39,34,34,22,22,22,44,22,44,40,75,63,63,25,25,25,47,47,47,47,36,22,22,22,5,27,0],"items_purged":["Strike_B","Writhe"],"gold":34,"score":267,"play_id":"98eb1889-3e8e-4be6-9259-5fc7058d8394","local_time":"20180428143350","is_prod":false,"is_daily":false,"chose_seed":false,"is_ascension_mode":false,"campfire_upgraded":3,"timestamp":1524918830,"path_taken":["M","$","?","?","M","R","M","M","T","?","R","M","R","E","R","BOSS","M","M","?","?","?","R","M","R","T","M","E","$","?","?","R","BOSS"],"build_version":"2018-04-27v3","seed_source_timestamp":1367880508732994,"purchased_purges":2,"victory":false,"master_deck":["Strike_B","Strike_B","Strike_B","Defend_B","Defend_B","Defend_B","Defend_B","Zap","Dualcast","Sweeping Beam+1","Ball Lightning","Ball Lightning+1","Capacitor","FTL","Biased Cognition+1","Impulse+1","White Noise+1","Beam Cell+1","Decay"],"max_hp_per_floor":[75,75,75,75,75,75,75,75,75,75,75,75,75,75,75,75,75,75,75,75,75,75,75,75,75,75,75,75,75,75,75,75,75],"relics":["Cracked Core","Unceasing Top","Vajra","Dodecahedron","Calipers","Cursed Key","Anchor","Smiling Mask","Frozen Egg 2","Shovel"],"card_choices":[{"not_picked":["Conserve Battery","Scrape"],"picked":"Sweeping Beam","floor":1},{"not_picked":["Chill","Capacitor"],"picked":"Ball Lightning","floor":7},{"not_picked":["Fission","Sweeping Beam"],"picked":"Ball Lightning","floor":8},{"not_picked":["Leap","Cold Snap"],"picked":"Capacitor","floor":10},{"not_picked":["Stack","Flux Capacitor"],"picked":"FTL","floor":12},{"not_picked":["Amplify","Reboot"],"picked":"Biased Cognition","floor":16},{"not_picked":["Coolheaded","Streamline"],"picked":"Impulse","floor":18},{"not_picked":["Skim","Impulse"],"picked":"White Noise","floor":19},{"not_picked":["Rainbow","Go for the Eyes"],"picked":"Beam Cell","floor":24}],"player_experience":253575,"potions_floor_usage":[8,14,27,28,33,33],"damage_taken":[{"damage":6,"enemies":"Jaw Worm","floor":1,"turns":4},{"damage":0,"enemies":"Small Slimes","floor":5,"turns":4},{"damage":0,"enemies":"2 Louse","floor":7,"turns":2},{"damage":5,"enemies":"Looter","floor":8,"turns":2},{"damage":12,"enemies":"3 Sentries","floor":10,"turns":4},{"damage":0,"enemies":"Large Slime","floor":12,"turns":2},{"damage":31,"enemies":"Lagavulin","floor":14,"turns":4},{"damage":4,"enemies":"Slime Boss","floor":16,"turns":6},{"damage":12,"enemies":"Shell Parasite","floor":18,"turns":4},{"damage":0,"enemies":"Chosen","floor":19,"turns":3},{"damage":38,"enemies":"Sentry and Sphere","floor":20,"turns":4},{"damage":0,"enemies":"Chosen and Byrds","floor":24,"turns":3},{"damage":11,"enemies":"Snake Plant","floor":27,"turns":2},{"damage":26,"enemies":"Book of Stabbing","floor":28,"turns":4},{"damage":17,"enemies":"Slaver and Parasite","floor":31,"turns":5},{"damage":60,"enemies":"Automaton","floor":33,"turns":6}],"event_choices":[{"event_name":"The Cleric","player_choice":"Healed","floor":3,"damage_taken":0},{"event_name":"World of Goop","player_choice":"Gather Gold","floor":4,"damage_taken":0},{"event_name":"Dead Adventurer","player_choice":"Searched \u00272\u0027 times","floor":10,"damage_taken":0},{"event_name":"Beggar","player_choice":"Gave Gold","floor":22,"damage_taken":0},{"event_name":"Forgotten Altar","player_choice":"Smashed Altar","floor":30,"damage_taken":0}],"boss_relics":[{"not_picked":["Snecko Eye","Pandora\u0027s Box"],"picked":"Cursed Key"}],"potions_floor_spawned":[1,10,12,16,19,20,24,28],"seed_played":"7139230240372374447","killed_by":"Automaton","ascension_level":0,"is_trial":false}