{"gold_per_floor":[113,113,62,62,62,95,129,129,129,160,180,180,200,218,218,218],"floor_reached":16,"playtime":447,"items_purged":[],"score":336,"play_id":"fac82c90-af1b-4d18-966b-b72f427277a2","local_time":"20190430103425","is_ascension_mode":true,"campfire_choices":[{"data":"Streamline","floor":8,"key":"SMITH"},{"data":"White Noise","floor":12,"key":"SMITH"},{"data":"Skim","floor":15,"key":"SMITH"}],"neow_cost":"NONE","seed_source_timestamp":730920986970449,"circlet_count":0,"master_deck":["AscendersBane","Strike_B","Strike_B","Defend_B","Defend_B","Defend_B","Defend_B","Zap","Dualcast","Streamline+1","Double Energy","White Noise+1","Skim+1","Sweeping Beam"],"relics":["Cracked Core","NeowsBlessing","WingedGreaves","Gremlin Horn","Pear","Sundial"],"potions_floor_usage":[10,16,16],"damage_taken":[{"damage":0,"enemies":"Cultist","floor":1,"turns":1},{"damage":0,"enemies":"Lagavulin","floor":6,"turns":1},{"damage":0,"enemies":"Gremlin Nob","floor":7,"turns":1},{"damage":30,"enemies":"Lagavulin","floor":10,"turns":6},{"damage":7,"enemies":"Jaw Worm","floor":11,"turns":3},{"damage":4,"enemies":"2 Louse","floor":13,"turns":2},{"damage":12,"enemies":"Looter","floor":14,"turns":3},{"damage":17,"enemies":"Hexaghost","floor":16,"turns":4}],"seed_played":"3354984561392872480","potions_obtained":[{"floor":6,"key":"SpeedPotion"},{"floor":10,"key":"FocusPotion"},{"floor":13,"key":"LiquidBronze"}],"is_trial":false,"path_per_floor":["M","T","$","?","?","E","E","R","T","E","M","R","M","M","R","B"],"character_chosen":"DEFECT","items_purchased":["Streamline"],"campfire_rested":0,"item_purchase_floors":[3],"current_hp_per_floor":[64,64,64,57,57,57,57,57,67,37,30,30,26,14,14,0],"gold":218,"neow_bonus":"THREE_ENEMY_KILL","is_prod":false,"is_daily":false,"chose_seed":false,"campfire_upgraded":3,"win_rate":0,"timestamp":1556588065,"path_taken":["M","?","$","?","?","E","E","R","T","E","M","R","M","M","R","BOSS"],"build_version":"2019-01-23","purchased_purges":0,"victory":false,"max_hp_per_floor":[71,71,71,71,71,71,71,71,81,81,81,81,81,81,81,81],"card_choices":[{"not_picked":["Compile Driver","Conserve Battery","Steam"],"picked":"SKIP","floor":1},{"not_picked":["Leap","All For One"],"picked":"Double Energy","floor":6},{"not_picked":["Barrage","FTL","Hello World"],"picked":"SKIP","floor":7},{"not_picked":["Hyperbeam","Conserve Battery","Hello World"],"picked":"SKIP","floor":10},{"not_picked":["Go for the Eyes","Compile Driver"],"picked":"White Noise","floor":11},{"not_picked":["Stack","Gash"],"picked":"Skim","floor":13},{"not_picked":["Hologram","Compile Driver"],"picked":"Sweeping Beam","floor":14}],"player_experience":315442,"relics_obtained":[{"floor":6,"key":"WingedGreaves"},{"floor":7,"key":"Gremlin Horn"},{"floor":9,"key":"Pear"},{"floor":10,"key":"Sundial"}],"event_choices":[{"cards_removed":["Strike_B"],"damage_healed":0,"gold_gain":0,"player_choice":"Card Removal","damage_taken":7,"max_hp_gain":0,"max_hp_loss":0,"event_name":"Golden Wing","floor":4,"gold_loss":0},{"cards_removed":["Strike_B"],"damage_healed":0,"gold_gain":0,"player_choice":"Forget","damage_taken":0,"max_hp_gain":0,"max_hp_loss":0,"event_name":"Living Wall","floor":5,"gold_loss":0}],"is_beta":false,"boss_relics":[],"items_purged_floors":[],"is_endless":false,"potions_floor_spawned":[6,10,13],"killed_by":"Hexaghost","ascension_level":20}