{"path_per_floor":["M","M","$","?","?","E","M","R","T","R","M","M","?","E","R","B",null,"M","?","$","?","?","E","T"],"character_chosen":"IRONCLAD","items_purchased":[],"gold_per_floor":[117,137,62,62,62,95,110,110,110,110,124,137,137,167,167,262,292,277,277,177,177,177,211,211],"floor_reached":25,"campfire_rested":1,"playtime":2661,"current_hp_per_floor":[72,74,74,74,79,61,59,59,59,59,58,60,60,35,60,36,90,71,71,71,71,71,28,28],"items_purged":["Defend_R","Strike_R"],"gold":211,"play_id":"5748715e-0c5c-4682-8aa8-a6f8dc215ec0","is_prod":false,"is_daily":false,"is_ascension_mode":false,"campfire_upgraded":2,"path_taken":["M","M","$","?","?","E","M","R","T","R","M","M","?","E","R","BOSS","M","?","$","?","?","E","?","M"],"build_version":"2018-02-01-PROD3","purchased_purges":2,"victory":false,"master_deck":["Strike_R+1","Strike_R+1","Strike_R+1","Defend_R+1","Defend_R+1","Bash","Searing Blow","Spot Weakness","Anger+1","Dual Wield+1","Purity","Feed","Impervious","Anger","Battle Trance"],"max_hp_per_floor":[80,80,80,80,85,85,85,85,85,85,85,85,85,85,85,85,90,90,90,90,90,90,90,90],"relics":["Burning Blood","Bag of Preparation","Bottled Flame","Juzu Bracelet","Tiny House","Calipers","Bird Faced Urn"],"card_choices":[{"not_picked":["Heavy Blade","Searing Blow"],"picked":"Spot Weakness"},{"not_picked":["Pommel Strike","Hemokinesis"],"picked":"Anger"},{"not_picked":["Flex","Perfected Strike"],"picked":"Dual Wield"},{"not_picked":["Reaper","Dark Embrace"],"picked":"Impervious"},{"not_picked":["True Grit","Perfected Strike"],"picked":"Anger"}],"player_experience":3589,"potions_floor_usage":[16,18],"damage_taken":[{"damage":14,"enemies":"Blue Slaver","floor":1,"turns":4},{"damage":4,"enemies":"Small Slimes","floor":2,"turns":4},{"damage":24,"enemies":"Gremlin Nob","floor":6,"turns":4},{"damage":8,"enemies":"Jaw Worm","floor":7,"turns":3},{"damage":7,"enemies":"3 Louse","floor":11,"turns":3},{"damage":4,"enemies":"2 Fungi Beasts","floor":12,"turns":2},{"damage":31,"enemies":"Lagavulin","floor":14,"turns":4},{"damage":30,"enemies":"Hexaghost","floor":16,"turns":6},{"damage":25,"enemies":"2 Thieves","floor":18,"turns":4},{"damage":49,"enemies":"Book of Stabbing","floor":23,"turns":6},{"damage":28,"enemies":"Chosen","floor":25,"turns":6}],"event_choices":[{"event_name":"Purifier","player_choice":"One Purge","floor":4,"damage_taken":0},{"event_name":"Big Fish","player_choice":"Donut","floor":5,"damage_taken":0},{"event_name":"Match and Keep!","player_choice":"2 cards matched","floor":13,"damage_taken":0},{"event_name":"Back to Basics","player_choice":"Simplicity","floor":19,"damage_taken":0},{"event_name":"The Library","player_choice":"Read","floor":21,"damage_taken":0},{"event_name":"Drug Dealer","player_choice":"Ignored","floor":22,"damage_taken":0}],"boss_relics":[{"not_picked":["Runic Pyramid","Calling Bell"],"picked":"Tiny House"}],"potions_floor_spawned":[2,6,7,11,18],"seed_played":"-6128593644597505091","killed_by":"Chosen","ascension_level":0,"is_trial":false}