{"gold_per_floor":[117,117,42,42,56,56,91,41,91,110,141,160,160,81,81,81],"floor_reached":16,"playtime":628,"items_purged":["Strike_B"],"score":186,"play_id":"86a93b36-abfc-4625-8c8d-7902dc6a3607","local_time":"20190419030357","is_ascension_mode":true,"campfire_choices":[{"floor":6,"key":"DIG"},{"floor":13,"key":"REST"},{"floor":15,"key":"DIG"}],"neow_cost":"NONE","seed_source_timestamp":1754878218643634,"circlet_count":0,"master_deck":["Strike_B","Defend_B","Defend_B","Defend_B","Defend_B","Zap","Dualcast","Cold Snap","Consume","Hologram","Steam","Streamline","Electrodynamics","BootSequence","Glacier"],"relics":["Cracked Core","NeowsBlessing","Shovel","Pantograph","Girya","Bag of Marbles","Gambling Chip","Dream Catcher"],"potions_floor_usage":[16],"damage_taken":[{"damage":0,"enemies":"Jaw Worm","floor":1,"turns":1},{"damage":0,"enemies":"2 Louse","floor":5,"turns":1},{"damage":0,"enemies":"Gremlin Nob","floor":7,"turns":1},{"damage":4,"enemies":"Small Slimes","floor":10,"turns":4},{"damage":36,"enemies":"3 Sentries","floor":11,"turns":9},{"damage":0,"enemies":"3 Louse","floor":12,"turns":1},{"damage":59,"enemies":"Hexaghost","floor":16,"turns":16}],"seed_played":"4993368270216459860","potions_obtained":[{"floor":10,"key":"Swift Potion"},{"floor":12,"key":"SteroidPotion"}],"is_trial":false,"path_per_floor":["M","?","$","?","M","R","E","?","T","M","E","M","R","$","R","B"],"character_chosen":"DEFECT","items_purchased":["Glacier"],"campfire_rested":1,"item_purchase_floors":[14],"current_hp_per_floor":[68,56,56,56,56,56,56,56,56,52,16,16,38,38,38,4],"gold":81,"neow_bonus":"THREE_ENEMY_KILL","is_prod":false,"is_daily":false,"chose_seed":false,"campfire_upgraded":0,"win_rate":0,"timestamp":1555610637,"path_taken":["M","?","$","?","M","R","E","?","T","M","E","M","R","$","R","BOSS"],"build_version":"2019-01-23","purchased_purges":1,"victory":false,"max_hp_per_floor":[75,75,75,75,75,75,75,75,75,75,75,75,75,75,75,75],"card_choices":[{"not_picked":["Barrage","Fusion"],"picked":"Cold Snap","floor":1},{"not_picked":["Rebound","Steam"],"picked":"Hologram","floor":5},{"not_picked":["Hologram","Hello World"],"picked":"Steam","floor":7},{"not_picked":["Conserve Battery","Coolheaded"],"picked":"Streamline","floor":10},{"not_picked":["Steam","Chaos"],"picked":"Electrodynamics","floor":11},{"not_picked":["Reinforced Body","Stack"],"picked":"BootSequence","floor":12}],"player_experience":242833,"relics_obtained":[{"floor":6,"key":"Pantograph"},{"floor":7,"key":"Girya"},{"floor":9,"key":"Bag of Marbles"},{"floor":11,"key":"Gambling Chip"},{"floor":15,"key":"Dream Catcher"}],"event_choices":[{"damage_healed":0,"gold_gain":0,"player_choice":"Success","damage_taken":12,"relics_obtained":["Shovel"],"max_hp_gain":0,"max_hp_loss":0,"event_name":"Scrap Ooze","floor":2,"gold_loss":0},{"damage_healed":0,"gold_gain":0,"cards_transformed":["Strike_B"],"player_choice":"Change","damage_taken":0,"max_hp_gain":0,"max_hp_loss":0,"event_name":"Living Wall","floor":4,"gold_loss":0,"cards_obtained":["Consume"]},{"cards_removed":["Strike_B"],"damage_healed":0,"gold_gain":0,"player_choice":"Card Removal","damage_taken":0,"max_hp_gain":0,"max_hp_loss":0,"event_name":"The Cleric","floor":8,"gold_loss":50}],"is_beta":false,"boss_relics":[],"items_purged_floors":[3],"is_endless":false,"potions_floor_spawned":[10,12],"killed_by":"Hexaghost","ascension_level":8}