{"gold_per_floor":[119,119,119,129,14,40,40,56,102,119,137,37,60,60,60,159,159,175,186,101,111,111,128,128,153,192,204,230,242,254],"floor_reached":30,"playtime":2950,"items_purged":["Clash","Strike_R"],"score":300,"play_id":"e8d1619e-be88-4753-a5e8-9c9ae7585a98","local_time":"20181021002531","is_ascension_mode":false,"campfire_choices":[{"data":"Pommel Strike","floor":7,"key":"SMITH"},{"data":"Spot Weakness","floor":15,"key":"SMITH"},{"data":"Heavy Blade","floor":24,"key":"SMITH"}],"neow_cost":"NONE","seed_source_timestamp":772450807446127,"circlet_count":0,"master_deck":["Strike_R","Strike_R","Strike_R","Defend_R","Defend_R","Defend_R","Defend_R","Bash","Clothesline","Pommel Strike+1","Cleave","Entrench","Spot Weakness+1","Shrug It Off","Shockwave","Heavy Blade+1","Feed","True Grit","Ghostly Armor","Flex+1","Metallicize+1","Pummel"],"relics":["Burning Blood","Anchor","Lantern","Orichalcum","Art of War","Eternal Feather","MawBank","Strawberry"],"potions_floor_usage":[11,16,19,23,30],"damage_taken":[{"damage":0,"enemies":"Cultist","floor":1,"turns":4},{"damage":0,"enemies":"Small Slimes","floor":4,"turns":2},{"damage":44,"enemies":"3 Sentries","floor":6,"turns":8},{"damage":0,"enemies":"Jaw Worm","floor":8,"turns":2},{"damage":4,"enemies":"Blue Slaver","floor":10,"turns":4},{"damage":7,"enemies":"Lots of Slimes","floor":11,"turns":5},{"damage":17,"enemies":"The Guardian","floor":16,"turns":8},{"damage":27,"enemies":"Shell Parasite","floor":18,"turns":13},{"damage":0,"enemies":"Chosen","floor":19,"turns":4},{"damage":18,"enemies":"Shelled Parasite and Fungi","floor":21,"turns":7},{"damage":15,"enemies":"Snake Plant","floor":23,"turns":4},{"damage":30,"enemies":"Book of Stabbing","floor":25,"turns":6},{"damage":24,"enemies":"Centurion and Healer","floor":28,"turns":11},{"damage":12,"enemies":"Slavers","floor":30,"turns":2}],"seed_played":"1351606250662824262","potions_obtained":[{"floor":6,"key":"SteroidPotion"},{"floor":10,"key":"SkillPotion"},{"floor":11,"key":"GamblersBrew"},{"floor":16,"key":"Fire Potion"},{"floor":28,"key":"Strength Potion"}],"is_trial":false,"path_per_floor":["M","?","?","M","$","E","R","M","T","M","M","$","T","?","R","B",null,"M","M","$","M","$","M","R","E","T","?","M","?"],"character_chosen":"IRONCLAD","items_purchased":["Entrench","True Grit","Ghostly Armor"],"campfire_rested":0,"item_purchase_floors":[5,20,20],"current_hp_per_floor":[80,80,55,61,61,23,23,29,29,31,30,30,30,56,56,45,80,62,71,71,62,62,53,65,41,48,29,11,11,0],"gold":254,"neow_bonus":"THREE_CARDS","is_prod":false,"is_daily":false,"chose_seed":false,"campfire_upgraded":3,"win_rate":0.0,"timestamp":1540074331,"path_taken":["M","?","?","?","$","E","R","M","T","M","M","$","?","?","R","BOSS","M","M","$","M","?","M","R","E","T","?","M","?","E"],"build_version":"2018-10-18","purchased_purges":2,"victory":false,"max_hp_per_floor":[80,80,80,80,80,80,80,80,80,80,80,80,80,80,80,80,80,83,86,86,89,89,89,89,89,96,101,101,101,101],"card_choices":[{"not_picked":["Battle Trance","Sword Boomerang"],"picked":"Clothesline","floor":0},{"not_picked":["Armaments","Perfected Strike"],"picked":"Pommel Strike","floor":1},{"not_picked":["Dropkick","Clash"],"picked":"Cleave","floor":4},{"not_picked":["Combust","Clothesline"],"picked":"Spot Weakness","floor":6},{"not_picked":["Wild Strike","Rage"],"picked":"Shrug It Off","floor":8},{"not_picked":["Shrug It Off","Sword Boomerang"],"picked":"Shockwave","floor":10},{"not_picked":["Armaments","Combust"],"picked":"Heavy Blade","floor":11},{"not_picked":["Brutality","Reaper"],"picked":"Feed","floor":16},{"not_picked":["Pommel Strike+1","Dual Wield","Heavy Blade"],"picked":"SKIP","floor":18},{"not_picked":["Second Wind","Searing Blow+1","Disarm"],"picked":"SKIP","floor":19},{"not_picked":["Seeing Red+1","Combust"],"picked":"Flex+1","floor":21},{"not_picked":["Perfected Strike+1","Seeing Red","Thunderclap"],"picked":"SKIP","floor":23},{"not_picked":["Flex","Demon Form"],"picked":"Metallicize+1","floor":25},{"not_picked":["Bloodletting","True Grit"],"picked":"Pummel","floor":28}],"player_experience":83333,"relics_obtained":[{"floor":6,"key":"Lantern"},{"floor":9,"key":"Orichalcum"},{"floor":13,"key":"Art of War"},{"floor":25,"key":"MawBank"},{"floor":26,"key":"Strawberry"}],"event_choices":[{"damage_healed":0,"gold_gain":0,"cards_transformed":["Strike_R"],"player_choice":"Transformed","damage_taken":0,"max_hp_gain":0,"max_hp_loss":0,"event_name":"Transmorgrifier","floor":2,"gold_loss":0,"cards_obtained":["Clash"]},{"damage_healed":0,"gold_gain":0,"player_choice":"Success","damage_taken":25,"relics_obtained":["Anchor"],"max_hp_gain":0,"max_hp_loss":0,"event_name":"Scrap Ooze","floor":3,"gold_loss":0},{"damage_healed":26,"gold_gain":0,"player_choice":"Banana","damage_taken":0,"max_hp_gain":0,"max_hp_loss":0,"event_name":"Big Fish","floor":14,"gold_loss":0},{"damage_healed":0,"gold_gain":0,"player_choice":"Shed Blood","damage_taken":24,"max_hp_gain":5,"max_hp_loss":0,"event_name":"Forgotten Altar","floor":27,"gold_loss":0},{"damage_healed":0,"gold_gain":0,"player_choice":"Ignored","damage_taken":0,"max_hp_gain":0,"max_hp_loss":0,"event_name":"The Mausoleum","floor":29,"gold_loss":0}],"is_beta":false,"boss_relics":[{"not_picked":["Lizard Tail","Velvet Choker"],"picked":"Eternal Feather"}],"items_purged_floors":[5,12],"is_endless":false,"potions_floor_spawned":[6,10,11,16,28],"killed_by":"Slavers","ascension_level":0}