{"gold_per_floor":[116,116,191,209,221,252,51,51,51,51,51,62,81,112,112,216,216,235,235,250,268,268,268,302,302,302,302,313,213,229,65,65,169,169,189,189,189,117,137,199,214,214,241,34,34,54,71,22,22,22,22,22,22,47,47],"floor_reached":55,"playtime":2762,"items_purged":["Strike_B","Pain","Doom and Gloom"],"score":810,"play_id":"c77a3a21-88f0-4691-9e2d-f9a1070ca023","local_time":"20190417173541","is_ascension_mode":true,"campfire_choices":[{"data":"Sunder","floor":8.0,"key":"SMITH"},{"floor":11.0,"key":"REST"},{"data":"Defragment","floor":15.0,"key":"SMITH"},{"floor":23.0,"key":"REST"},{"data":"Echo Form","floor":25.0,"key":"SMITH"},{"data":"Self Repair","floor":27.0,"key":"SMITH"},{"floor":32.0,"key":"REST"},{"data":"Defragment","floor":42.0,"key":"SMITH"},{"data":"Loop","floor":45.0,"key":"SMITH"},{"floor":49.0,"key":"RECALL"},{"data":"Rainbow","floor":52.0,"key":"SMITH"}],"neow_cost":"NONE","seed_source_timestamp":1632101584620543,"circlet_count":0,"master_deck":["Zap+1","Dualcast+1","Conserve Battery","Sunder+1","Ball Lightning","Auto Shields","Cold Snap","Defragment+1","Recycle","Electrodynamics","Echo Form+1","Self Repair+1","Fusion","Multi-Cast","Thunder Strike","White Noise","Self Repair+1","Conserve Battery+1","Rainbow+1","Melter","Glacier+1","Loop+1","Echo Form","Steam","Defragment+1"],"special_seed":0,"relics":["Cracked Core","NeowsBlessing","Ice Cream","Pear","Lantern","Pandora\u0027s Box","WarpedTongs","Bottled Tornado","Busted Crown","Tiny Chest","War Paint","Runic Capacitor","DataDisk"],"potions_floor_usage":[55],"damage_taken":[{"damage":0.0,"enemies":"2 Louse","floor":1.0,"turns":2.0},{"damage":0.0,"enemies":"Small Slimes","floor":4.0,"turns":1.0},{"damage":0.0,"enemies":"Jaw Worm","floor":5.0,"turns":1.0},{"damage":28.0,"enemies":"3 Sentries","floor":6.0,"turns":6.0},{"damage":0.0,"enemies":"Looter","floor":12.0,"turns":3.0},{"damage":3.0,"enemies":"Exordium Wildlife","floor":13.0,"turns":4.0},{"damage":24.0,"enemies":"Gremlin Nob","floor":14.0,"turns":4.0},{"damage":2.0,"enemies":"Hexaghost","floor":16.0,"turns":8.0},{"damage":17.0,"enemies":"Spheric Guardian","floor":18.0,"turns":4.0},{"damage":32.0,"enemies":"Shell Parasite","floor":20.0,"turns":5.0},{"damage":40.0,"enemies":"Shelled Parasite and Fungi","floor":21.0,"turns":4.0},{"damage":33.0,"enemies":"Book of Stabbing","floor":24.0,"turns":4.0},{"damage":22.0,"enemies":"Sentry and Sphere","floor":28.0,"turns":4.0},{"damage":33.0,"enemies":"Chosen and Byrds","floor":30.0,"turns":7.0},{"damage":11.0,"enemies":"Champ","floor":33.0,"turns":9.0},{"damage":55.0,"enemies":"3 Darklings","floor":35.0,"turns":6.0},{"damage":26.0,"enemies":"3 Shapes","floor":39.0,"turns":7.0},{"damage":20.0,"enemies":"Giant Head","floor":40.0,"turns":7.0},{"damage":42.0,"enemies":"Writhing Mass","floor":41.0,"turns":5.0},{"damage":13.0,"enemies":"Jaw Worm Horde","floor":46.0,"turns":4.0},{"damage":5.0,"enemies":"Maw","floor":47.0,"turns":6.0},{"damage":44.0,"enemies":"Donu and Deca","floor":50.0,"turns":6.0},{"damage":57.0,"enemies":"Shield and Spear","floor":54.0,"turns":5.0},{"damage":23,"enemies":"The Heart","floor":55,"turns":3}],"seed_played":"-7194707738297371808","potions_obtained":[{"floor":4.0,"key":"FearPotion"},{"floor":5.0,"key":"LiquidBronze"},{"floor":12.0,"key":"Strength Potion"},{"floor":18.0,"key":"Ancient Potion"},{"floor":30.0,"key":"AttackPotion"},{"floor":33.0,"key":"FocusPotion"},{"floor":41.0,"key":"Strength Potion"},{"floor":47.0,"key":"AttackPotion"}],"is_trial":false,"path_per_floor":["M","?","?","M","M","E","$","R","T","$","R","M","M","E","R","B",null,"M","?","M","M","?","R","E","R","T","R","M","$","M","$","R","B",null,"M","?","?","$","M","E","M","R","T","$","R","M","M","$","R","B",null,"R","$","E","B"],"character_chosen":"DEFECT","items_purchased":["Cold Snap","Defragment","Loop","Defragment","Runic Capacitor","Block Potion"],"campfire_rested":3,"item_purchase_floors":[7,7,31,38,44,48],"current_hp_per_floor":[75,60,49,49,49,21,21,21,31,31,56,56,53,29,29,27,85,75,75,60,47,47,72,49,49,49,49,47,47,44,44,69,85,85,60,60,60,60,54,74,72,72,72,72,72,79,81,81,81,57,81,81,81,34,11],"gold":47,"neow_bonus":"THREE_ENEMY_KILL","is_prod":false,"is_daily":false,"chose_seed":false,"campfire_upgraded":7,"win_rate":0,"timestamp":1555490141,"path_taken":["M","?","?","M","?","E","$","R","T","$","R","M","M","E","R","BOSS","M","?","M","M","?","R","E","R","T","R","?","$","?","$","R","BOSS","M","?","?","$","M","E","M","R","T","$","R","?","M","?","R","BOSS","R","$","E","BOSS"],"build_version":"2019-01-23","purchased_purges":3,"victory":false,"max_hp_per_floor":[75,75,75,75,75,75,75,75,85,85,85,85,85,85,85,85,85,85,85,85,85,85,85,85,85,85,85,85,85,85,85,85,85,85,85,81,81,81,81,81,81,81,81,81,81,81,81,81,81,81,81,81,81,81,81],"card_choices":[{"not_picked":["Stack","Reprogram"],"picked":"Conserve Battery","floor":1.0},{"not_picked":["Streamline","Beam Cell"],"picked":"Sunder","floor":4.0},{"not_picked":["Storm","Sunder"],"picked":"Ball Lightning","floor":5.0},{"not_picked":["Undo","Lockon"],"picked":"Auto Shields","floor":6.0},{"not_picked":["Sweeping Beam","Gash"],"picked":"Recycle","floor":12.0},{"not_picked":["Rebound","Barrage"],"picked":"Doom and Gloom","floor":13.0},{"not_picked":["Hyperbeam","Stack","Compile Driver"],"picked":"SKIP","floor":14.0},{"not_picked":["Multi-Cast","All For One"],"picked":"Electrodynamics","floor":16.0},{"not_picked":["Gash","Streamline"],"picked":"Self Repair+1","floor":18.0},{"not_picked":["Hologram","Gash+1"],"picked":"Conserve Battery","floor":20.0},{"not_picked":["Turbo","Heatsinks"],"picked":"Rainbow","floor":21.0},{"not_picked":["Reinforced Body","Turbo"],"picked":"Melter","floor":24.0},{"not_picked":["Sweeping Beam","Cold Snap"],"picked":"Glacier+1","floor":28.0},{"not_picked":["Go for the Eyes","Melter","Ball Lightning"],"picked":"SKIP","floor":30.0},{"not_picked":["Creative AI","Hyperbeam"],"picked":"Echo Form","floor":33.0},{"not_picked":[],"picked":"Steam","floor":35.0},{"not_picked":["Force Field+1"],"picked":"SKIP","floor":39.0},{"not_picked":["Fusion+1"],"picked":"SKIP","floor":40.0},{"not_picked":["Self Repair+1"],"picked":"SKIP","floor":41.0},{"not_picked":["Hello World+1"],"picked":"SKIP","floor":46.0},{"not_picked":["Compile Driver+1"],"picked":"SKIP","floor":47.0},{"not_picked":["Steam"],"picked":"SKIP","floor":54.0}],"player_experience":222817,"relics_obtained":[{"floor":6.0,"key":"Ice Cream"},{"floor":9.0,"key":"Pear"},{"floor":14.0,"key":"Lantern"},{"floor":24.0,"key":"Bottled Tornado"},{"floor":40.0,"key":"Tiny Chest"},{"floor":43.0,"key":"War Paint"},{"floor":54.0,"key":"DataDisk"}],"event_choices":[{"damage_healed":0.0,"max_hp_gain":0.0,"max_hp_loss":0.0,"gold_gain":0.0,"event_name":"Shining Light","player_choice":"Entered Light","floor":2.0,"gold_loss":0.0,"damage_taken":15.0,"cards_upgraded":["Strike_B","Zap"]},{"damage_healed":0.0,"max_hp_gain":0.0,"max_hp_loss":0.0,"gold_gain":75.0,"event_name":"World of Goop","player_choice":"Gather Gold","floor":3.0,"gold_loss":0.0,"damage_taken":11.0},{"damage_healed":0.0,"max_hp_gain":0.0,"max_hp_loss":0.0,"gold_gain":0.0,"event_name":"Vampires","player_choice":"Ignored","floor":19.0,"gold_loss":0.0,"damage_taken":0.0},{"damage_healed":0.0,"max_hp_gain":0.0,"max_hp_loss":0.0,"gold_gain":0.0,"event_name":"Accursed Blacksmith","player_choice":"Rummage","floor":22.0,"gold_loss":0.0,"damage_taken":0.0,"relics_obtained":["WarpedTongs"],"cards_obtained":["Pain"]},{"damage_healed":0.0,"max_hp_gain":0.0,"max_hp_loss":4.0,"gold_gain":0.0,"event_name":"Winding Halls","player_choice":"Max HP","floor":36.0,"gold_loss":0.0,"damage_taken":0.0},{"cards_removed":["Beam Cell"],"damage_healed":0.0,"max_hp_gain":0.0,"max_hp_loss":0.0,"gold_gain":0.0,"event_name":"Purifier","player_choice":"Purged","floor":37.0,"gold_loss":0.0,"damage_taken":0.0}],"is_beta":false,"boss_relics":[{"not_picked":["Ectoplasm","Philosopher\u0027s Stone"],"picked":"Pandora\u0027s Box"},{"not_picked":["Lizard Tail","Cursed Key"],"picked":"Busted Crown"}],"items_purged_floors":[7,29,31],"is_endless":false,"potions_floor_spawned":[4,5,12,14,18,24,30,33,35,39,41,47],"killed_by":"The Heart","ascension_level":4}