{"gold_per_floor":[368,383,56,68,88,88,115,115,115,36,36,52,52,67,67,163,163,175,190,205,0,0,0],"floor_reached":23,"playtime":1195,"items_purged":[],"score":212,"play_id":"fd1873f3-95af-4440-90d7-4a497833e2d9","local_time":"20190522082113","is_ascension_mode":true,"campfire_choices":[{"data":"Capacitor","floor":6.0,"key":"SMITH"},{"data":"Static Discharge","floor":11.0,"key":"SMITH"},{"data":"Storm","floor":13.0,"key":"SMITH"},{"floor":15.0,"key":"REST"}],"neow_cost":"CURSE","seed_source_timestamp":397518060785686,"circlet_count":0,"master_deck":["Strike_B","Strike_B","Strike_B","Defend_B","Defend_B","Defend_B","Defend_B","Zap","Dualcast","Doubt","Auto Shields","Rip and Tear","Capacitor+1","FTL","Glacier","Static Discharge+1","Rip and Tear","Loop","Storm+1","Hologram","Reboot","Cold Snap","Leap+1","Reprogram"],"special_seed":0,"relics":["Cracked Core","Question Card","Art of War","Lantern","Cursed Key","Nilry\u0027s Codex"],"potions_floor_usage":[23,23,23],"damage_taken":[{"damage":2.0,"enemies":"2 Louse","floor":1.0,"turns":3.0},{"damage":0.0,"enemies":"Cultist","floor":2.0,"turns":3.0},{"damage":1.0,"enemies":"Jaw Worm","floor":4.0,"turns":5.0},{"damage":4.0,"enemies":"Large Slime","floor":5.0,"turns":6.0},{"damage":12.0,"enemies":"Lagavulin","floor":7.0,"turns":10.0},{"damage":7.0,"enemies":"Looter","floor":12.0,"turns":3.0},{"damage":27.0,"enemies":"Gremlin Gang","floor":14.0,"turns":5.0},{"damage":11.0,"enemies":"The Guardian","floor":16.0,"turns":11.0},{"damage":7.0,"enemies":"Chosen","floor":18.0,"turns":3.0},{"damage":20.0,"enemies":"Shell Parasite","floor":19.0,"turns":5.0},{"damage":16.0,"enemies":"3 Cultists","floor":20.0,"turns":6.0},{"damage":33,"enemies":"Book of Stabbing","floor":23,"turns":6}],"seed_played":"670447407416856385","potions_obtained":[{"floor":1.0,"key":"LiquidBronze"},{"floor":2.0,"key":"Explosive Potion"},{"floor":5.0,"key":"Dexterity Potion"},{"floor":12.0,"key":"Energy Potion"},{"floor":14.0,"key":"SkillPotion"},{"floor":20.0,"key":"PowerPotion"}],"is_trial":false,"path_per_floor":["M","M","$","M","M","R","E","?","T","$","R","M","R","M","R","B",null,"M","M","M","?","?","E"],"character_chosen":"DEFECT","items_purchased":["Capacitor","Question Card","Loop"],"campfire_rested":1,"item_purchase_floors":[3,3,10],"current_hp_per_floor":[73,73,73,72,68,68,56,56,56,56,56,49,49,22,44,33,75,68,48,32,32,16,0],"gold":0,"neow_bonus":"TWO_FIFTY_GOLD","is_prod":false,"is_daily":false,"chose_seed":false,"campfire_upgraded":3,"win_rate":0,"timestamp":1558527673,"path_taken":["M","M","$","M","M","R","E","?","T","?","R","?","R","?","R","BOSS","M","?","M","?","?","E"],"build_version":"2019-01-23","purchased_purges":0,"victory":false,"max_hp_per_floor":[75,75,75,75,75,75,75,75,75,75,75,75,75,75,75,75,75,75,75,75,75,75,75],"card_choices":[{"not_picked":["Turbo","Redo"],"picked":"Auto Shields","floor":1.0},{"not_picked":["Streamline","Leap"],"picked":"Rip and Tear","floor":2.0},{"not_picked":["Steam","Leap","Stack"],"picked":"FTL","floor":4.0},{"not_picked":["Darkness","Conserve Battery","FTL"],"picked":"Glacier","floor":5.0},{"not_picked":["Gash","White Noise","Reprogram"],"picked":"Static Discharge","floor":7.0},{"not_picked":["Turbo","Sweeping Beam","Coolheaded"],"picked":"Storm","floor":12.0},{"not_picked":["Gash","Compile Driver","Blizzard"],"picked":"Hologram","floor":14.0},{"not_picked":["All For One","Biased Cognition","Multi-Cast"],"picked":"Reboot","floor":16.0},{"not_picked":["Go for the Eyes","Gash+1","Steam+1"],"picked":"Cold Snap","floor":18.0},{"not_picked":["Force Field","Lockon","Turbo"],"picked":"Leap+1","floor":19.0},{"not_picked":["Sunder","Redo","Auto Shields"],"picked":"Reprogram","floor":20.0}],"player_experience":316454,"relics_obtained":[{"floor":7.0,"key":"Art of War"},{"floor":9.0,"key":"Lantern"},{"floor":22,"key":"Nilry\u0027s Codex"}],"event_choices":[{"damage_healed":0.0,"max_hp_gain":0.0,"max_hp_loss":0.0,"gold_gain":0.0,"cards_transformed":["Strike_B"],"event_name":"Transmorgrifier","player_choice":"Transformed","floor":8.0,"gold_loss":0.0,"damage_taken":0.0,"cards_obtained":["Rip and Tear"]},{"damage_healed":0.0,"max_hp_gain":0.0,"max_hp_loss":0.0,"gold_gain":0.0,"event_name":"Masked Bandits","player_choice":"Paid Fearfully","floor":21.0,"gold_loss":205.0,"damage_taken":0.0},{"damage_healed":0,"gold_gain":0,"player_choice":"Obtained Book","damage_taken":16,"max_hp_gain":0,"max_hp_loss":0,"event_name":"Cursed Tome","floor":22,"gold_loss":0}],"is_beta":false,"boss_relics":[{"not_picked":["Empty Cage","Fusion Hammer"],"picked":"Cursed Key"}],"items_purged_floors":[],"is_endless":false,"potions_floor_spawned":[1,2,5,12,14,20],"killed_by":"Book of Stabbing","ascension_level":2}