{"gold_per_floor":[16,91,166,11,23,23,33,44,44,44,44,57,57,57,57,57],"floor_reached":16,"playtime":314,"items_purged":[],"score":90,"play_id":"d34ea78e-32b7-479c-babd-f377d2b36475","local_time":"20190514034703","is_ascension_mode":false,"campfire_choices":[{"data":"Bludgeon","floor":6,"key":"SMITH"},{"floor":15,"key":"REST"}],"neow_cost":"NO_GOLD","seed_source_timestamp":580342757173312,"circlet_count":0,"master_deck":["Strike_R","Strike_R","Strike_R","Strike_R","Defend_R","Defend_R","Defend_R","Defend_R","Bash","Bludgeon+1","Rampage","Offering","Flex","Ghostly Armor","Thunderclap"],"relics":["Burning Blood","Golden Idol"],"potions_floor_usage":[16],"damage_taken":[{"damage":2,"enemies":"Small Slimes","floor":1,"turns":3},{"damage":7,"enemies":"2 Louse","floor":5,"turns":2},{"damage":6,"enemies":"Cultist","floor":7,"turns":1},{"damage":18,"enemies":"Large Slime","floor":8,"turns":4},{"damage":6,"enemies":"Exordium Wildlife","floor":12,"turns":2},{"damage":68,"enemies":"Hexaghost","floor":16,"turns":9}],"seed_played":"-213667312773346190","potions_obtained":[{"floor":7,"key":"AttackPotion"}],"is_trial":false,"path_per_floor":["M","?","?","$","M","R","M","M","T","?","$","M","?","?","R","B"],"character_chosen":"IRONCLAD","items_purchased":["Offering"],"campfire_rested":1,"item_purchase_floors":[4],"current_hp_per_floor":[80,69,61,61,60,60,60,48,48,41,41,41,41,41,65,0],"gold":57,"neow_bonus":"THREE_RARE_CARDS","is_prod":false,"is_daily":false,"chose_seed":false,"campfire_upgraded":1,"win_rate":0,"timestamp":1557798423,"path_taken":["M","?","?","$","?","R","M","M","T","?","?","M","?","?","R","BOSS"],"build_version":"2019-05-07","purchased_purges":0,"victory":false,"max_hp_per_floor":[80,80,80,80,80,80,80,80,80,80,80,80,80,80,80,80],"card_choices":[{"not_picked":["Impervious","Dark Embrace"],"picked":"Bludgeon","floor":0},{"not_picked":["Armaments","Warcry"],"picked":"Rampage","floor":1},{"not_picked":["Metallicize","Wild Strike"],"picked":"Flex","floor":5},{"not_picked":["Sword Boomerang","Body Slam","Warcry"],"picked":"SKIP","floor":7},{"not_picked":["Dual Wield","Blood for Blood"],"picked":"Ghostly Armor","floor":8},{"not_picked":["Burning Pact","Warcry"],"picked":"Thunderclap","floor":12}],"player_experience":371281,"relics_obtained":[],"event_choices":[{"damage_healed":0,"gold_gain":75,"player_choice":"Gather Gold","damage_taken":11,"max_hp_gain":0,"max_hp_loss":0,"event_name":"World of Goop","floor":2,"gold_loss":0},{"damage_healed":0,"gold_gain":75,"player_choice":"Touch","damage_taken":8,"max_hp_gain":0,"max_hp_loss":0,"event_name":"FaceTrader","floor":3,"gold_loss":0},{"cards_removed":["Strike_R"],"damage_healed":0,"gold_gain":0,"player_choice":"Card Removal","damage_taken":7,"max_hp_gain":0,"max_hp_loss":0,"event_name":"Golden Wing","floor":10,"gold_loss":0},{"damage_healed":0,"gold_gain":0,"player_choice":"Take Wound","damage_taken":0,"relics_obtained":["Golden Idol"],"max_hp_gain":0,"max_hp_loss":0,"event_name":"Golden Idol","floor":13,"gold_loss":0,"cards_obtained":["Injury"]},{"cards_removed":["Injury"],"damage_healed":0,"gold_gain":0,"player_choice":"Removed Curses","damage_taken":0,"max_hp_gain":0,"max_hp_loss":0,"event_name":"Fountain of Cleansing","floor":14,"gold_loss":0}],"is_beta":true,"boss_relics":[],"items_purged_floors":[],"is_endless":false,"potions_floor_spawned":[7],"killed_by":"Hexaghost","ascension_level":0}