{"path_per_floor":["M","M","T","M","$","E","M","R","T","?","R","$","E","?","R","B",null,"M","$","M","M","?","E","R","E","T","R","M","M","$","T","R","B",null,"M","?","?","$","?","E","M","T","T","M","E","M","$","M","R","B"],"character_chosen":"IRONCLAD","items_purchased":["Spot Weakness","Shrug It Off","Whirlwind"],"gold_per_floor":[115,126,153,169,23,48,63,63,88,88,88,63,88,88,88,190,190,207,107,122,137,137,165,165,194,194,194,208,220,95,95,95,200,200,211,0,0,0,0,27,37,37,60,78,104,121,47,64,64,64],"floor_reached":51,"campfire_rested":6,"playtime":4674,"current_hp_per_floor":[80,80,80,80,80,66,55,55,55,37,65,65,41,41,69,16,94,78,78,71,54,54,13,41,10,10,38,47,56,56,56,84,16,94,79,79,79,79,67,67,59,59,59,64,39,56,56,67,94,38],"items_purged":["Strike_R","Defend_R","Strike_R"],"gold":64,"score":661,"play_id":"8aed3e76-8281-4653-8f45-9cfcf1bd54d0","local_time":"20180228183646","is_prod":false,"is_daily":false,"is_ascension_mode":true,"campfire_upgraded":1,"timestamp":1519839406,"path_taken":["M","M","?","M","?","E","M","R","T","?","R","$","E","?","R","BOSS","M","$","?","?","?","E","R","E","T","R","?","?","$","?","R","BOSS","M","?","?","$","?","E","?","?","T","?","E","M","$","M","R","BOSS"],"build_version":"2018-02-27-BETA1","purchased_purges":3,"victory":true,"master_deck":["Strike_R","Strike_R","Strike_R","Defend_R","Defend_R","Bash","Perfected Strike","Intimidate","Spot Weakness","Flex+1","Infernal Blade+1","Shrug It Off","Cleave","Battle Trance","Perfected Strike+1","Seeing Red","Pain","Reaper","Whirlwind","Madness","Madness","Heavy Blade","Writhe","Doubt","Bloodletting+1","Whirlwind","Inflame+1"],"max_hp_per_floor":[80,80,80,80,80,94,94,94,94,94,94,94,94,94,94,94,94,94,94,94,94,94,94,94,94,94,94,94,94,94,94,94,94,94,94,94,94,94,94,94,94,94,94,94,94,94,94,94,94,94],"relics":["Burning Blood","NeowsBlessing","Omamori","Mango","Bag of Preparation","Frozen Egg 2","Magic Flower","Cursed Key","Mercury Hourglass","Dead Branch","Red Skull","Peace Pipe","Sozu","Red Mask","Bag of Marbles","Ginger","Pen Nib","Happy Flower"],"card_choices":[{"not_picked":["Burning Pact","Blood for Blood"],"picked":"Perfected Strike"},{"not_picked":["Twin Strike","Ghostly Armor"],"picked":"Intimidate"},{"not_picked":["Flame Barrier","Shrug It Off"],"picked":"Flex"},{"not_picked":["Wild Strike","Havoc"],"picked":"Infernal Blade"},{"not_picked":["Disarm","Wild Strike"],"picked":"Cleave"},{"not_picked":["Clothesline","Pummel"],"picked":"Battle Trance"},{"not_picked":["Shrug It Off","Havoc"],"picked":"Perfected Strike"},{"not_picked":["Sword Boomerang","Pummel"],"picked":"Seeing Red"},{"not_picked":["Berserk","Immolate"],"picked":"Reaper"},{"not_picked":["Warcry","Inflame"],"picked":"Whirlwind"},{"not_picked":["Feel No Pain","Headbutt"],"picked":"Heavy Blade"},{"not_picked":["Uppercut","Fire Breathing"],"picked":"Bloodletting"},{"not_picked":["Headbutt","Thunderclap"],"picked":"Inflame"}],"player_experience":131890,"potions_floor_usage":[16,16,29,33,33,33,50],"damage_taken":[{"damage":0,"enemies":"Cultist","floor":1,"turns":1},{"damage":0,"enemies":"2 Louse","floor":2,"turns":1},{"damage":0,"enemies":"Jaw Worm","floor":4,"turns":1},{"damage":34,"enemies":"Gremlin Nob","floor":6,"turns":4},{"damage":17,"enemies":"Looter","floor":7,"turns":3},{"damage":30,"enemies":"Lagavulin","floor":13,"turns":6},{"damage":62,"enemies":"Hexaghost","floor":16,"turns":10},{"damage":25,"enemies":"3 Byrds","floor":18,"turns":6},{"damage":16,"enemies":"Chosen","floor":20,"turns":4},{"damage":26,"enemies":"Snecko","floor":21,"turns":5},{"damage":50,"enemies":"Book of Stabbing","floor":23,"turns":5},{"damage":40,"enemies":"Gremlin Leader","floor":25,"turns":5},{"damage":0,"enemies":"Chosen and Byrds","floor":28,"turns":4},{"damage":0,"enemies":"Centurion and Healer","floor":29,"turns":2},{"damage":77,"enemies":"Collector","floor":33,"turns":5},{"damage":24,"enemies":"3 Shapes","floor":35,"turns":3},{"damage":9,"enemies":"2 Orb Walkers","floor":40,"turns":2},{"damage":17,"enemies":"Orb Walker","floor":41,"turns":2},{"damage":4,"enemies":"3 Darklings","floor":44,"turns":1},{"damage":34,"enemies":"Nemesis","floor":45,"turns":5},{"damage":7,"enemies":"Maw","floor":46,"turns":4},{"damage":27,"enemies":"Spire Growth","floor":48,"turns":3},{"damage":107,"enemies":"Donu and Deca","floor":50,"turns":6}],"event_choices":[{"event_name":"Scrap Ooze","player_choice":"success","floor":10,"damage_taken":18},{"event_name":"Living Wall","player_choice":"Grow","floor":14,"damage_taken":0},{"event_name":"Forgotten Altar","player_choice":"Smashed Altar","floor":22,"damage_taken":0},{"event_name":"Tomb of Lord Red Mask","player_choice":"Paid","floor":36,"damage_taken":0},{"event_name":"Winding Halls","player_choice":"Embrace Madness","floor":39,"damage_taken":0}],"boss_relics":[{"not_picked":["Runic Cube","Lizard Tail"],"picked":"Cursed Key"},{"not_picked":["Black Star","Orrery"],"picked":"Sozu"}],"potions_floor_spawned":[1,2,13,16,18,25,29,33,35,45],"seed_played":"8013062717092264751","ascension_level":3,"is_trial":false}