{"gold_per_floor":[410,421,154,154,229,249,249,75,144,175,196,196,196,216,216,344,344,360,375,375,146,92,92],"floor_reached":23,"playtime":1029,"items_purged":["Strike_B","Injury"],"score":289,"play_id":"adcf776a-9a3c-44ea-b23a-1627314009a4","local_time":"20190510200842","daily_mods":["Heirloom"],"is_ascension_mode":false,"campfire_choices":[{"floor":12,"key":"REST"},{"data":"Defragment","floor":15,"key":"SMITH"}],"neow_cost":"","seed_source_timestamp":0,"circlet_count":0,"master_deck":["Strike_B","Strike_B","Strike_B","Defend_B","Defend_B","Defend_B","Defend_B","Zap","Dualcast","FTL","Loop","Scrape","Creative AI+1","Beam Cell","Defragment+1","Cold Snap","Hello World","Seek","Hologram+1","Beam Cell+1","Defragment+1","Loop","Stack"],"relics":["Cracked Core","Old Coin","Golden Idol","Matryoshka","Shuriken","Meat on the Bone","OrangePellets"],"potions_floor_usage":[16,16,23],"damage_taken":[{"damage":6,"enemies":"Jaw Worm","floor":1,"turns":4},{"damage":1,"enemies":"2 Louse","floor":2,"turns":2},{"damage":6,"enemies":"Cultist","floor":6,"turns":3},{"damage":21,"enemies":"Lagavulin","floor":10,"turns":6},{"damage":13,"enemies":"2 Fungi Beasts","floor":11,"turns":4},{"damage":12,"enemies":"Exordium Thugs","floor":14,"turns":5},{"damage":10,"enemies":"Hexaghost","floor":16,"turns":9},{"damage":30,"enemies":"3 Byrds","floor":18,"turns":4},{"damage":22,"enemies":"Spheric Guardian","floor":19,"turns":6},{"damage":39,"enemies":"Gremlin Leader","floor":23,"turns":5}],"seed_played":"-2558664692093688821","potions_obtained":[{"floor":1,"key":"SkillPotion"},{"floor":2,"key":"Dexterity Potion"},{"floor":11,"key":"AttackPotion"},{"floor":19,"key":"PowerPotion"}],"is_trial":true,"path_per_floor":["M","M","$","?","?","M","?","$","T","E","M","R","?","M","R","B",null,"M","M","?","$","$","E"],"character_chosen":"DEFECT","items_purchased":["Scrape","Creative AI","Defragment","OrangePellets","Loop","Stack"],"campfire_rested":1,"item_purchase_floors":[3,3,8,21,21,22],"current_hp_per_floor":[69,68,68,68,57,51,51,51,51,30,17,39,39,39,39,41,75,45,35,35,35,35,0],"gold":92,"neow_bonus":"","is_prod":false,"is_daily":false,"chose_seed":false,"campfire_upgraded":1,"win_rate":0,"timestamp":1557533322,"path_taken":["M","M","$","?","?","?","?","$","T","E","M","R","?","M","R","BOSS","M","?","?","?","$","E"],"build_version":"2019-01-23","purchased_purges":2,"victory":false,"max_hp_per_floor":[75,75,75,75,75,75,75,75,75,75,75,75,75,75,75,75,75,75,75,75,75,75,75],"card_choices":[{"not_picked":["Lockon","Hello World"],"picked":"FTL","floor":1},{"not_picked":["Reinforced Body","Force Field"],"picked":"Loop","floor":2},{"not_picked":["Ball Lightning","Reprogram"],"picked":"Beam Cell","floor":6},{"not_picked":["Coolheaded","Loop"],"picked":"Cold Snap","floor":10},{"not_picked":["Coolheaded","Turbo"],"picked":"Consume","floor":11},{"not_picked":["Gash","Turbo"],"picked":"Hello World","floor":14},{"not_picked":["Core Surge","Hyperbeam"],"picked":"Seek","floor":16},{"not_picked":["Compile Driver+1","Barrage"],"picked":"Hologram+1","floor":18},{"not_picked":["Skim","Aggregate"],"picked":"Beam Cell+1","floor":19}],"player_experience":292827,"relics_obtained":[{"floor":9,"key":"Matryoshka"},{"floor":10,"key":"Shuriken"}],"event_choices":[{"damage_healed":0,"gold_gain":0,"player_choice":"Grow","damage_taken":0,"max_hp_gain":0,"max_hp_loss":0,"event_name":"Living Wall","floor":4,"gold_loss":0,"cards_upgraded":["Creative AI"]},{"damage_healed":0,"gold_gain":75,"player_choice":"Gather Gold","damage_taken":11,"max_hp_gain":0,"max_hp_loss":0,"event_name":"World of Goop","floor":5,"gold_loss":0},{"damage_healed":0,"gold_gain":0,"player_choice":"Take Wound","damage_taken":0,"relics_obtained":["Golden Idol"],"max_hp_gain":0,"max_hp_loss":0,"event_name":"Golden Idol","floor":7,"gold_loss":0,"cards_obtained":["Injury"]},{"cards_removed":["Consume"],"damage_healed":0,"gold_gain":0,"player_choice":"Gave Card","damage_taken":0,"relics_obtained":["Meat on the Bone"],"max_hp_gain":0,"max_hp_loss":0,"event_name":"WeMeetAgain","floor":13,"gold_loss":0},{"damage_healed":0,"gold_gain":0,"player_choice":"Copied","damage_taken":0,"max_hp_gain":0,"max_hp_loss":0,"event_name":"Duplicator","floor":20,"gold_loss":0,"cards_obtained":["Defragment"]}],"is_beta":false,"boss_relics":[{"not_picked":["Fusion Hammer","Coffee Dripper","Velvet Choker"]}],"items_purged_floors":[3,8],"is_endless":true,"potions_floor_spawned":[1,2,11,19],"killed_by":"Gremlin Leader","ascension_level":0}