{"gold_per_floor":[114,39,114,114,129,159,189,204,204,204,204,4,4,19,19,119,119,134,34,34,34,64,64,64,64,64,64,79,79,109,109,109,209,209,224,239,269,180,210,210,210,210,235,247,59,59,59,74,74,74],"floor_reached":51,"playtime":2277,"items_purged":["Zap","Bash","Feel No Pain+1"],"score":767,"play_id":"5cbf9ca2-a475-43a3-ba40-f55814c25644","local_time":"20190129010451","daily_mods":["Chimera","Flight","DeadlyEvents"],"is_ascension_mode":false,"campfire_choices":[{"data":"Rampage","floor":10,"key":"SMITH"},{"data":"Shockwave","floor":11,"key":"SMITH"},{"data":"Clothesline","floor":13,"key":"SMITH"},{"data":"Infernal Blade","floor":15,"key":"SMITH"},{"data":"Limit Break","floor":23,"key":"SMITH"},{"data":"Flex","floor":25,"key":"SMITH"},{"data":"Shrug It Off","floor":27,"key":"SMITH"},{"data":"Searing Blow","floor":29,"key":"SMITH"},{"floor":32,"key":"REST"},{"data":"Searing Blow+1","floor":40,"key":"SMITH"},{"data":"Searing Blow+2","floor":41,"key":"SMITH"},{"data":"Searing Blow+3","floor":42,"key":"SMITH"},{"data":"Searing Blow+4","floor":44,"key":"SMITH"},{"data":"Immolate","floor":46,"key":"SMITH"},{"data":"Searing Blow+5","floor":47,"key":"SMITH"},{"floor":49,"key":"REST"}],"neow_cost":"","seed_source_timestamp":0,"circlet_count":0,"master_deck":["Survivor","Defend_R","Defend_G","Defend_B","Pommel Strike","Shockwave+1","Rampage+1","Clothesline+1","Shrug It Off+1","Headbutt","Infernal Blade+1","Limit Break+1","Intimidate+1","Inflame+1","Flex+1","Inflame+1","Necronomicurse","Searing Blow+6","Immolate+1","Sword Boomerang","Mind Blast","Power Through+1"],"special_seed":17924,"relics":["Burning Blood","Self Forming Clay","Question Card","Art of War","Paper Frog","Strange Spoon","Astrolabe","Oddly Smooth Stone","Spirit Poop","Kunai","Necronomicon","Bottled Lightning","Regal Pillow","Mark of Pain","PreservedInsect","Lantern","MawBank"],"potions_floor_usage":[33,33,39,50,50],"damage_taken":[{"damage":0,"enemies":"Cultist","floor":1,"turns":3},{"damage":1,"enemies":"2 Louse","floor":5,"turns":3},{"damage":24,"enemies":"3 Sentries","floor":6,"turns":11},{"damage":28,"enemies":"Lagavulin","floor":7,"turns":7},{"damage":6,"enemies":"Small Slimes","floor":8,"turns":4},{"damage":3,"enemies":"3 Louse","floor":14,"turns":3},{"damage":24,"enemies":"The Guardian","floor":16,"turns":13},{"damage":11,"enemies":"3 Byrds","floor":18,"turns":5},{"damage":11,"enemies":"Book of Stabbing","floor":22,"turns":6},{"damage":14,"enemies":"Shell Parasite","floor":28,"turns":4},{"damage":38,"enemies":"Slavers","floor":30,"turns":6},{"damage":27,"enemies":"Collector","floor":33,"turns":5},{"damage":9,"enemies":"3 Shapes","floor":35,"turns":1},{"damage":0,"enemies":"Orb Walker","floor":36,"turns":1},{"damage":28,"enemies":"Giant Head","floor":37,"turns":6},{"damage":27,"enemies":"Nemesis","floor":39,"turns":5},{"damage":5,"enemies":"Jaw Worm Horde","floor":48,"turns":3},{"damage":40,"enemies":"Awakened One","floor":50,"turns":8}],"seed_played":"4127696918694319240","potions_obtained":[{"floor":6,"key":"Weak Potion"},{"floor":7,"key":"SpeedPotion"},{"floor":16,"key":"Poison Potion"},{"floor":30,"key":"PowerPotion"},{"floor":33,"key":"Energy Potion"},{"floor":35,"key":"PowerPotion"},{"floor":48,"key":"Block Potion"}],"is_trial":false,"path_per_floor":["M","$","T","?","M","E","E","M","T","R","R","$","R","M","R","B",null,"M","$","?","?","E","R","?","R","T","R","M","R","E","$","R","B",null,"M","M","E","$","E","R","R","R","T","R","$","R","R","M","R","B",null],"character_chosen":"IRONCLAD","items_purchased":["Strange Spoon","Mind Blast","Regen Potion"],"campfire_rested":2,"item_purchase_floors":[12,38,45],"current_hp_per_floor":[80,80,80,80,80,62,40,40,40,40,40,40,40,43,43,25,80,75,75,75,75,70,70,54,54,54,54,46,46,14,14,53,32,80,77,80,58,58,37,37,37,37,37,37,37,37,37,38,77,48],"gold":74,"neow_bonus":"","is_prod":false,"is_daily":true,"chose_seed":false,"campfire_upgraded":14,"win_rate":0,"timestamp":1548720291,"path_taken":["M","?","?","?","?","E","E","M","T","R","R","$","R","M","R","BOSS","M","$","?","?","?","R","?","R","T","R","?","R","?","?","R","BOSS","M","?","?","?","?","R","R","R","T","R","?","R","R","?","R","BOSS"],"build_version":"2019-01-23","purchased_purges":3,"victory":true,"max_hp_per_floor":[80,80,80,80,80,80,80,80,80,80,80,80,80,80,80,80,80,80,80,80,80,80,80,80,80,80,80,80,80,80,80,80,80,80,80,80,80,80,80,80,80,80,80,80,80,80,80,80,80,80],"card_choices":[{"not_picked":["Iron Wave","Flex"],"picked":"Pommel Strike","floor":1},{"not_picked":["Perfected Strike","Warcry"],"picked":"Rampage","floor":5},{"not_picked":["Seeing Red","Pummel"],"picked":"Clothesline","floor":6},{"not_picked":["Wild Strike","Sentinel","Perfected Strike"],"picked":"Shrug It Off","floor":7},{"not_picked":["Clash","Flex","Uppercut"],"picked":"Headbutt","floor":8},{"not_picked":["Shrug It Off","Bloodletting","Anger"],"picked":"Infernal Blade","floor":14},{"not_picked":["Brutality","Feed","Dark Embrace"],"picked":"Limit Break","floor":16},{"not_picked":["Havoc","Twin Strike","Shrug It Off"],"picked":"Flex","floor":18},{"not_picked":["Combust","Dark Embrace","Hemokinesis"],"picked":"Inflame+1","floor":22},{"not_picked":["Perfected Strike","Body Slam","Bloodletting"],"picked":"Searing Blow","floor":28},{"not_picked":["Flex","Warcry+1","Bloodletting+1","Carnage"],"picked":"SKIP","floor":30},{"not_picked":["Fiend Fire","Juggernaut","Bludgeon"],"picked":"Immolate","floor":33},{"not_picked":["Pommel Strike+1","Body Slam+1","Havoc","Bloodletting+1"],"picked":"SKIP","floor":35},{"not_picked":["Second Wind","Armaments+1","Thunderclap+1","Berserk"],"picked":"SKIP","floor":36},{"not_picked":["Wild Strike","Body Slam+1","Clash"],"picked":"Sword Boomerang","floor":37},{"not_picked":["Hemokinesis+1","Wild Strike+1","Iron Wave"],"picked":"Power Through+1","floor":39},{"not_picked":["Iron Wave","Dual Wield","Sword Boomerang+1","Anger+1"],"picked":"SKIP","floor":48}],"player_experience":321356,"relics_obtained":[{"floor":3,"key":"Self Forming Clay"},{"floor":6,"key":"Question Card"},{"floor":7,"key":"Art of War"},{"floor":9,"key":"Paper Frog"},{"floor":22,"key":"Kunai"},{"floor":24,"key":"Necronomicon"},{"floor":26,"key":"Bottled Lightning"},{"floor":30,"key":"Regal Pillow"},{"floor":37,"key":"PreservedInsect"},{"floor":39,"key":"Lantern"},{"floor":43,"key":"MawBank"}],"event_choices":[{"damage_healed":0,"gold_gain":0,"player_choice":"1 cards matched","damage_taken":0,"max_hp_gain":0,"max_hp_loss":0,"event_name":"Match and Keep!","floor":4,"gold_loss":0,"cards_obtained":["Shockwave"]},{"damage_healed":0,"gold_gain":0,"player_choice":"Opened","damage_taken":0,"relics_obtained":["Oddly Smooth Stone"],"max_hp_gain":0,"max_hp_loss":0,"event_name":"The Mausoleum","floor":20,"gold_loss":0,"cards_obtained":["Writhe"]},{"cards_removed":["Writhe"],"damage_healed":0,"gold_gain":0,"player_choice":"Offered Curse","damage_taken":0,"relics_obtained":["Spirit Poop"],"max_hp_gain":0,"max_hp_loss":0,"event_name":"Bonfire Elementals","floor":21,"gold_loss":0},{"damage_healed":0,"gold_gain":0,"player_choice":"Obtained Book","damage_taken":16,"max_hp_gain":0,"max_hp_loss":0,"event_name":"Cursed Tome","floor":24,"gold_loss":0}],"is_beta":true,"boss_relics":[{"not_picked":["Runic Pyramid","Black Blood"],"picked":"Astrolabe"},{"not_picked":["Runic Cube","Black Star"],"picked":"Mark of Pain"}],"items_purged_floors":[2,19,45],"is_endless":false,"potions_floor_spawned":[6,7,16,30,33,35,48],"ascension_level":0}