{"path_per_floor":["M","T","$","?","M","R","M","R","T","$","$","?","M","M","R","B",null,"M","?","?","T","M","R","M","$","T","?","M","M","E","?","R","B",null,"M","?","M","$","M","M","R","M","T","R","$","E","?","?","R"],"character_chosen":"THE_SILENT","items_purchased":["Flying Knee","Noxious Fumes","Footwork","Pear","Tiny Chest","Frozen Egg 2","Deadly Poison","Ice Cream","Letter Opener"],"gold_per_floor":[144,169,40,40,85,85,130,130,155,86,7,182,227,272,272,572,572,617,617,617,617,662,662,707,607,607,522,567,612,702,702,702,1002,1002,1047,1137,1182,385,430,475,475,520,570,570,20,110,110,110,110],"floor_reached":50,"campfire_rested":8,"playtime":3280,"current_hp_per_floor":[84,90,90,87,87,90,90,90,96,96,96,102,98,94,102,69,108,72,72,62,68,61,112,95,95,101,101,94,71,59,59,111,81,132,108,86,86,96,86,69,126,97,103,148,148,111,111,92,148],"items_purged":["Strike_G","Strike_G","Strike_G"],"gold":110,"score":731,"play_id":"6be10e46-7e2d-4e11-bc7d-b1344b6a245d","local_time":"20180306185946","daily_mods":[{"name":"Heirloom","description":"Start with 1 Rare relic.","modID":"Heirloom","img":{"data":{"file":{"file":{"path":"images\\ui\\run_mods\\heirloom.png"},"type":"Internal"},"width":64,"height":64,"format":"RGBA8888","useMipMaps":false,"isPrepared":false},"glTarget":3553,"glHandle":683,"minFilter":"Linear","magFilter":"Linear","uWrap":"ClampToEdge","vWrap":"ClampToEdge"},"positive":true},{"name":"Cursed Run","description":"Whenever you defeat a Boss, become Cursed. Your starting relic is replaced with Cursed Key, Darkstone Periapt, and Du-Vu Doll.","modID":"Cursed Run","img":{"data":{"file":{"file":{"path":"images\\ui\\run_mods\\cursed_run.png"},"type":"Internal"},"width":64,"height":64,"format":"RGBA8888","useMipMaps":false,"isPrepared":false},"glTarget":3553,"glHandle":673,"minFilter":"Linear","magFilter":"Linear","uWrap":"ClampToEdge","vWrap":"ClampToEdge"},"positive":false},{"name":"Midas","description":"Enemies drop 200% more gold, but you cannot upgrade cards at Rest Sites.","modID":"Midas","img":{"data":{"file":{"file":{"path":"images\\ui\\run_mods\\midas.png"},"type":"Internal"},"width":64,"height":64,"format":"RGBA8888","useMipMaps":false,"isPrepared":false},"glTarget":3553,"glHandle":681,"minFilter":"Linear","magFilter":"Linear","uWrap":"ClampToEdge","vWrap":"ClampToEdge"},"positive":false}],"is_prod":false,"is_daily":true,"is_ascension_mode":false,"campfire_upgraded":0,"timestamp":1520359186,"path_taken":["M","?","$","?","?","R","M","R","T","?","$","?","?","M","R","BOSS","M","?","?","?","M","R","?","?","T","?","?","?","E","?","R","BOSS","M","?","M","$","?","M","R","M","T","R","?","E","?","?","R","BOSS"],"build_version":"2018-03-05-BETAv2","purchased_purges":3,"victory":false,"master_deck":["Defend_G","Defend_G","Defend_G","Survivor","Neutralize","Poisoned Stab","Regret","Flying Knee","Terror","Decay","Noxious Fumes","Footwork","Doubt","Noxious Fumes","Backflip","Clumsy","Backflip+1","Noxious Fumes+1","Heel Hook+1","Necronomicurse","Regret","Noxious Fumes","Corpse Explosion","Doubt","Poisoned Stab+1","Adrenaline","Bane","Envenom","Parasite","Die Die Die","Acrobatics","Deadly Poison","Backflip+1","Dodge and Roll+1","Regret","Deadly Poison+1","Madness","Madness"],"max_hp_per_floor":[84,90,90,90,90,90,90,90,96,96,96,102,102,102,102,108,108,108,108,114,120,120,120,120,120,126,126,126,126,126,126,126,132,132,132,132,132,142,142,142,142,142,148,148,148,148,148,148,148],"relics":["Cursed Key","Darkstone Periapt","Du-Vu Doll","Mango","Pen Nib","Ornamental Fan","Orichalcum","Nloth\u0027s Gift","Necronomicon","Regal Pillow","Thread and Needle","Paper Crane","Girya","Black Star","Bird Faced Urn","Pear","Tiny Chest","Frozen Egg 2","Singing Bowl","Ice Cream","Letter Opener","Kunai","Bottled Tornado"],"card_choices":[{"not_picked":["Flechettes","Cloak And Dagger"],"picked":"Poisoned Stab"},{"not_picked":["Underhanded Strike","Bane"],"picked":"Terror"},{"not_picked":["Footwork","Dagger Throw"],"picked":"Noxious Fumes"},{"not_picked":["Outmaneuver","Masterful Stab"],"picked":"Backflip"},{"not_picked":["Deflect","Unload"],"picked":"Noxious Fumes"},{"not_picked":["Finisher","Slice"],"picked":"Corpse Explosion"},{"not_picked":["Escape Plan","Prepared"],"picked":"Poisoned Stab"},{"not_picked":["Prepared","Bullet Time"],"picked":"Adrenaline"},{"not_picked":["Night Terror","Phantasmal Killer"],"picked":"Die Die Die"},{"not_picked":["Backflip","Reflex"],"picked":"Acrobatics"},{"not_picked":["Dagger Spray","Flying Knee"],"picked":"Backflip"},{"not_picked":["Prepared","Dagger Spray"],"picked":"Dodge and Roll"},{"not_picked":["Outmaneuver","Dodge and Roll"],"picked":"Deadly Poison"}],"player_experience":180563,"potions_floor_usage":[33,33,35,50,50],"damage_taken":[{"damage":0,"enemies":"Cultist","floor":1,"turns":5},{"damage":0,"enemies":"Small Slimes","floor":5,"turns":3},{"damage":0,"enemies":"2 Louse","floor":7,"turns":2},{"damage":4,"enemies":"2 Fungi Beasts","floor":13,"turns":4},{"damage":4,"enemies":"Blue Slaver","floor":14,"turns":3},{"damage":39,"enemies":"Hexaghost","floor":16,"turns":9},{"damage":36,"enemies":"2 Thieves","floor":18,"turns":5},{"damage":7,"enemies":"Shell Parasite","floor":22,"turns":4},{"damage":17,"enemies":"Centurion and Healer","floor":24,"turns":6},{"damage":7,"enemies":"Snake Plant","floor":28,"turns":5},{"damage":23,"enemies":"Chosen and Byrds","floor":29,"turns":6},{"damage":12,"enemies":"Book of Stabbing","floor":30,"turns":5},{"damage":36,"enemies":"Champ","floor":33,"turns":9},{"damage":24,"enemies":"Flame Bruiser 1 Orb","floor":35,"turns":4},{"damage":22,"enemies":"Mysterious Sphere","floor":36,"turns":5},{"damage":8,"enemies":"Orb Walker","floor":37,"turns":4},{"damage":20,"enemies":"Sphere and 2 Shapes","floor":39,"turns":5},{"damage":29,"enemies":"3 Darklings","floor":40,"turns":5},{"damage":39,"enemies":"Spire Growth","floor":42,"turns":5},{"damage":43,"enemies":"Nemesis","floor":46,"turns":5},{"damage":163,"enemies":"Awakened One","floor":50,"turns":6}],"event_choices":[{"event_name":"Scrap Ooze","player_choice":"success","floor":4,"damage_taken":3},{"event_name":"Liars Game","player_choice":"agreed","floor":12,"damage_taken":0},{"event_name":"N\u0027loth","player_choice":"Traded a Astrolabe","floor":19,"damage_taken":0},{"event_name":"Cursed Tome","player_choice":"Obtained Book","floor":20,"damage_taken":0},{"event_name":"Addict","player_choice":"Obtained Relic","floor":27,"damage_taken":0},{"event_name":"Match and Keep!","player_choice":"2 cards matched","floor":31,"damage_taken":0},{"event_name":"Mysterious Sphere","player_choice":"Fight","floor":36,"damage_taken":0},{"event_name":"Winding Halls","player_choice":"Embrace Madness","floor":48,"damage_taken":0}],"boss_relics":[{"not_picked":["Velvet Choker","Tiny House"],"picked":"Astrolabe"},{"not_picked":["Runic Dome","Philosopher\u0027s Stone"],"picked":"Black Star"}],"potions_floor_spawned":[1,13,14,16,22,24,30,37,46],"seed_played":"-348954196553452531","killed_by":"Awakened One","ascension_level":0,"is_trial":false}