{"gold_per_floor":[113,113,124,124,51,51,67,67,121,54,129,143,160,180,180,180],"floor_reached":16,"playtime":692,"items_purged":[],"score":92,"play_id":"9179b099-232a-4d19-a5ff-b833313a6880","local_time":"20190421175231","is_ascension_mode":false,"campfire_choices":[{"data":"Loop","floor":6,"key":"SMITH"},{"floor":15,"key":"REST"}],"neow_cost":"NONE","seed_source_timestamp":864217769377561,"circlet_count":0,"master_deck":["Strike_B","Strike_B","Strike_B","Strike_B","Defend_B","Defend_B","Defend_B","Defend_B","Zap+1","Dualcast","Ball Lightning","Conserve Battery","Loop+1","Glacier","FTL","Reinforced Body","White Noise","Sunder"],"relics":["Cracked Core","Omamori"],"potions_floor_usage":[],"damage_taken":[{"damage":1,"enemies":"Cultist","floor":1,"turns":3},{"damage":6,"enemies":"Jaw Worm","floor":3,"turns":2},{"damage":0,"enemies":"Small Slimes","floor":7,"turns":2},{"damage":15,"enemies":"Exordium Thugs","floor":12,"turns":5},{"damage":5,"enemies":"Large Slime","floor":13,"turns":6},{"damage":7,"enemies":"Lots of Slimes","floor":14,"turns":5},{"damage":25,"enemies":"Hexaghost","floor":16,"turns":4}],"seed_played":"6844169452198904118","potions_obtained":[{"floor":3,"key":"LiquidBronze"}],"is_trial":false,"path_per_floor":["M","?","M","?","$","R","M","?","T","$","?","M","M","M","R","B"],"character_chosen":"DEFECT","items_purchased":["Loop","FTL"],"campfire_rested":1,"item_purchase_floors":[5,10],"current_hp_per_floor":[74,74,68,61,61,61,61,61,61,61,54,39,34,27,49,24],"gold":180,"neow_bonus":"UPGRADE_CARD","is_prod":false,"is_daily":false,"chose_seed":false,"campfire_upgraded":1,"win_rate":0,"timestamp":1555883551,"path_taken":["M","?","?","?","$","R","?","?","T","$","?","?","M","M","R","BOSS"],"build_version":"2019-01-03v4","purchased_purges":0,"victory":false,"max_hp_per_floor":[75,75,75,75,75,75,75,75,75,75,75,75,75,75,75,75],"card_choices":[{"not_picked":["Beam Cell","Auto Shields"],"picked":"Ball Lightning","floor":1},{"not_picked":["Beam Cell","Steam Power"],"picked":"Conserve Battery","floor":3},{"not_picked":["Gash","Hologram"],"picked":"Glacier","floor":7},{"not_picked":["Stack","Darkness"],"picked":"Reinforced Body","floor":12},{"not_picked":["Sweeping Beam","Compile Driver"],"picked":"White Noise","floor":13},{"not_picked":["Reinforced Body","Steam"],"picked":"Sunder","floor":14}],"player_experience":218675,"relics_obtained":[{"floor":9,"key":"Omamori"}],"event_choices":[{"damage_healed":0,"gold_gain":0,"player_choice":"Bought 0 Potions","damage_taken":0,"max_hp_gain":0,"max_hp_loss":0,"event_name":"The Woman in Blue","floor":2,"gold_loss":0},{"damage_healed":0,"gold_gain":0,"player_choice":"Damaged","damage_taken":7,"max_hp_gain":0,"max_hp_loss":0,"event_name":"Wheel of Change","floor":4,"gold_loss":0},{"damage_healed":0,"gold_gain":0,"player_choice":"Ignored","damage_taken":0,"max_hp_gain":0,"max_hp_loss":0,"event_name":"Golden Wing","floor":8,"gold_loss":0},{"damage_healed":0,"gold_gain":75,"player_choice":"Touch","damage_taken":7,"max_hp_gain":0,"max_hp_loss":0,"event_name":"FaceTrader","floor":11,"gold_loss":0}],"is_beta":false,"boss_relics":[],"items_purged_floors":[],"is_endless":false,"potions_floor_spawned":[3],"killed_by":"Hexaghost","ascension_level":0}