{"gold_per_floor":[142,191,204,184,197,197,208,208,260,270,270,285,285,301,301,403,403,414,434,434,451,66,91,91,101,101,101,116,40,40,51,51,155,155,173,173,173,190,190,190,221,221,276,276,288,87,101,101],"floor_reached":48,"playtime":1768,"items_purged":["Pain","Decay"],"score":549,"play_id":"bdabff97-147f-471b-9711-34c0b33e80c8","local_time":"20190513192739","is_ascension_mode":false,"campfire_choices":[{"data":"Defragment","floor":6.0,"key":"SMITH"},{"data":"Zap","floor":8.0,"key":"SMITH"},{"data":"Dualcast","floor":13.0,"key":"SMITH"},{"data":"Electrodynamics","floor":15.0,"key":"SMITH"},{"floor":27.0,"key":"REST"},{"floor":30.0,"key":"REST"},{"data":"Conserve Battery","floor":32.0,"key":"SMITH"},{"data":"Madness","floor":40.0,"key":"SMITH"},{"floor":42.0,"key":"REST"}],"neow_cost":"NONE","seed_source_timestamp":639056720904925,"circlet_count":0,"master_deck":["Strike_B","Strike_B","Strike_B","Strike_B","Defend_B+1","Defend_B","Defend_B","Zap+1","Dualcast+1","Ball Lightning","Gash","Defragment+1","Hologram+1","Gash","Electrodynamics+1","Leap","Thunder Strike","Redo","Steam","Beam Cell+1","Static Discharge","Hologram","Defragment+1","Conserve Battery+1","Hologram+1","Cold Snap+1","Conserve Battery","Hologram","Core Surge+1","Gash+1","Madness+1","Madness","Madness","Turbo","Stack+1","Capacitor","Coolheaded","Seek"],"special_seed":0,"relics":["Cracked Core","Blood Vial","War Paint","WarpedTongs","Lizard Tail","Nloth\u0027s Gift","DollysMirror","Symbiotic Virus","Molten Egg 2","Eternal Feather","Ginger"],"potions_floor_usage":[],"damage_taken":[{"damage":0.0,"enemies":"Cultist","floor":1.0,"turns":3.0},{"damage":0.0,"enemies":"Small Slimes","floor":3.0,"turns":2.0},{"damage":1.0,"enemies":"Jaw Worm","floor":5.0,"turns":2.0},{"damage":14.0,"enemies":"Lots of Slimes","floor":7.0,"turns":3.0},{"damage":0.0,"enemies":"Blue Slaver","floor":10.0,"turns":3.0},{"damage":11.0,"enemies":"Red Slaver","floor":12.0,"turns":2.0},{"damage":12.0,"enemies":"3 Louse","floor":14.0,"turns":3.0},{"damage":19.0,"enemies":"The Guardian","floor":16.0,"turns":8.0},{"damage":10.0,"enemies":"Shell Parasite","floor":18.0,"turns":4.0},{"damage":19.0,"enemies":"Spheric Guardian","floor":19.0,"turns":4.0},{"damage":4.0,"enemies":"Snecko","floor":21.0,"turns":2.0},{"damage":36.0,"enemies":"Book of Stabbing","floor":23.0,"turns":5.0},{"damage":6.0,"enemies":"Cultist and Chosen","floor":25.0,"turns":3.0},{"damage":12.0,"enemies":"Shelled Parasite and Fungi","floor":28.0,"turns":5.0},{"damage":0.0,"enemies":"Centurion and Healer","floor":31.0,"turns":6.0},{"damage":43.0,"enemies":"Automaton","floor":33.0,"turns":7.0},{"damage":9.0,"enemies":"3 Shapes","floor":35.0,"turns":2.0},{"damage":0.0,"enemies":"Orb Walker","floor":38.0,"turns":4.0},{"damage":50.0,"enemies":"Nemesis","floor":41.0,"turns":9.0},{"damage":35.0,"enemies":"3 Darklings","floor":45.0,"turns":3.0},{"damage":20.0,"enemies":"Maw","floor":47.0,"turns":8.0},{"damage":69,"enemies":"Sphere and 2 Shapes","floor":48,"turns":3}],"seed_played":"3883427632254151747","potions_obtained":[{"floor":4.0,"key":"EssenceOfSteel"},{"floor":5.0,"key":"FearPotion"},{"floor":10.0,"key":"Explosive Potion"},{"floor":16.0,"key":"SpeedPotion"},{"floor":21.0,"key":"Ancient Potion"},{"floor":31.0,"key":"Regen Potion"},{"floor":35.0,"key":"AttackPotion"},{"floor":41.0,"key":"SkillPotion"}],"is_trial":false,"path_per_floor":["M","T","M","?","M","R","M","R","T","M","?","M","R","M","R","B",null,"M","M","?","M","$","E","$","M","T","R","M","$","R","M","R","B",null,"M","?","?","M","?","R","E","R","T","?","M","$","M","M"],"character_chosen":"DEFECT","items_purchased":["Static Discharge","Hologram","DollysMirror","Cold Snap+1","Conserve Battery","Capacitor","Coolheaded"],"campfire_rested":3,"item_purchase_floors":[22,22,22,29,29,46,46],"current_hp_per_floor":[75,75,75,75,74,74,61,61,61,63,63,54,54,44,44,27,75,65,48,48,46,46,12,12,8,8,30,20,20,42,44,44,18,75,66,57,57,59,59,75,25,68,68,68,35,35,17,0],"gold":101,"neow_bonus":"RANDOM_COMMON_RELIC","is_prod":false,"is_daily":false,"chose_seed":false,"campfire_upgraded":6,"win_rate":0,"timestamp":1557790059,"path_taken":["M","?","M","?","M","R","M","R","T","?","?","?","R","M","R","BOSS","M","M","?","M","$","E","$","M","T","R","?","?","R","M","R","BOSS","M","?","?","M","?","R","E","R","T","?","M","$","?","M"],"build_version":"2019-01-23","purchased_purges":2,"victory":false,"max_hp_per_floor":[75,75,75,75,75,75,75,75,75,75,75,75,75,75,75,75,75,75,75,75,75,75,75,75,75,75,75,75,75,75,75,75,75,75,75,75,75,75,75,75,75,75,75,75,75,75,75,75],"card_choices":[{"not_picked":["Aggregate","Tempest"],"picked":"Ball Lightning","floor":1.0},{"not_picked":["Sweeping Beam","Beam Cell"],"picked":"Gash","floor":3.0},{"not_picked":["Stack","Melter"],"picked":"Defragment","floor":5.0},{"not_picked":["Barrage","Fusion"],"picked":"Hologram","floor":7.0},{"not_picked":["Go for the Eyes","Barrage"],"picked":"Gash","floor":10.0},{"not_picked":["Auto Shields","Redo"],"picked":"Electrodynamics","floor":12.0},{"not_picked":["Sweeping Beam","Beam Cell"],"picked":"Leap","floor":14.0},{"not_picked":["Hyperbeam","Biased Cognition"],"picked":"Thunder Strike","floor":16.0},{"not_picked":["Chill","Compile Driver"],"picked":"Redo","floor":18.0},{"not_picked":["Sunder","Compile Driver"],"picked":"Steam","floor":19.0},{"not_picked":["Barrage+1","Sweeping Beam"],"picked":"Beam Cell+1","floor":21.0},{"not_picked":["All For One","Static Discharge"],"picked":"Conserve Battery","floor":23.0},{"not_picked":["Sunder","Rebound","Streamline"],"picked":"SKIP","floor":25.0},{"not_picked":["Barrage+1","Streamline+1"],"picked":"Hologram+1","floor":28.0},{"not_picked":["Heatsinks","Rebound+1"],"picked":"Hologram","floor":31.0},{"not_picked":["Creative AI","Reboot"],"picked":"Core Surge+1","floor":33.0},{"not_picked":["Reprogram","Sweeping Beam+1"],"picked":"Gash+1","floor":35.0},{"not_picked":["Discovery","Dark Shackles"],"picked":"Madness","floor":37.0},{"not_picked":["Static Discharge","Multi-Cast"],"picked":"Turbo","floor":38.0},{"not_picked":["Sweeping Beam+1","Thunder Strike+1"],"picked":"Stack+1","floor":41.0},{"not_picked":["Skim","Sweeping Beam+1","Steam Power"],"picked":"SKIP","floor":45.0},{"not_picked":["Conserve Battery","Go for the Eyes+1"],"picked":"Seek","floor":47.0}],"player_experience":301223,"relics_obtained":[{"floor":2.0,"key":"Blood Vial"},{"floor":9.0,"key":"War Paint"},{"floor":23.0,"key":"Symbiotic Virus"},{"floor":26.0,"key":"Molten Egg 2"},{"floor":41.0,"key":"Ginger"}],"event_choices":[{"damage_healed":0.0,"max_hp_gain":0.0,"max_hp_loss":0.0,"gold_gain":0.0,"event_name":"The Woman in Blue","player_choice":"Bought 1 Potion","floor":4.0,"gold_loss":0.0,"damage_taken":0.0},{"damage_healed":0.0,"max_hp_gain":0.0,"max_hp_loss":0.0,"gold_gain":0.0,"event_name":"Accursed Blacksmith","player_choice":"Rummage","floor":11.0,"gold_loss":0.0,"damage_taken":0.0,"relics_obtained":["WarpedTongs"],"cards_obtained":["Pain"]},{"damage_healed":0.0,"max_hp_gain":0.0,"max_hp_loss":0.0,"gold_gain":0.0,"event_name":"N\u0027loth","player_choice":"Traded Relic","floor":20.0,"relics_lost":["Tiny Chest"],"gold_loss":0.0,"damage_taken":0.0,"relics_obtained":["Nloth\u0027s Gift"]},{"damage_healed":0.0,"max_hp_gain":0.0,"max_hp_loss":0.0,"gold_gain":0.0,"event_name":"Winding Halls","player_choice":"Embrace Madness","floor":36.0,"gold_loss":0.0,"damage_taken":9.0,"cards_obtained":["Madness","Madness"]},{"damage_healed":0.0,"max_hp_gain":0.0,"max_hp_loss":0.0,"gold_gain":0.0,"event_name":"SensoryStone","player_choice":"Memory 1","floor":37.0,"gold_loss":0.0,"damage_taken":0.0},{"cards_removed":["Defend_B"],"damage_healed":0.0,"max_hp_gain":0.0,"max_hp_loss":0.0,"gold_gain":0.0,"event_name":"Falling","player_choice":"Removed Skill","floor":39.0,"gold_loss":0.0,"damage_taken":0.0},{"damage_healed":0.0,"max_hp_gain":0.0,"max_hp_loss":0.0,"gold_gain":0.0,"event_name":"Wheel of Change","player_choice":"Cursed","floor":44.0,"gold_loss":0.0,"damage_taken":0.0,"cards_obtained":["Decay"]}],"is_beta":false,"boss_relics":[{"not_picked":["Runic Dome","Fusion Hammer"],"picked":"Lizard Tail"},{"not_picked":["Orrery","Pandora\u0027s Box"],"picked":"Eternal Feather"}],"items_purged_floors":[22,46],"is_endless":false,"potions_floor_spawned":[5,10,16,18,21,23,31,35,38,41],"killed_by":"Sphere and 2 Shapes","ascension_level":0}