{"gold_per_floor":[164,164,164,178,178,208,208,208,208,208,208,242,252,264,264,264],"floor_reached":16,"playtime":563,"items_purged":[],"score":108,"play_id":"9cdc2e45-84a9-4194-83b9-95c7fb41227e","local_time":"20190514025831","is_ascension_mode":false,"campfire_choices":[{"floor":7,"key":"RECALL"},{"data":"Defend_R","floor":10,"key":"PURGE"},{"floor":15,"key":"REST"}],"neow_cost":"NONE","seed_source_timestamp":577180569065495,"circlet_count":0,"master_deck":["Strike_R+1","Strike_R+1","Strike_R","Strike_R","Strike_R","Defend_R","Defend_R","Defend_R+1","Bash","Dual Wield","Whirlwind+1","Thunderclap","Shrug It Off","Flex"],"relics":["Tiny House","Bag of Preparation","Magic Flower","Peace Pipe","Pen Nib"],"potions_floor_usage":[16,16,16],"damage_taken":[{"damage":0,"enemies":"Small Slimes","floor":1,"turns":3},{"damage":0,"enemies":"2 Louse","floor":4,"turns":1},{"damage":25,"enemies":"3 Sentries","floor":6,"turns":3},{"damage":31,"enemies":"Lagavulin","floor":12,"turns":5},{"damage":1,"enemies":"Cultist","floor":13,"turns":3},{"damage":0,"enemies":"2 Fungi Beasts","floor":14,"turns":1},{"damage":38,"enemies":"The Guardian","floor":16,"turns":10}],"seed_played":"6554089447139171712","potions_obtained":[{"floor":0,"key":"LiquidBronze"},{"floor":1,"key":"Swift Potion"},{"floor":12,"key":"PowerPotion"},{"floor":13,"key":"AttackPotion"}],"is_trial":false,"path_per_floor":["M","?","?","M","?","E","R","T","T","R","?","E","M","M","R","B"],"character_chosen":"IRONCLAD","items_purchased":[],"campfire_rested":1,"item_purchase_floors":[],"current_hp_per_floor":[85,68,68,68,68,43,43,43,43,43,43,12,11,11,36,0],"gold":264,"neow_bonus":"BOSS_RELIC","is_prod":false,"is_daily":false,"chose_seed":false,"campfire_upgraded":0,"win_rate":0,"timestamp":1557795511,"path_taken":["M","?","?","?","?","E","R","?","T","R","?","E","?","M","R","BOSS"],"build_version":"2019-05-07","purchased_purges":0,"victory":false,"max_hp_per_floor":[85,85,85,85,85,85,85,85,85,85,85,85,85,85,85,85],"card_choices":[{"not_picked":["True Grit","Wild Strike"],"picked":"Dual Wield","floor":0},{"not_picked":["Combust","Anger"],"picked":"Whirlwind","floor":1},{"not_picked":["Seeing Red","Sword Boomerang"],"picked":"Thunderclap","floor":4},{"not_picked":["Hemokinesis","Heavy Blade","Perfected Strike"],"picked":"SKIP","floor":6},{"not_picked":["Heavy Blade","Infernal Blade"],"picked":"Shrug It Off","floor":12},{"not_picked":["Clash","Heavy Blade"],"picked":"Flex","floor":13},{"not_picked":["Evolve","Headbutt","Clash"],"picked":"SKIP","floor":14}],"player_experience":368233,"relics_obtained":[{"floor":3,"key":"Bag of Preparation"},{"floor":6,"key":"Magic Flower"},{"floor":8,"key":"Peace Pipe"},{"floor":12,"key":"Pen Nib"}],"event_choices":[{"damage_healed":0,"gold_gain":0,"player_choice":"Entered Light","damage_taken":17,"max_hp_gain":0,"max_hp_loss":0,"event_name":"Shining Light","floor":2,"gold_loss":0,"cards_upgraded":["Strike_R","Strike_R"]},{"damage_healed":0,"gold_gain":0,"player_choice":"Relic","damage_taken":0,"max_hp_gain":0,"max_hp_loss":0,"event_name":"Wheel of Change","floor":3,"gold_loss":0},{"damage_healed":0,"gold_gain":0,"player_choice":"Grow","damage_taken":0,"max_hp_gain":0,"max_hp_loss":0,"event_name":"Living Wall","floor":5,"gold_loss":0,"cards_upgraded":["Whirlwind"]},{"damage_healed":0,"gold_gain":0,"player_choice":"0 cards matched","damage_taken":0,"max_hp_gain":0,"max_hp_loss":0,"event_name":"Match and Keep!","floor":11,"gold_loss":0,"cards_obtained":[]}],"is_beta":true,"boss_relics":[],"items_purged_floors":[],"is_endless":false,"potions_floor_spawned":[1,12,13],"killed_by":"The Guardian","ascension_level":0}