{"gold_per_floor":[362,362,437,51,66,66,94,94,119,119,135,146,172,190,190,267,267,281,301,211,229,35,35,0,33,33,33,47,47,61,73,73,151,151,167,167,167,16,29,29,29,29,56,83,83,100,120,120,120,120,120,120,35,60,60],"floor_reached":55,"playtime":4066,"items_purged":["Strike_R"],"score":1164,"play_id":"d4a23992-0bd3-4cde-9117-f4e4bc05d5b6","local_time":"20190423132110","is_ascension_mode":true,"campfire_choices":[{"data":"Metallicize","floor":6.0,"key":"SMITH"},{"data":"Berserk","floor":8.0,"key":"SMITH"},{"floor":10.0,"key":"REST"},{"data":"Armaments","floor":15.0,"key":"SMITH"},{"data":"Body Slam","floor":23,"key":"SMITH"},{"data":"Rampage","floor":29,"key":"SMITH"},{"floor":32,"key":"REST"},{"data":"Flame Barrier","floor":40,"key":"SMITH"},{"floor":42,"key":"RECALL"},{"floor":49,"key":"REST"},{"floor":52,"key":"REST"}],"neow_cost":"PERCENT_DAMAGE","seed_source_timestamp":517076845377200,"circlet_count":0,"master_deck":["AscendersBane","Strike_R+1","Strike_R+1","Strike_R+1","Defend_R+1","Defend_R+1","Defend_R+1","Defend_R+1","Bash+1","Rampage+1","Metallicize+1","Flame Barrier+1","Berserk+1","Headbutt+1","Armaments+1","Body Slam+1","Power Through+1","Bludgeon+1","Shrug It Off+1","Carnage+1","Dual Wield+1","Ghostly+1","Ghostly+1","Ghostly+1","Ghostly+1","Ghostly+1","Exhume+1","Double Tap+1","Headbutt+1","Madness+1","Madness+1","Entrench+1","Intimidate+1","Good Instincts","Uppercut"],"special_seed":0,"relics":["Burning Blood","Ice Cream","Vajra","War Paint","StoneCalendar","Velvet Choker","OrangePellets","Paper Frog","Snecko Eye","Mark of the Bloom","Red Skull","Potion Belt","Bag of Preparation"],"potions_floor_usage":[44,50,50,50,50],"damage_taken":[{"damage":6.0,"enemies":"2 Louse","floor":1.0,"turns":4.0},{"damage":7.0,"enemies":"Jaw Worm","floor":5.0,"turns":4.0},{"damage":37.0,"enemies":"Gremlin Nob","floor":7.0,"turns":7.0},{"damage":0.0,"enemies":"Cultist","floor":11.0,"turns":3.0},{"damage":4.0,"enemies":"Blue Slaver","floor":12.0,"turns":4.0},{"damage":21.0,"enemies":"3 Sentries","floor":13.0,"turns":10.0},{"damage":4.0,"enemies":"Looter","floor":14.0,"turns":4.0},{"damage":11.0,"enemies":"Hexaghost","floor":16.0,"turns":8.0},{"damage":0.0,"enemies":"3 Byrds","floor":18.0,"turns":5.0},{"damage":30,"enemies":"Spheric Guardian","floor":19,"turns":4},{"damage":12,"enemies":"Snake Plant","floor":21,"turns":5},{"damage":31,"enemies":"Slavers","floor":25,"turns":7},{"damage":1,"enemies":"Snecko","floor":28,"turns":6},{"damage":19,"enemies":"Shelled Parasite and Fungi","floor":30,"turns":7},{"damage":0,"enemies":"Snake Plant","floor":31,"turns":4},{"damage":4,"enemies":"Automaton","floor":33,"turns":11},{"damage":0,"enemies":"3 Shapes","floor":35,"turns":4},{"damage":1,"enemies":"Orb Walker","floor":39,"turns":4},{"damage":3,"enemies":"Nemesis","floor":44,"turns":5},{"damage":1,"enemies":"Maw","floor":46,"turns":7},{"damage":2,"enemies":"4 Shapes","floor":47,"turns":5},{"damage":32,"enemies":"Awakened One","floor":50,"turns":13},{"damage":2,"enemies":"Shield and Spear","floor":54,"turns":7},{"damage":2,"enemies":"The Heart","floor":55,"turns":2}],"seed_played":"-8836302343469923077","potions_obtained":[{"floor":1.0,"key":"EssenceOfSteel"},{"floor":12.0,"key":"Explosive Potion"},{"floor":13.0,"key":"AttackPotion"},{"floor":30,"key":"SpeedPotion"},{"floor":33,"key":"Weak Potion"},{"floor":44,"key":"Explosive Potion"},{"floor":46,"key":"Fire Potion"},{"floor":47,"key":"GamblersBrew"},{"floor":54,"key":"SteroidPotion"}],"is_trial":false,"path_per_floor":["M","?","?","$","M","R","E","R","T","R","M","M","E","M","R","B",null,"M","M","?","M","$","R","?","E","T","?","M","R","M","M","R","B",null,"M","?","?","$","M","R","?","R","T","E","$","M","M","?","R","B",null,"R","$","E","B"],"character_chosen":"IRONCLAD","items_purchased":["Ice Cream","Metallicize","OrangePellets","Entrench","Good Instincts"],"campfire_rested":4,"item_purchase_floors":[4,4,22,38,53],"current_hp_per_floor":[51,56,45,45,44,44,13,13,13,38,44,46,31,33,33,28,71,77,53,53,47,47,47,47,22,22,22,27,27,14,20,32,34,40,42,37,37,37,42,42,42,42,42,39,39,38,36,36,36,4,4,4,4,2,0],"gold":60,"neow_bonus":"TWO_FIFTY_GOLD","is_prod":false,"is_daily":false,"chose_seed":false,"campfire_upgraded":6,"win_rate":0,"timestamp":1556047270,"path_taken":["M","?","?","$","M","R","E","R","T","R","M","M","E","M","R","BOSS","M","M","?","?","$","R","?","E","T","?","M","R","M","?","R","BOSS","M","?","?","$","?","R","?","R","T","E","?","M","?","?","R","BOSS","R","$","E","BOSS"],"build_version":"2019-01-23","purchased_purges":1,"victory":false,"max_hp_per_floor":[80,85,85,85,85,85,85,85,85,85,85,85,85,85,85,85,85,85,85,85,85,85,85,85,85,85,42,42,42,42,42,42,42,42,42,42,42,42,42,42,42,42,42,42,42,42,42,42,42,42,42,42,42,42,42],"card_choices":[{"not_picked":["Sword Boomerang","Blood for Blood"],"picked":"Rampage","floor":1.0},{"not_picked":["Rupture","Anger"],"picked":"Flame Barrier","floor":5.0},{"not_picked":["Headbutt","Rupture"],"picked":"Berserk","floor":7.0},{"not_picked":["True Grit","Havoc"],"picked":"Headbutt","floor":11.0},{"not_picked":["Flex","Sword Boomerang"],"picked":"Armaments","floor":12.0},{"not_picked":["Thunderclap","Dropkick"],"picked":"Body Slam","floor":13.0},{"not_picked":["Sword Boomerang","Clash"],"picked":"Power Through","floor":14.0},{"not_picked":["Exhume","Immolate"],"picked":"Bludgeon","floor":16.0},{"not_picked":["Armaments","Shrug It Off","Pommel Strike"],"picked":"SKIP","floor":18.0},{"not_picked":["Armaments","Pommel Strike"],"picked":"Shrug It Off","floor":18.0},{"not_picked":["Twin Strike","Warcry","Demon Form"],"picked":"SKIP","floor":19},{"not_picked":["Feel No Pain","Clash"],"picked":"Carnage","floor":21},{"not_picked":["Shrug It Off","Flex"],"picked":"Dual Wield+1","floor":25},{"not_picked":["Blood for Blood","Clothesline","Heavy Blade"],"picked":"SKIP","floor":28},{"not_picked":["Anger","Wild Strike","Blood for Blood"],"picked":"SKIP","floor":30},{"not_picked":["Uppercut","Sentinel"],"picked":"Exhume","floor":31},{"not_picked":["Exhume","Bludgeon"],"picked":"Double Tap","floor":33},{"not_picked":["True Grit","Perfected Strike"],"picked":"Headbutt+1","floor":35},{"not_picked":["Pommel Strike","Burning Pact","Anger"],"picked":"SKIP","floor":39},{"not_picked":["Perfected Strike","Wild Strike"],"picked":"Intimidate+1","floor":44},{"not_picked":["Perfected Strike","True Grit","Wild Strike"],"picked":"SKIP","floor":46},{"not_picked":["Iron Wave+1","Anger","Sword Boomerang"],"picked":"SKIP","floor":47},{"not_picked":["Flex+1","Cleave"],"picked":"Uppercut","floor":54}],"player_experience":650925,"relics_obtained":[{"floor":7.0,"key":"Vajra"},{"floor":9.0,"key":"War Paint"},{"floor":13.0,"key":"StoneCalendar"},{"floor":25,"key":"Paper Frog"},{"floor":43,"key":"Red Skull"},{"floor":44,"key":"Potion Belt"},{"floor":54,"key":"Bag of Preparation"}],"event_choices":[{"damage_healed":0.0,"max_hp_gain":5.0,"max_hp_loss":0.0,"gold_gain":0.0,"event_name":"Big Fish","player_choice":"Donut","floor":2.0,"gold_loss":0.0,"damage_taken":0.0},{"damage_healed":0.0,"max_hp_gain":0.0,"max_hp_loss":0.0,"gold_gain":75.0,"event_name":"World of Goop","player_choice":"Gather Gold","floor":3.0,"gold_loss":0.0,"damage_taken":11.0},{"cards_removed":["Strike_R"],"damage_healed":0,"gold_gain":0,"player_choice":"Upgrade and Remove","damage_taken":0,"max_hp_gain":0,"max_hp_loss":0,"event_name":"Designer","floor":20,"gold_loss":90,"cards_upgraded":["Strike_R"]},{"damage_healed":0,"gold_gain":0,"player_choice":"Paid Fearfully","damage_taken":0,"max_hp_gain":0,"max_hp_loss":0,"event_name":"Masked Bandits","floor":24,"gold_loss":35},{"damage_healed":0,"gold_gain":0,"player_choice":"Became a Ghost","damage_taken":0,"max_hp_gain":0,"max_hp_loss":43,"event_name":"Ghosts","floor":27,"gold_loss":0,"cards_obtained":["Ghostly","Ghostly","Ghostly","Ghostly","Ghostly"]},{"damage_healed":0,"gold_gain":0,"player_choice":"Embrace Madness","damage_taken":5,"max_hp_gain":0,"max_hp_loss":0,"event_name":"Winding Halls","floor":36,"gold_loss":0,"cards_obtained":["Madness","Madness"]},{"damage_healed":0,"gold_gain":0,"player_choice":"Upgraded","damage_taken":0,"max_hp_gain":0,"max_hp_loss":0,"event_name":"Upgrade Shrine","floor":37,"gold_loss":0,"cards_upgraded":["Shrug It Off"]},{"damage_healed":0,"gold_gain":0,"player_choice":"Upgrade","damage_taken":0,"relics_obtained":["Mark of the Bloom"],"max_hp_gain":0,"max_hp_loss":0,"event_name":"MindBloom","floor":41,"gold_loss":0,"cards_upgraded":["Strike_R","Strike_R","Defend_R","Defend_R","Bash","Headbutt","Power Through","Bludgeon","Carnage","Ghostly","Ghostly","Ghostly","Ghostly","Ghostly","Exhume","Double Tap","Madness","Madness","Entrench"]},{"damage_healed":0,"gold_gain":0,"player_choice":"Bought 0 Potions","damage_taken":0,"max_hp_gain":0,"max_hp_loss":0,"event_name":"The Woman in Blue","floor":48,"gold_loss":0}],"is_beta":false,"boss_relics":[{"not_picked":["Astrolabe","Busted Crown"],"picked":"Velvet Choker"},{"not_picked":["Lizard Tail","Sozu"],"picked":"Snecko Eye"}],"items_purged_floors":[38],"is_endless":false,"potions_floor_spawned":[1,12,13,30,33,44,46,47,54],"killed_by":"The Heart","ascension_level":13}