{"gold_per_floor":[111,111,123,143,318,345,365,382,409,426,426,426,439,439,439,439],"floor_reached":16,"playtime":655,"items_purged":[],"score":109,"play_id":"2949d067-dc21-4d55-a2fc-c09f58c49745","local_time":"20181028221222","is_ascension_mode":true,"campfire_choices":[{"floor":12,"key":"REST"},{"floor":15,"key":"REST"}],"neow_cost":"NONE","seed_source_timestamp":1049651236240270,"circlet_count":0,"master_deck":["Strike_B","Strike_B","Strike_B","Strike_B","Defend_B","Defend_B","Defend_B","Defend_B","Zap","Dualcast","Chill","Gash","Fusion","Doubt","Fission+1","Fusion+1","BootSequence+1","Leap+1","Rip and Tear"],"relics":["Cracked Core","NeowsBlessing","Toxic Egg 2","Omamori"],"potions_floor_usage":[6,8,13,16,16,16],"damage_taken":[{"damage":0,"enemies":"Cultist","floor":1,"turns":1},{"damage":0,"enemies":"Small Slimes","floor":3,"turns":1},{"damage":0,"enemies":"2 Louse","floor":4,"turns":1},{"damage":37,"enemies":"3 Sentries","floor":6,"turns":10},{"damage":12,"enemies":"Blue Slaver","floor":7,"turns":4},{"damage":21,"enemies":"Gremlin Gang","floor":8,"turns":6},{"damage":0,"enemies":"Red Slaver","floor":10,"turns":4},{"damage":7,"enemies":"Looter","floor":13,"turns":4},{"damage":44,"enemies":"The Guardian","floor":16,"turns":11}],"seed_played":"-4325468585483093628","potions_obtained":[{"floor":3,"key":"Explosive Potion"},{"floor":4,"key":"Ancient Potion"},{"floor":11,"key":"Strength Potion"},{"floor":11,"key":"AttackPotion"},{"floor":11,"key":"EssenceOfSteel"},{"floor":13,"key":"Dexterity Potion"}],"is_trial":false,"path_per_floor":["M","$","M","M","?","E","M","M","T","M","?","R","M","?","R"],"character_chosen":"DEFECT","items_purchased":[],"campfire_rested":2,"item_purchase_floors":[],"current_hp_per_floor":[75,75,75,75,75,38,26,5,5,5,5,27,20,20,42,0],"gold":439,"neow_bonus":"THREE_ENEMY_KILL","is_prod":false,"is_daily":false,"chose_seed":false,"campfire_upgraded":0,"win_rate":0,"timestamp":1540779142,"path_taken":["M","$","M","?","?","E","M","M","T","M","?","R","M","?","R","BOSS"],"build_version":"2018-10-25v2","purchased_purges":0,"victory":false,"max_hp_per_floor":[75,75,75,75,75,75,75,75,75,75,75,75,75,75,75,75],"card_choices":[{"not_picked":["Sweeping Beam","Scrape"],"picked":"Chill","floor":1},{"not_picked":["Turbo","Go for the Eyes"],"picked":"Gash","floor":3},{"not_picked":["Cold Snap","Rebound"],"picked":"Fusion","floor":4},{"not_picked":["Heatsinks","Leap"],"picked":"Fission","floor":6},{"not_picked":["Steam+1","Darkness+1"],"picked":"Fusion+1","floor":7},{"not_picked":["Doom and Gloom","Go for the Eyes"],"picked":"BootSequence+1","floor":8},{"not_picked":["Compile Driver","Streamline"],"picked":"Leap+1","floor":10},{"not_picked":["Sweeping Beam","Stack+1"],"picked":"Rip and Tear","floor":13}],"player_experience":184596,"relics_obtained":[{"floor":6,"key":"Toxic Egg 2"},{"floor":9,"key":"Omamori"}],"event_choices":[{"damage_healed":0,"gold_gain":175,"player_choice":"AGREE","damage_taken":0,"max_hp_gain":0,"max_hp_loss":0,"event_name":"Liars Game","floor":5,"gold_loss":0,"cards_obtained":["Doubt"]},{"damage_healed":0,"gold_gain":0,"player_choice":"Got Potions","damage_taken":0,"max_hp_gain":0,"max_hp_loss":0,"event_name":"The Lab","floor":11,"gold_loss":0},{"damage_healed":0,"gold_gain":0,"player_choice":"Ignored","damage_taken":0,"max_hp_gain":0,"max_hp_loss":0,"event_name":"Golden Wing","floor":14,"gold_loss":0}],"is_beta":false,"boss_relics":[],"items_purged_floors":[],"is_endless":false,"potions_floor_spawned":[3,4,13],"killed_by":"The Guardian","ascension_level":1}