{"path_per_floor":["M","M","?","T","M","E","R","E","T","M","E","M","?","$","R","B",null,"M","M","?","?","?","E","R","E","T"],"character_chosen":"IRONCLAD","items_purchased":["Juzu Bracelet","Flex"],"gold_per_floor":[17,30,30,82,96,124,124,151,151,163,190,206,206,32,32,132,132,150,161,161,161,161,191,191,226,251],"floor_reached":27,"campfire_rested":2,"playtime":2007,"current_hp_per_floor":[78,77,70,77,77,58,58,47,47,53,31,25,25,25,66,28,87,87,82,82,87,71,41,82,62,62],"items_purged":[],"gold":251,"score":282,"play_id":"28f90093-adbb-44cb-b50b-21ceba749a1a","is_prod":false,"is_daily":false,"is_ascension_mode":true,"campfire_upgraded":1,"path_taken":["M","M","?","?","?","E","R","E","T","M","E","M","?","$","R","BOSS","M","M","?","?","?","E","R","E","T","E"],"build_version":"2018-02-23-BETA1","purchased_purges":0,"victory":false,"master_deck":["Strike_R","Strike_R","Strike_R","Strike_R","Strike_R","Defend_R","Defend_R","Defend_R","Bash+1","Cleave","Pommel Strike","Dropkick","Limit Break+1","Flame Barrier","Pummel","Flex","Shrug It Off","Barricade","Spot Weakness","Whirlwind","Armaments+1"],"max_hp_per_floor":[80,80,80,87,87,87,87,87,87,87,87,87,87,87,87,87,87,87,87,87,87,87,87,87,87,87],"relics":["Burning Blood","Calipers","Strawberry","Dream Catcher","Omamori","Charon\u0027s Ashes","Regal Pillow","Juzu Bracelet","Velvet Choker","Enchiridion","Paper Frog","Bottled Flame","Blood Vial"],"card_choices":[{"not_picked":["Flame Barrier","Hemokinesis"],"picked":"Cleave"},{"not_picked":["Rage","Corruption"],"picked":"Pommel Strike"},{"not_picked":["Corruption","Uppercut"],"picked":"Dropkick"},{"not_picked":["Pommel Strike","Iron Wave"],"picked":"Limit Break"},{"not_picked":["Bloodletting","Iron Wave"],"picked":"Flame Barrier"},{"not_picked":["Sword Boomerang","Havoc"],"picked":"Pummel"},{"not_picked":["Flame Barrier","Burning Pact"],"picked":"Shrug It Off"},{"not_picked":["Feed","Fiend Fire"],"picked":"Barricade"},{"not_picked":["Perfected Strike","Fire Breathing"],"picked":"Spot Weakness"},{"not_picked":["Anger","Feed"],"picked":"Whirlwind"},{"not_picked":["Evolve","Flex"],"picked":"Armaments"}],"player_experience":104961,"potions_floor_usage":[8,8,10,16,27,27,27],"damage_taken":[{"damage":8,"enemies":"Jaw Worm","floor":1,"turns":4},{"damage":7,"enemies":"Small Slimes","floor":2,"turns":4},{"damage":6,"enemies":"2 Louse","floor":5,"turns":2},{"damage":25,"enemies":"3 Sentries","floor":6,"turns":6},{"damage":26,"enemies":"Lagavulin","floor":8,"turns":5},{"damage":0,"enemies":"Exordium Thugs","floor":10,"turns":3},{"damage":28,"enemies":"Gremlin Nob","floor":11,"turns":4},{"damage":12,"enemies":"Looter","floor":12,"turns":4},{"damage":59,"enemies":"The Guardian","floor":16,"turns":11},{"damage":5,"enemies":"3 Byrds","floor":18,"turns":4},{"damage":11,"enemies":"Spheric Guardian","floor":19,"turns":4},{"damage":36,"enemies":"Slavers","floor":23,"turns":5},{"damage":26,"enemies":"Book of Stabbing","floor":25,"turns":4},{"damage":64,"enemies":"Slavers","floor":27,"turns":5}],"event_choices":[{"event_name":"Golden Wing","player_choice":"Card Removal","floor":3,"damage_taken":0},{"event_name":"The Lab","player_choice":"Got Potions","floor":13,"damage_taken":0},{"event_name":"Upgrade Shrine","player_choice":"Upgraded","floor":20,"damage_taken":0},{"event_name":"Wheel of Change","player_choice":"Full Heal","floor":21,"damage_taken":0},{"event_name":"Cursed Tome","player_choice":"Obtained Book","floor":22,"damage_taken":0}],"boss_relics":[{"not_picked":["Runic Dome","Philosopher\u0027s Stone"],"picked":"Velvet Choker"}],"potions_floor_spawned":[2,6,8,23,25],"seed_played":"-7465064562026036785","killed_by":"Slavers","ascension_level":1,"is_trial":false}