{"gold_per_floor":[114,39,189,21,21,53,53,65,117,148,168,168,193,16,16,16],"floor_reached":16,"playtime":495,"items_purged":["Normality","Strike_B"],"score":231,"play_id":"ebe1f106-5848-4ba4-9d15-1982854da593","local_time":"20190430102632","is_ascension_mode":true,"campfire_choices":[{"data":"Streamline","floor":7,"key":"SMITH"},{"floor":12,"key":"REST"},{"data":"Genetic Algorithm","floor":15,"key":"SMITH"}],"neow_cost":"CURSE","seed_source_timestamp":730399196505722,"circlet_count":0,"master_deck":["AscendersBane","Strike_B","Strike_B","Strike_B","Defend_B","Defend_B","Defend_B+1","Defend_B","Zap","Dualcast","Electrodynamics","Streamline+1","Recycle+1","Coolheaded","Genetic Algorithm+1","Chill","Capacitor"],"relics":["Cracked Core","PreservedInsect","Spirit Poop","Letter Opener","Boot","Pocketwatch","War Paint"],"potions_floor_usage":[10,13],"damage_taken":[{"damage":12,"enemies":"Jaw Worm","floor":1,"turns":3},{"damage":25,"enemies":"Lagavulin","floor":6,"turns":4},{"damage":0,"enemies":"Cultist","floor":8,"turns":2},{"damage":11,"enemies":"Gremlin Nob","floor":10,"turns":3},{"damage":8,"enemies":"Small Slimes","floor":11,"turns":2},{"damage":10,"enemies":"Lagavulin","floor":13,"turns":5},{"damage":24,"enemies":"Hexaghost","floor":16,"turns":9}],"seed_played":"-6924095664406608195","potions_obtained":[{"floor":6,"key":"Dexterity Potion"},{"floor":8,"key":"SkillPotion"},{"floor":13,"key":"Ancient Potion"}],"is_trial":false,"path_per_floor":["M","$","?","$","?","E","R","M","T","E","M","R","E","$","R","B"],"character_chosen":"DEFECT","items_purchased":["PreservedInsect","Capacitor"],"campfire_rested":1,"item_purchase_floors":[4,14],"current_hp_per_floor":[52,52,52,52,52,27,27,27,27,16,8,29,19,19,19,0],"gold":16,"neow_bonus":"THREE_RARE_CARDS","is_prod":false,"is_daily":false,"chose_seed":false,"campfire_upgraded":2,"win_rate":0,"timestamp":1556587592,"path_taken":["M","$","?","$","?","E","R","M","T","E","?","R","E","?","R","BOSS"],"build_version":"2019-01-23","purchased_purges":2,"victory":false,"max_hp_per_floor":[71,71,71,71,71,71,71,71,71,71,71,71,71,71,71,71],"card_choices":[{"not_picked":["Meteor Strike","Amplify"],"picked":"Electrodynamics","floor":0},{"not_picked":["Beam Cell","Coolheaded"],"picked":"Streamline","floor":1},{"not_picked":["Machine Learning","Double Energy"],"picked":"Recycle","floor":6},{"not_picked":["Beam Cell","Aggregate"],"picked":"Coolheaded","floor":8},{"not_picked":["Lockon","Leap"],"picked":"Genetic Algorithm","floor":10},{"not_picked":["Chaos","Recycle"],"picked":"Chill","floor":11},{"not_picked":["Ball Lightning","Hyperbeam","Go for the Eyes"],"picked":"SKIP","floor":13}],"player_experience":314940,"relics_obtained":[{"floor":6,"key":"Letter Opener"},{"floor":9,"key":"Boot"},{"floor":10,"key":"Pocketwatch"},{"floor":13,"key":"War Paint"}],"event_choices":[{"damage_healed":0,"gold_gain":150,"player_choice":"AGREE","damage_taken":0,"max_hp_gain":0,"max_hp_loss":0,"event_name":"Liars Game","floor":3,"gold_loss":0,"cards_obtained":["Doubt"]},{"cards_removed":["Doubt"],"damage_healed":0,"gold_gain":0,"player_choice":"Offered Curse","damage_taken":0,"relics_obtained":["Spirit Poop"],"max_hp_gain":0,"max_hp_loss":0,"event_name":"Bonfire Elementals","floor":5,"gold_loss":0}],"is_beta":false,"boss_relics":[],"items_purged_floors":[2,14],"is_endless":false,"potions_floor_spawned":[6,8,13],"killed_by":"Hexaghost","ascension_level":20}