{"path_per_floor":["M","M","?","?","M","?","M","M","T","R","?","R","?","M","R","B",null,"M","$","M","?","?","R","M","M","T","R","$","M","M","?","R","B",null,"M","?","?","$","M","?","M","E","T","$","R","M","M","M","R","B"],"character_chosen":"IRONCLAD","items_purchased":["Apotheosis","Offering","Lantern","Energy Potion"],"gold_per_floor":[112,128,303,253,272,347,357,368,368,368,368,368,368,388,388,484,484,497,7,24,24,24,24,39,51,51,51,1,14,25,25,25,128,128,147,192,192,117,132,0,20,48,48,48,48,68,86,96,96,96],"floor_reached":51,"campfire_rested":4,"playtime":4490,"current_hp_per_floor":[80,78,78,78,80,69,67,48,48,48,41,41,41,32,71,40,80,49,49,27,27,11,50,49,49,49,49,49,39,30,30,69,54,80,80,53,53,53,49,49,46,68,68,68,68,68,56,40,79,36],"items_purged":["Decay"],"gold":96,"play_id":"b59bc53c-0649-41ef-825e-c244150113df","is_prod":false,"is_daily":false,"is_ascension_mode":false,"campfire_upgraded":4,"path_taken":["M","M","?","?","?","?","?","M","T","R","?","R","?","M","R","BOSS","M","$","M","?","?","R","?","M","T","R","?","M","?","?","R","BOSS","M","?","?","$","M","?","M","E","T","?","R","M","?","?","R","BOSS"],"build_version":"2018-02-02-BETA1","purchased_purges":1,"victory":true,"master_deck":["Strike_R","Strike_R","Strike_R","Defend_R","Bash","Thunderclap+1","Pommel Strike","Battle Trance","Spot Weakness","Flex+1","Armaments","Limit Break","Sever Soul+1","Battle Trance+1","Apotheosis+1","Offering+1","Cleave+1","Necronomicurse","Seeing Red","Anger","Reaper","Pommel Strike+1","Anger+1","Flex+1","Flex+1"],"max_hp_per_floor":[80,80,80,80,80,80,80,80,80,80,80,80,80,80,80,80,80,80,80,80,80,80,80,80,80,80,80,80,80,80,80,80,80,80,80,80,80,80,80,80,80,80,80,80,80,80,80,80,80,80],"relics":["Burning Blood","Regal Pillow","Astrolabe","Lantern","Necronomicon","Ginger","Lizard Tail","Unceasing Top","Red Mask","Mercury Hourglass","Frozen Eye"],"card_choices":[{"not_picked":["Shockwave","True Grit"],"picked":"Thunderclap"},{"not_picked":["Whirlwind","True Grit"],"picked":"Pommel Strike"},{"not_picked":["Metallicize","Sword Boomerang"],"picked":"Battle Trance"},{"not_picked":["Rage","Metallicize"],"picked":"Spot Weakness"},{"not_picked":["Brutality","Intimidate"],"picked":"Flex"},{"not_picked":["Flame Barrier","Intimidate"],"picked":"Armaments"},{"not_picked":["Bludgeon","Barricade"],"picked":"Limit Break"},{"not_picked":["True Grit","Armaments"],"picked":"Cleave"},{"not_picked":["Thunderclap","Cleave"],"picked":"Seeing Red"},{"not_picked":["Burning Pact","Pommel Strike"],"picked":"Anger"},{"not_picked":["Feed","Dark Embrace"],"picked":"Reaper"},{"not_picked":["Thunderclap","Hemokinesis"],"picked":"Pommel Strike"},{"not_picked":["Pommel Strike","True Grit"],"picked":"Anger"},{"not_picked":["Feed","Intimidate"],"picked":"Flex"},{"not_picked":["True Grit","Uppercut"],"picked":"Flex"}],"player_experience":11618,"potions_floor_usage":[25,33,33,48,50],"damage_taken":[{"damage":0,"enemies":"Small Slimes","floor":1,"turns":3},{"damage":8,"enemies":"Jaw Worm","floor":2,"turns":5},{"damage":1,"enemies":"Cultist","floor":5,"turns":3},{"damage":8,"enemies":"Red Slaver","floor":7,"turns":4},{"damage":25,"enemies":"3 Louse","floor":8,"turns":3},{"damage":15,"enemies":"Large Slime","floor":14,"turns":4},{"damage":37,"enemies":"Slime Boss","floor":16,"turns":8},{"damage":37,"enemies":"3 Byrds","floor":18,"turns":3},{"damage":28,"enemies":"Shell Parasite","floor":20,"turns":3},{"damage":7,"enemies":"Snecko","floor":24,"turns":3},{"damage":6,"enemies":"3 Cultists","floor":25,"turns":3},{"damage":16,"enemies":"Centurion and Healer","floor":29,"turns":2},{"damage":15,"enemies":"Snecko","floor":30,"turns":4},{"damage":21,"enemies":"Collector","floor":33,"turns":5},{"damage":4,"enemies":"Flame Bruiser 1 Orb","floor":35,"turns":2},{"damage":52,"enemies":"Mysterious Sphere","floor":36,"turns":4},{"damage":40,"enemies":"3 Shapes","floor":39,"turns":3},{"damage":25,"enemies":"Maw","floor":41,"turns":5},{"damage":17,"enemies":"Giant Head","floor":42,"turns":5},{"damage":22,"enemies":"Spire Growth","floor":46,"turns":4},{"damage":18,"enemies":"4 Shapes","floor":47,"turns":1},{"damage":26,"enemies":"Sphere and 2 Shapes","floor":48,"turns":3},{"damage":115,"enemies":"Donu and Deca","floor":50,"turns":6}],"event_choices":[{"event_name":"Liars Game","player_choice":"agreed","floor":3,"damage_taken":0},{"event_name":"The Cleric","player_choice":"Card Removal","floor":4,"damage_taken":0},{"event_name":"World of Goop","player_choice":"Gather Gold","floor":6,"damage_taken":0},{"event_name":"Golden Wing","player_choice":"Card Removal","floor":11,"damage_taken":0},{"event_name":"Purifier","player_choice":"One Purge","floor":13,"damage_taken":0},{"event_name":"Drug Dealer","player_choice":"Ignored","floor":21,"damage_taken":0},{"event_name":"Cursed Tome","player_choice":"Obtained Book","floor":22,"damage_taken":0},{"event_name":"Forgotten Altar","player_choice":"Smashed Altar","floor":31,"damage_taken":0},{"event_name":"Mysterious Sphere","player_choice":"Fight","floor":36,"damage_taken":0},{"event_name":"Tomb of Lord Red Mask","player_choice":"Paid","floor":40,"damage_taken":0}],"boss_relics":[{"not_picked":["Eternal Feather","Black Blood"],"picked":"Astrolabe"},{"not_picked":["Black Star","White Beast Statue"],"picked":"Lizard Tail"}],"potions_floor_spawned":[1,14,18,20,24,30,33,35,36,42,47,48],"seed_played":"4592924139442666597","ascension_level":0,"is_trial":false}