{"gold_per_floor":[110,126,201,213,178,178,212,212,212,212,212,237,237,255,255,352,352,364,376,475,475,400,400,427,427,454,454,85,85,4,14,14,116,116,127,0,12,26,26,26],"floor_reached":40,"playtime":1830,"items_purged":["Decay"],"score":622,"play_id":"34a33c8a-85f8-4476-939f-ce9fcb181593","local_time":"20190515053149","is_ascension_mode":true,"campfire_choices":[{"data":"Anger","floor":6.0,"key":"SMITH"},{"data":"Cleave","floor":8.0,"key":"SMITH"},{"data":"Shrug It Off","floor":11.0,"key":"SMITH"},{"data":"Bash","floor":13.0,"key":"SMITH"},{"floor":15.0,"key":"REST"},{"floor":23.0,"key":"REST"},{"floor":29.0,"key":"REST"},{"floor":32.0,"key":"REST"}],"neow_cost":"CURSE","seed_source_timestamp":2948320542441,"circlet_count":0,"master_deck":["Strike_R","Strike_R","Defend_R","Defend_R","Defend_R","Defend_R+1","Bash+1","Cleave+1","Iron Wave","Anger+1","Shrug It Off+1","Shrug It Off+1","Barricade","Pummel+1","Hemokinesis+1","Dual Wield+1","Entrench+1","Impervious","PanicButton","Berserk","Pommel Strike+1","Body Slam+1","Rage"],"special_seed":0,"relics":["Burning Blood","Calipers","Paper Frog","Bottled Flame","Astrolabe","War Paint","Molten Egg 2","PreservedInsect","Cursed Key","Red Mask"],"potions_floor_usage":[],"damage_taken":[{"damage":14.0,"enemies":"2 Louse","floor":1.0,"turns":3.0},{"damage":13.0,"enemies":"Small Slimes","floor":2.0,"turns":4.0},{"damage":10.0,"enemies":"Cultist","floor":4.0,"turns":5.0},{"damage":30.0,"enemies":"3 Sentries","floor":7.0,"turns":9.0},{"damage":20.0,"enemies":"Gremlin Nob","floor":12.0,"turns":4.0},{"damage":10.0,"enemies":"Exordium Thugs","floor":14.0,"turns":4.0},{"damage":62.0,"enemies":"Hexaghost","floor":16.0,"turns":11.0},{"damage":15.0,"enemies":"Shell Parasite","floor":18.0,"turns":5.0},{"damage":35.0,"enemies":"Spheric Guardian","floor":19.0,"turns":6.0},{"damage":47.0,"enemies":"Book of Stabbing","floor":24.0,"turns":6.0},{"damage":0.0,"enemies":"Snake Plant","floor":25.0,"turns":1.0},{"damage":5.0,"enemies":"Snecko","floor":31.0,"turns":7.0},{"damage":18.0,"enemies":"Automaton","floor":33.0,"turns":21.0},{"damage":18.0,"enemies":"Orb Walker","floor":35.0,"turns":4.0},{"damage":39.0,"enemies":"3 Darklings","floor":37.0,"turns":8.0},{"damage":20.0,"enemies":"Spire Growth","floor":38.0,"turns":6.0},{"damage":33,"enemies":"Nemesis","floor":40,"turns":11}],"seed_played":"6543480618997279566","potions_obtained":[{"floor":1.0,"key":"Dexterity Potion"},{"floor":4.0,"key":"SmokeBomb"},{"floor":7.0,"key":"SkillPotion"},{"floor":18.0,"key":"EssenceOfSteel"},{"floor":19.0,"key":"Fire Potion"},{"floor":31.0,"key":"Dexterity Potion"}],"is_trial":false,"path_per_floor":["M","M","?","M","?","R","E","R","T","?","R","E","R","M","R","B",null,"M","M","?","?","?","R","E","M","T","?","$","R","$","M","R","B",null,"M","?","M","M","$","E"],"character_chosen":"IRONCLAD","items_purchased":["Impervious","PreservedInsect","PanicButton"],"campfire_rested":4,"item_purchase_floors":[28,28,30],"current_hp_per_floor":[80,73,62,58,82,82,58,58,58,58,58,44,44,40,68,12,75,66,37,37,37,37,65,24,30,30,30,30,58,58,59,87,75,91,79,79,46,32,32,0],"gold":26,"neow_bonus":"TWENTY_PERCENT_HP_BONUS","is_prod":false,"is_daily":false,"chose_seed":false,"campfire_upgraded":4,"win_rate":0,"timestamp":1557891109,"path_taken":["M","M","?","M","?","R","E","R","T","?","R","E","R","?","R","BOSS","M","M","?","?","?","R","E","M","T","?","$","R","$","M","R","BOSS","M","?","M","M","$","E"],"build_version":"2019-05-07","purchased_purges":1,"victory":false,"max_hp_per_floor":[96,96,96,96,96,96,96,96,96,96,96,96,96,96,96,96,96,96,96,96,96,96,96,96,96,96,96,96,96,96,96,96,96,96,96,96,96,96,96,96],"card_choices":[{"not_picked":["Rage","Shrug It Off"],"picked":"Cleave","floor":1.0},{"not_picked":["Combust","Warcry"],"picked":"Iron Wave","floor":2.0},{"not_picked":["Perfected Strike","Thunderclap"],"picked":"Anger","floor":4.0},{"not_picked":["Sever Soul","Iron Wave"],"picked":"Shrug It Off","floor":7.0},{"not_picked":["Body Slam","Havoc","Cleave"],"picked":"SKIP","floor":12.0},{"not_picked":["Body Slam","Havoc","Cleave"],"picked":"SKIP","floor":12.0},{"not_picked":["Dropkick","Clash"],"picked":"Shrug It Off","floor":14.0},{"not_picked":["Feed","Bludgeon"],"picked":"Barricade","floor":16.0},{"not_picked":["Perfected Strike+1","Second Wind","Sword Boomerang"],"picked":"SKIP","floor":18.0},{"not_picked":["Dual Wield+1","Armaments","Clash"],"picked":"SKIP","floor":19.0},{"not_picked":["Anger+1","Blood for Blood"],"picked":"Entrench+1","floor":24.0},{"not_picked":["Heavy Blade+1","Sword Boomerang+1","Cleave+1"],"picked":"SKIP","floor":31.0},{"not_picked":["Bludgeon+1","Barricade"],"picked":"Berserk","floor":33.0},{"not_picked":["Perfected Strike+1","Warcry"],"picked":"Pommel Strike+1","floor":35.0},{"not_picked":["Anger+1","Inflame"],"picked":"Body Slam+1","floor":37.0},{"not_picked":["Clothesline+1","Cleave+1"],"picked":"Rage","floor":38.0}],"player_experience":378616,"relics_obtained":[{"floor":7.0,"key":"Calipers"},{"floor":9.0,"key":"Paper Frog"},{"floor":12.0,"key":"Bottled Flame"},{"floor":24.0,"key":"Molten Egg 2"}],"event_choices":[{"damage_healed":0.0,"max_hp_gain":0.0,"max_hp_loss":0.0,"gold_gain":75.0,"event_name":"World of Goop","player_choice":"Gather Gold","floor":3.0,"gold_loss":0.0,"damage_taken":11.0},{"damage_healed":24.0,"max_hp_gain":0.0,"max_hp_loss":0.0,"gold_gain":0.0,"event_name":"The Cleric","player_choice":"Healed","floor":5.0,"gold_loss":35.0,"damage_taken":0.0},{"damage_healed":0.0,"max_hp_gain":0.0,"max_hp_loss":0.0,"gold_gain":0.0,"event_name":"The Woman in Blue","player_choice":"Bought 0 Potions","floor":10.0,"gold_loss":0.0,"damage_taken":0.0},{"damage_healed":0.0,"max_hp_gain":0.0,"max_hp_loss":0.0,"gold_gain":99.0,"event_name":"Nest","player_choice":"Stole From Cult","floor":20.0,"gold_loss":0.0,"damage_taken":0.0},{"damage_healed":0.0,"max_hp_gain":0.0,"max_hp_loss":0.0,"gold_gain":0.0,"event_name":"The Mausoleum","player_choice":"Opened","floor":21.0,"gold_loss":0.0,"damage_taken":0.0,"relics_obtained":["War Paint"]},{"cards_removed":["Clumsy"],"damage_healed":0.0,"max_hp_gain":0.0,"max_hp_loss":0.0,"gold_gain":0.0,"event_name":"Beggar","player_choice":"Gave Gold","floor":22.0,"gold_loss":75.0,"damage_taken":0.0},{"damage_healed":0.0,"max_hp_gain":0.0,"max_hp_loss":0.0,"gold_gain":0.0,"event_name":"Forgotten Altar","player_choice":"Smashed Altar","floor":27.0,"gold_loss":0.0,"damage_taken":0.0,"cards_obtained":["Decay"]},{"damage_healed":0.0,"max_hp_gain":0.0,"max_hp_loss":0.0,"gold_gain":0.0,"event_name":"Tomb of Lord Red Mask","player_choice":"Paid","floor":36.0,"gold_loss":127.0,"damage_taken":0.0,"relics_obtained":["Red Mask"]}],"is_beta":true,"boss_relics":[{"not_picked":["Runic Pyramid","Coffee Dripper"],"picked":"Astrolabe"},{"not_picked":["Black Star","Tiny House"],"picked":"Cursed Key"}],"items_purged_floors":[28],"is_endless":false,"potions_floor_spawned":[1,4,7,18,19,31],"killed_by":"Nemesis","ascension_level":9}