{"path_per_floor":["M","?","M","?","$","E","?","R","T","E","M","?","R","E","R","B",null,"M","?","?","M","$","R","E"],"character_chosen":"IRONCLAD","items_purchased":[],"gold_per_floor":[113,113,129,129,54,79,79,79,79,113,123,123,123,155,155,256,256,272,272,272,283,183,183,218],"floor_reached":25,"campfire_rested":2,"playtime":2136,"current_hp_per_floor":[79,79,76,76,76,33,53,53,53,27,27,2,26,23,47,4,80,53,53,45,42,42,42,9],"items_purged":["Strike_R","Parasite"],"gold":218,"score":270,"play_id":"3aca2f82-d6d3-49f2-860e-6651dd7983a0","local_time":"20180228171702","is_prod":false,"is_daily":false,"is_ascension_mode":true,"campfire_upgraded":2,"timestamp":1519834622,"path_taken":["M","?","M","?","?","E","?","R","T","E","?","?","R","E","R","BOSS","M","?","?","?","$","R","E","M"],"build_version":"2018-02-27-BETA1","purchased_purges":2,"victory":false,"master_deck":["Strike_R+1","Strike_R+1","Strike_R+1","Strike_R+1","Defend_R+1","Defend_R+1","Defend_R+1","Defend_R+1","Bash+1","Shrug It Off","Whirlwind+1","Headbutt","Clash","Flex","Demon Form+1","Heavy Blade+1","Battle Trance","Demon Form"],"max_hp_per_floor":[80,80,80,80,80,80,80,80,80,80,80,80,80,80,80,80,80,80,80,80,80,77,77,77],"relics":["Orrery","Lantern","Letter Opener","Thread and Needle","War Paint","Bird Faced Urn","Mark of Pain","Whetstone"],"card_choices":[{"not_picked":["Thunderclap","Perfected Strike"],"picked":"Shrug It Off"},{"not_picked":["Rupture","Body Slam"],"picked":"Whirlwind"},{"not_picked":["Carnage","Entrench"],"picked":"Headbutt"},{"not_picked":["Clothesline","Havoc"],"picked":"Clash"},{"not_picked":["Heavy Blade","Twin Strike"],"picked":"Flex"},{"not_picked":["Pommel Strike","True Grit"],"picked":"Demon Form"},{"not_picked":["Entrench","Feel No Pain"],"picked":"Heavy Blade"},{"not_picked":["Reaper","Pommel Strike"],"picked":"Battle Trance"},{"not_picked":["Impervious","Reaper"],"picked":"Demon Form"}],"player_experience":129754,"potions_floor_usage":[16,18,18],"damage_taken":[{"damage":1,"enemies":"2 Louse","floor":1,"turns":4},{"damage":3,"enemies":"Small Slimes","floor":3,"turns":4},{"damage":43,"enemies":"Gremlin Nob","floor":6,"turns":5},{"damage":26,"enemies":"Lagavulin","floor":10,"turns":9},{"damage":0,"enemies":"Cultist","floor":11,"turns":3},{"damage":3,"enemies":"Gremlin Nob","floor":14,"turns":3},{"damage":45,"enemies":"Hexaghost","floor":16,"turns":10},{"damage":27,"enemies":"2 Thieves","floor":18,"turns":5},{"damage":5,"enemies":"Spheric Guardian","floor":21,"turns":4},{"damage":35,"enemies":"Gremlin Leader","floor":24,"turns":5},{"damage":9,"enemies":"Slaver and Parasite","floor":25,"turns":1}],"event_choices":[{"event_name":"Big Fish","player_choice":"Box","floor":2,"damage_taken":0},{"event_name":"Wheel of Change","player_choice":"Card Removal","floor":4,"damage_taken":0},{"event_name":"Mushrooms","player_choice":"Healed and dodged fight","floor":7,"damage_taken":0},{"event_name":"Scrap Ooze","player_choice":"unsuccessful","floor":12,"damage_taken":25},{"event_name":"Back to Basics","player_choice":"Simplicity","floor":19,"damage_taken":0},{"event_name":"Knowing Skull","player_choice":"","floor":20,"damage_taken":0}],"boss_relics":[{"not_picked":["Snecko Eye","Runic Pyramid"],"picked":"Mark of Pain"}],"potions_floor_spawned":[6,10,11,14],"seed_played":"-5192930494574854810","killed_by":"Slaver and Parasite","ascension_level":3,"is_trial":false}