{"path_per_floor":["M","$","M","M","M","E","R","E","T","M","R","?","?","E","R","B",null,"M","M","?","M","M","R","M","R","T","R","M","R","$","?","R","B",null,"M","M","M","T","?","E","M","$","T","M","M","M","R","M","R"],"character_chosen":"IRONCLAD","items_purchased":["Bag of Marbles","Lee\u0027s Waffle","Purity"],"gold_per_floor":[113,38,48,61,74,104,104,139,139,152,152,227,227,267,267,390,390,414,435,435,455,478,478,501,501,547,547,571,571,36,36,36,165,165,181,204,219,219,219,253,272,147,218,232,246,262,262,275,275],"floor_reached":50,"campfire_rested":6,"playtime":4739,"current_hp_per_floor":[73,73,64,58,42,22,46,21,21,18,42,31,31,15,39,31,80,73,66,66,56,38,62,69,69,69,69,62,62,87,87,87,16,87,72,54,41,41,63,58,37,37,37,37,35,26,52,54,80],"items_purged":["Strike_R","Strike_R","Defend_R"],"gold":275,"score":470,"play_id":"178faeb2-f67e-4502-a5aa-7a76a8020f67","is_prod":false,"is_daily":false,"is_ascension_mode":true,"campfire_upgraded":4,"path_taken":["M","$","M","M","M","E","R","E","T","M","R","?","?","E","R","BOSS","M","?","?","M","M","R","M","R","T","R","M","R","?","?","R","BOSS","M","M","M","?","?","E","M","$","T","M","?","M","R","M","R","BOSS"],"build_version":"2018-02-23-BETA1","purchased_purges":3,"victory":false,"master_deck":["Strike_R","Strike_R","Strike_R","Defend_R+1","Defend_R","Defend_R","Bash","Armaments+1","Rampage+1","Shrug It Off","Shrug It Off","Thunderclap","Rupture+1","Flame Barrier+1","Injury","Bloodletting","Offering","Shockwave+1","Flame Barrier+1","Battle Trance","Pummel+1","Whirlwind+1","Purity","Limit Break","Whirlwind+1","Spot Weakness","Writhe","Armaments+1"],"max_hp_per_floor":[80,80,80,80,80,80,80,80,80,80,80,80,80,80,80,80,80,80,80,80,80,80,80,80,80,80,80,80,80,87,87,87,87,87,87,87,87,87,87,87,87,87,87,87,87,87,87,87,87],"relics":["Runic Cube","Du-Vu Doll","Thread and Needle","Dead Branch","Golden Idol","Lantern","Mark of Pain","War Paint","Bag of Marbles","Lee\u0027s Waffle","Art of War","Lizard Tail","Bird Faced Urn","Matryoshka","Bag of Preparation","Ornamental Fan"],"card_choices":[{"not_picked":["Seeing Red","Heavy Blade"],"picked":"Armaments"},{"not_picked":["Burning Pact","Power Through"],"picked":"Rampage"},{"not_picked":["Bloodletting","Disarm"],"picked":"Shrug It Off"},{"not_picked":["Anger","True Grit"],"picked":"Shrug It Off"},{"not_picked":["Twin Strike","Reckless Charge"],"picked":"Thunderclap"},{"not_picked":["Thunderclap","Headbutt"],"picked":"Rupture"},{"not_picked":["Disarm","Rupture"],"picked":"Flame Barrier"},{"not_picked":["Sever Soul","True Grit"],"picked":"Bloodletting"},{"not_picked":["Impervious","Juggernaut"],"picked":"Offering"},{"not_picked":["Carnage","Intimidate"],"picked":"Shockwave"},{"not_picked":["Corruption","Flex"],"picked":"Flame Barrier"},{"not_picked":["Wild Strike","Blood for Blood"],"picked":"Battle Trance"},{"not_picked":["True Grit","Clothesline"],"picked":"Pummel"},{"not_picked":["Feel No Pain","Flex"],"picked":"Whirlwind"},{"not_picked":["Fiend Fire","Feed"],"picked":"Limit Break"},{"not_picked":["Perfected Strike","Clash"],"picked":"Whirlwind"},{"not_picked":["Anger","Armaments"],"picked":"Spot Weakness"},{"not_picked":["Shrug It Off","Anger"],"picked":"Armaments"}],"player_experience":109155,"potions_floor_usage":[16,16,44,50,50],"damage_taken":[{"damage":7,"enemies":"Small Slimes","floor":1,"turns":3},{"damage":9,"enemies":"2 Louse","floor":3,"turns":3},{"damage":6,"enemies":"Jaw Worm","floor":4,"turns":4},{"damage":16,"enemies":"3 Louse","floor":5,"turns":4},{"damage":20,"enemies":"Gremlin Nob","floor":6,"turns":4},{"damage":25,"enemies":"3 Sentries","floor":8,"turns":9},{"damage":3,"enemies":"Lots of Slimes","floor":10,"turns":9},{"damage":16,"enemies":"Lagavulin","floor":14,"turns":8},{"damage":32,"enemies":"Slime Boss","floor":16,"turns":10},{"damage":7,"enemies":"Shell Parasite","floor":18,"turns":4},{"damage":7,"enemies":"3 Byrds","floor":19,"turns":6},{"damage":10,"enemies":"Sentry and Sphere","floor":21,"turns":5},{"damage":18,"enemies":"Snecko","floor":22,"turns":5},{"damage":7,"enemies":"Centurion and Healer","floor":24,"turns":6},{"damage":7,"enemies":"Snake Plant","floor":28,"turns":4},{"damage":71,"enemies":"Champ","floor":33,"turns":11},{"damage":15,"enemies":"3 Shapes","floor":35,"turns":6},{"damage":18,"enemies":"Flame Bruiser 1 Orb","floor":36,"turns":4},{"damage":13,"enemies":"Sphere and 2 Shapes","floor":37,"turns":4},{"damage":7,"enemies":"Nemesis","floor":40,"turns":3},{"damage":23,"enemies":"Maw","floor":41,"turns":7},{"damage":0,"enemies":"Flame Bruiser 2 Orb","floor":44,"turns":2},{"damage":4,"enemies":"3 Darklings","floor":45,"turns":1},{"damage":13,"enemies":"Maw","floor":46,"turns":5},{"damage":0,"enemies":"Flame Bruiser 2 Orb","floor":48,"turns":3},{"damage":128,"enemies":"Donu and Deca","floor":50,"turns":9}],"event_choices":[{"event_name":"World of Goop","player_choice":"Gather Gold","floor":12,"damage_taken":0},{"event_name":"Golden Idol","player_choice":"Take Wound","floor":13,"damage_taken":0},{"event_name":"Upgrade Shrine","player_choice":"Upgraded","floor":20,"damage_taken":0},{"event_name":"The Mausoleum","player_choice":"Yes","floor":31,"damage_taken":0},{"event_name":"Winding Halls","player_choice":"Writhe","floor":39,"damage_taken":0}],"boss_relics":[{"not_picked":["Black Star","Sozu"],"picked":"Mark of Pain"},{"not_picked":["Question Card","Snecko Eye"],"picked":"Lizard Tail"}],"potions_floor_spawned":[1,5,8,10,16,18,22,24,28,36,37,40,48],"seed_played":"-5612228647331483315","killed_by":"Donu and Deca","ascension_level":1,"is_trial":false}