{"gold_per_floor":[110,124,74,249,249,249,283,295,307,329,123,23,41,41,41,146,146,165,120,132,151,167,202,142,46,46,46,56,67,95,108,108,209,209,219,230,230,245,172,199,199,226,226,226],"floor_reached":44,"playtime":2272,"items_purged":["Regret","Doubt"],"score":718,"play_id":"5fcd3bfa-f46c-439b-a890-552428f87a3a","local_time":"20190418031310","is_ascension_mode":true,"campfire_choices":[{"data":"Self Repair","floor":6.0,"key":"SMITH"},{"data":"Streamline","floor":8.0,"key":"SMITH"},{"data":"Zap","floor":15.0,"key":"SMITH"},{"floor":27.0,"key":"REST"},{"floor":32.0,"key":"RECALL"},{"floor":41.0,"key":"REST"}],"neow_cost":"NONE","seed_source_timestamp":1667222842942939,"circlet_count":0,"master_deck":["Defend_B","Defend_B","Defend_B","Defend_B","Zap+1","Dualcast","Self Repair+1","Streamline+1","Melter","Beam Cell","All For One","Auto Shields","Gash","Redo+1","Gash","Gash","Beam Cell","Hologram","Conserve Battery","Turbo","Reboot","Hologram+1","Rebound+1","FTL","Chill","Auto Shields+1"],"special_seed":0,"relics":["Cracked Core","NeowsBlessing","Strawberry","MawBank","Centennial Puzzle","Bag of Preparation","FaceOfCleric","Fusion Hammer","Du-Vu Doll","PreservedInsect","Dream Catcher","Empty Cage","Dodecahedron","Gremlin Horn","Meat on the Bone"],"potions_floor_usage":[44],"damage_taken":[{"damage":0.0,"enemies":"Jaw Worm","floor":1.0,"turns":1.0},{"damage":0.0,"enemies":"2 Louse","floor":2.0,"turns":1.0},{"damage":0.0,"enemies":"3 Sentries","floor":7.0,"turns":1.0},{"damage":7.0,"enemies":"Cultist","floor":10.0,"turns":3.0},{"damage":15.0,"enemies":"Gremlin Gang","floor":13.0,"turns":3.0},{"damage":43.0,"enemies":"The Guardian","floor":16.0,"turns":9.0},{"damage":24.0,"enemies":"Shell Parasite","floor":18.0,"turns":4.0},{"damage":6.0,"enemies":"Spheric Guardian","floor":20.0,"turns":3.0},{"damage":2.0,"enemies":"Cultist and Chosen","floor":21.0,"turns":4.0},{"damage":0.0,"enemies":"Snecko","floor":22.0,"turns":4.0},{"damage":20.0,"enemies":"Slavers","floor":23.0,"turns":3.0},{"damage":11.0,"enemies":"Centurion and Healer","floor":28.0,"turns":4.0},{"damage":0.0,"enemies":"Sentry and Sphere","floor":29.0,"turns":2.0},{"damage":1.0,"enemies":"Gremlin Leader","floor":30.0,"turns":3.0},{"damage":7.0,"enemies":"Cultist and Chosen","floor":31.0,"turns":3.0},{"damage":2.0,"enemies":"Collector","floor":33.0,"turns":6.0},{"damage":21.0,"enemies":"3 Shapes","floor":35.0,"turns":3.0},{"damage":7.0,"enemies":"Orb Walker","floor":36.0,"turns":3.0},{"damage":6.0,"enemies":"Transient","floor":38.0,"turns":5.0},{"damage":47.0,"enemies":"Reptomancer","floor":40.0,"turns":4.0},{"damage":63.0,"enemies":"Nemesis","floor":42.0,"turns":7.0},{"damage":0,"enemies":"Maw","floor":44,"turns":2}],"seed_played":"-4805690094461573990","potions_obtained":[{"floor":7.0,"key":"SteroidPotion"},{"floor":10.0,"key":"Block Potion"},{"floor":13.0,"key":"Poison Potion"},{"floor":16.0,"key":"Swift Potion"},{"floor":30.0,"key":"LiquidBronze"},{"floor":33.0,"key":"Swift Potion"},{"floor":40.0,"key":"Poison Potion"},{"floor":42.0,"key":"SpeedPotion"}],"is_trial":false,"path_per_floor":["M","M","?","?","?","R","E","R","T","M","$","$","M","?","R","B",null,"M","$","M","M","M","E","?","$","T","R","M","M","E","M","R","B",null,"M","M","$","M","$","E","R","E","T","M"],"character_chosen":"DEFECT","items_purchased":["Bag of Preparation","Gash","Hologram","PowerPotion","FTL"],"campfire_rested":2,"item_purchase_floors":[11,19,25,25,39],"current_hp_per_floor":[68,68,68,68,75,75,82,82,82,82,82,82,77,77,77,45,74,61,61,66,75,86,67,67,67,67,88,88,89,91,92,92,93,93,83,87,87,82,82,46,75,13,13,13],"gold":226,"neow_bonus":"THREE_ENEMY_KILL","is_prod":false,"is_daily":false,"chose_seed":false,"campfire_upgraded":3,"win_rate":0,"timestamp":1555524790,"path_taken":["M","M","?","?","?","R","E","R","T","M","?","$","M","?","R","BOSS","M","$","M","M","M","E","?","$","T","R","M","M","E","M","R","BOSS","M","M","$","?","$","E","R","E","T","M"],"build_version":"2019-01-23","purchased_purges":2,"victory":false,"max_hp_per_floor":[75,75,75,75,82,82,82,82,82,82,82,82,82,82,82,83,83,84,84,85,86,87,88,88,88,88,88,89,90,91,92,92,93,93,94,95,95,96,96,97,97,98,98,98],"card_choices":[{"not_picked":["Turbo","Go for the Eyes"],"picked":"Self Repair","floor":1.0},{"not_picked":["Hello World","Rebound"],"picked":"Streamline","floor":2.0},{"not_picked":["Cold Snap","Undo"],"picked":"Melter","floor":7.0},{"not_picked":["Genetic Algorithm","Conserve Battery"],"picked":"Beam Cell","floor":10.0},{"not_picked":["Turbo","Doom and Gloom","Aggregate"],"picked":"SKIP","floor":13.0},{"not_picked":["Echo Form","Thunder Strike"],"picked":"All For One","floor":16.0},{"not_picked":["Coolheaded","Sweeping Beam+1"],"picked":"Auto Shields","floor":18.0},{"not_picked":["Reinforced Body","Leap"],"picked":"Redo+1","floor":20.0},{"not_picked":["Conserve Battery+1","BootSequence+1"],"picked":"Gash","floor":21.0},{"not_picked":["Compile Driver","Force Field"],"picked":"Gash","floor":22.0},{"not_picked":["Skim","Melter"],"picked":"Beam Cell","floor":23.0},{"not_picked":["Compile Driver+1","Heatsinks","Beam Cell+1"],"picked":"SKIP","floor":28.0},{"not_picked":["Cold Snap","Reprogram","Streamline+1"],"picked":"SKIP","floor":29.0},{"not_picked":["Reprogram","Auto Shields"],"picked":"Conserve Battery","floor":30.0},{"not_picked":["Fission","Ball Lightning"],"picked":"Turbo","floor":31.0},{"not_picked":["Seek","Thunder Strike"],"picked":"Reboot","floor":33.0},{"not_picked":["Turbo","Steam"],"picked":"Hologram+1","floor":35.0},{"not_picked":["Ball Lightning","Hologram"],"picked":"Rebound+1","floor":36.0},{"not_picked":["Doom and Gloom+1","Beam Cell","Barrage+1"],"picked":"SKIP","floor":38.0},{"not_picked":["Turbo+1","Rebound"],"picked":"Chill","floor":40.0},{"not_picked":["Hologram","Streamline+1"],"picked":"Auto Shields+1","floor":41.0},{"not_picked":["Ball Lightning","Compile Driver","Fission"],"picked":"SKIP","floor":42.0}],"player_experience":230984,"relics_obtained":[{"floor":7.0,"key":"MawBank"},{"floor":9.0,"key":"Centennial Puzzle"},{"floor":23.0,"key":"Du-Vu Doll"},{"floor":26.0,"key":"PreservedInsect"},{"floor":30.0,"key":"Dream Catcher"},{"floor":40.0,"key":"Dodecahedron"},{"floor":42.0,"key":"Gremlin Horn"},{"floor":43.0,"key":"Meat on the Bone"}],"event_choices":[{"cards_removed":["Strike_B"],"damage_healed":0.0,"max_hp_gain":0.0,"max_hp_loss":0.0,"gold_gain":0.0,"event_name":"The Cleric","player_choice":"Card Removal","floor":3.0,"gold_loss":50.0,"damage_taken":0.0},{"damage_healed":0.0,"max_hp_gain":0.0,"max_hp_loss":0.0,"gold_gain":175.0,"event_name":"Liars Game","player_choice":"AGREE","floor":4.0,"gold_loss":0.0,"damage_taken":0.0,"cards_obtained":["Doubt"]},{"damage_healed":0.0,"max_hp_gain":0.0,"max_hp_loss":0.0,"gold_gain":0.0,"event_name":"Big Fish","player_choice":"Box","floor":5.0,"gold_loss":0.0,"damage_taken":0.0,"relics_obtained":["Strawberry"],"cards_obtained":["Regret"]},{"damage_healed":0.0,"max_hp_gain":0.0,"max_hp_loss":0.0,"gold_gain":0.0,"event_name":"FaceTrader","player_choice":"Trade","floor":14.0,"gold_loss":0.0,"damage_taken":0.0,"relics_obtained":["FaceOfCleric"]},{"cards_removed":["Strike_B"],"damage_healed":0.0,"max_hp_gain":0.0,"max_hp_loss":0.0,"gold_gain":0.0,"event_name":"Designer","player_choice":"Single Remove","floor":24.0,"gold_loss":60.0,"damage_taken":0.0}],"is_beta":false,"boss_relics":[{"not_picked":["Snecko Eye","Philosopher\u0027s Stone"],"picked":"Fusion Hammer"},{"not_picked":["Runic Dome","Orrery"],"picked":"Empty Cage"}],"items_purged_floors":[11,12],"is_endless":false,"potions_floor_spawned":[7,10,13,16,20,21,30,31,33,40,42],"killed_by":"Maw","ascension_level":6}