{"gold_per_floor":[116,130,140,28,28,28,45,79,79,98,98,118,146,157,157,234,234,249,249,5,105,125,125],"floor_reached":23,"playtime":1735,"items_purged":["Strike_B","Strike_B"],"score":406,"play_id":"222427ab-bc10-480b-a12a-48ecfb616f0e","local_time":"20190521191525","is_ascension_mode":true,"campfire_choices":[{"data":"Doom and Gloom","floor":6.0,"key":"SMITH"},{"data":"Hologram","floor":11.0,"key":"SMITH"},{"data":"Capacitor","floor":15.0,"key":"SMITH"}],"neow_cost":"NONE","seed_source_timestamp":0,"circlet_count":0,"master_deck":["AscendersBane","Strike_B","Strike_B","Defend_B","Defend_B","Defend_B","Defend_B","Zap+1","Dualcast","Coolheaded","BootSequence","Sweeping Beam","Doom and Gloom+1","Cold Snap","Echo Form","Hologram+1","Coolheaded","Capacitor+1","Seek","Self Repair","Genetic Algorithm"],"special_seed":0,"relics":["Cracked Core","Art of War","Kunai","Gambling Chip","Snecko Eye","Shovel","Cables"],"potions_floor_usage":[21,21],"damage_taken":[{"damage":1.0,"enemies":"Cultist","floor":1.0,"turns":4.0},{"damage":5.0,"enemies":"Small Slimes","floor":2.0,"turns":5.0},{"damage":0.0,"enemies":"2 Louse","floor":3.0,"turns":3.0},{"damage":0.0,"enemies":"2 Fungi Beasts","floor":7.0,"turns":2.0},{"damage":4.0,"enemies":"Lagavulin","floor":8.0,"turns":6.0},{"damage":1.0,"enemies":"Blue Slaver","floor":10.0,"turns":3.0},{"damage":0.0,"enemies":"Large Slime","floor":12.0,"turns":6.0},{"damage":8.0,"enemies":"Gremlin Nob","floor":13.0,"turns":3.0},{"damage":0.0,"enemies":"Lots of Slimes","floor":14.0,"turns":1.0},{"damage":10.0,"enemies":"Hexaghost","floor":16.0,"turns":11.0},{"damage":12.0,"enemies":"Shell Parasite","floor":18.0,"turns":9.0},{"damage":22,"enemies":"Colosseum Slavers","floor":21,"turns":4},{"damage":30,"enemies":"Colosseum Nobs","floor":21,"turns":4},{"damage":5,"enemies":"Chosen","floor":22,"turns":4},{"damage":19,"enemies":"Book of Stabbing","floor":23,"turns":4}],"seed_played":"4751400543731273520","potions_obtained":[{"floor":3.0,"key":"SkillPotion"},{"floor":7.0,"key":"SteroidPotion"},{"floor":10.0,"key":"SpeedPotion"},{"floor":13.0,"key":"EssenceOfSteel"},{"floor":16.0,"key":"PowerPotion"}],"is_trial":false,"path_per_floor":["M","M","M","$","?","R","M","E","T","M","R","M","E","M","R","B",null,"M","?","$","?","M","E"],"character_chosen":"DEFECT","items_purchased":["Doom and Gloom","Self Repair","Strength Potion"],"campfire_rested":0,"item_purchase_floors":[4,20,20],"current_hp_per_floor":[63,58,58,58,63,63,63,59,59,58,58,58,50,50,50,40,67,55,55,55,17,19,0],"gold":125,"neow_bonus":"UPGRADE_CARD","is_prod":false,"is_daily":false,"chose_seed":false,"campfire_upgraded":3,"win_rate":0,"timestamp":1558491325,"path_taken":["M","?","M","$","?","R","M","E","T","M","R","M","E","M","R","BOSS","M","?","$","?","M","E"],"build_version":"2019-05-07","purchased_purges":2,"victory":false,"max_hp_per_floor":[71,71,71,71,76,76,76,76,76,76,76,76,76,76,76,76,76,76,76,76,76,76,76],"card_choices":[{"not_picked":["Beam Cell","Blizzard"],"picked":"Coolheaded","floor":1.0},{"not_picked":["Steam","Skim"],"picked":"BootSequence","floor":2.0},{"not_picked":["Streamline","Rebound"],"picked":"Sweeping Beam","floor":3.0},{"not_picked":["Beam Cell","Redo"],"picked":"Cold Snap","floor":7.0},{"not_picked":["Hyperbeam","Turbo"],"picked":"Echo Form","floor":8.0},{"not_picked":["Gash","Beam Cell"],"picked":"Hologram","floor":10.0},{"not_picked":["Go for the Eyes","Sweeping Beam","Leap"],"picked":"SKIP","floor":12.0},{"not_picked":["Force Field","Consume"],"picked":"Coolheaded","floor":13.0},{"not_picked":["Coolheaded","Beam Cell"],"picked":"Capacitor","floor":14.0},{"not_picked":["Core Surge","All For One"],"picked":"Seek","floor":16.0},{"not_picked":["Go for the Eyes","Sweeping Beam","Skim"],"picked":"SKIP","floor":18.0},{"not_picked":["Conserve Battery","Rebound"],"picked":"Genetic Algorithm","floor":21},{"not_picked":["Rip and Tear","Aggregate","Streamline"],"picked":"SKIP","floor":22}],"player_experience":1568475,"relics_obtained":[{"floor":8.0,"key":"Art of War"},{"floor":9.0,"key":"Kunai"},{"floor":13.0,"key":"Gambling Chip"},{"floor":21,"key":"Shovel"},{"floor":21,"key":"Cables"}],"event_choices":[{"damage_healed":0.0,"max_hp_gain":5.0,"max_hp_loss":0.0,"gold_gain":0.0,"event_name":"Big Fish","player_choice":"Donut","floor":5.0,"gold_loss":0.0,"damage_taken":0.0},{"damage_healed":0.0,"max_hp_gain":0.0,"max_hp_loss":0.0,"gold_gain":0.0,"event_name":"The Mausoleum","player_choice":"Ignored","floor":19.0,"gold_loss":0.0,"damage_taken":0.0},{"damage_healed":0,"gold_gain":0,"player_choice":"Fight","damage_taken":0,"max_hp_gain":0,"max_hp_loss":0,"event_name":"Colosseum","floor":21,"gold_loss":0},{"damage_healed":0,"gold_gain":0,"player_choice":"Fought Nobs","damage_taken":0,"max_hp_gain":0,"max_hp_loss":0,"event_name":"Colosseum","floor":21,"gold_loss":0}],"is_beta":true,"boss_relics":[{"not_picked":["Ectoplasm","Astrolabe"],"picked":"Snecko Eye"}],"items_purged_floors":[4,20],"is_endless":false,"potions_floor_spawned":[3,7,10,13,16],"killed_by":"Book of Stabbing","ascension_level":20}