{"gold_per_floor":[117,129,129,141,91,124,124,157,180,198,213,231,231,260,260,361,361,380,397,96,110,129,129],"floor_reached":23,"playtime":2871,"items_purged":["Decay"],"score":226,"play_id":"9ad4b062-9a45-4265-af70-98da24e35abe","local_time":"20190430143217","is_ascension_mode":true,"campfire_choices":[{"floor":13,"key":"REST"},{"data":"Armaments","floor":15,"key":"SMITH"}],"neow_cost":"NONE","seed_source_timestamp":833472280254921,"circlet_count":0,"master_deck":["Strike_R","Strike_R","Strike_R","Strike_R","Defend_R","Defend_R","Defend_R","Defend_R","Bash","Warcry","Shrug It Off","Twin Strike","Cleave","Anger","Armaments+1","Blood for Blood","Iron Wave","Second Wind","Offering","True Grit","Iron Wave+1","Master of Strategy","Combust","Pummel","Armaments"],"relics":["Burning Blood","Lantern","Happy Flower","Smiling Mask","Ancient Tea Set","Du-Vu Doll","Velvet Choker"],"potions_floor_usage":[8,8,14,22,23],"damage_taken":[{"damage":0,"enemies":"2 Louse","floor":1,"turns":4},{"damage":3,"enemies":"Jaw Worm","floor":2,"turns":5},{"damage":10,"enemies":"Small Slimes","floor":4,"turns":4},{"damage":35,"enemies":"Gremlin Nob","floor":6,"turns":5},{"damage":24,"enemies":"Lagavulin","floor":8,"turns":7},{"damage":0,"enemies":"Gremlin Gang","floor":10,"turns":3},{"damage":14,"enemies":"3 Louse","floor":11,"turns":4},{"damage":5,"enemies":"Exordium Thugs","floor":12,"turns":5},{"damage":6,"enemies":"Gremlin Nob","floor":14,"turns":4},{"damage":41,"enemies":"The Guardian","floor":16,"turns":10},{"damage":8,"enemies":"3 Byrds","floor":18,"turns":5},{"damage":6,"enemies":"Chosen","floor":19,"turns":4},{"damage":27,"enemies":"Shelled Parasite and Fungi","floor":21,"turns":6},{"damage":31,"enemies":"Centurion and Healer","floor":22,"turns":7},{"damage":37,"enemies":"Slavers","floor":23,"turns":4}],"seed_played":"2246374835867167560","potions_obtained":[{"floor":1,"key":"EssenceOfSteel"},{"floor":6,"key":"Strength Potion"},{"floor":12,"key":"EssenceOfSteel"},{"floor":14,"key":"Fire Potion"},{"floor":19,"key":"Swift Potion"}],"is_trial":false,"path_per_floor":["M","M","?","M","?","E","?","E","T","M","M","M","R","E","R","B",null,"M","M","$","M","M","E"],"character_chosen":"IRONCLAD","items_purchased":["Master of Strategy","Combust"],"campfire_rested":1,"item_purchase_floors":[20,20],"current_hp_per_floor":[80,80,80,76,76,47,47,29,29,35,27,28,52,52,52,17,80,78,78,78,57,32,0],"gold":129,"neow_bonus":"RANDOM_COMMON_RELIC","is_prod":false,"is_daily":false,"chose_seed":false,"campfire_upgraded":1,"win_rate":1,"timestamp":1556627537,"path_taken":["M","M","?","M","?","E","?","E","T","M","M","?","R","E","R","BOSS","M","M","$","M","M","E"],"build_version":"2019-01-23","purchased_purges":1,"victory":false,"max_hp_per_floor":[80,80,80,80,80,80,80,80,80,80,80,80,80,80,80,80,80,80,80,80,80,80,80],"card_choices":[{"not_picked":["Rupture","Cleave"],"picked":"Warcry","floor":1},{"not_picked":["Reckless Charge","Hemokinesis"],"picked":"Shrug It Off","floor":2},{"not_picked":["Clash","Iron Wave"],"picked":"Twin Strike","floor":4},{"not_picked":["Intimidate","Perfected Strike"],"picked":"Cleave","floor":6},{"not_picked":["Cleave","Intimidate"],"picked":"Anger","floor":8},{"not_picked":["Cleave","Blood for Blood"],"picked":"Armaments","floor":10},{"not_picked":["Headbutt","Warcry"],"picked":"Blood for Blood","floor":11},{"not_picked":["Body Slam","Rupture"],"picked":"Iron Wave","floor":12},{"not_picked":["Clothesline","Heavy Blade"],"picked":"Second Wind","floor":14},{"not_picked":["Barricade","Double Tap"],"picked":"Offering","floor":16},{"not_picked":["Headbutt","Armaments"],"picked":"True Grit","floor":18},{"not_picked":["Shrug It Off+1","Headbutt"],"picked":"Iron Wave+1","floor":19},{"not_picked":["Shockwave","Headbutt"],"picked":"Pummel","floor":21},{"not_picked":["Clash+1","Fiend Fire"],"picked":"Armaments","floor":22}],"player_experience":33304,"relics_obtained":[{"floor":6,"key":"Happy Flower"},{"floor":8,"key":"Smiling Mask"},{"floor":9,"key":"Ancient Tea Set"},{"floor":14,"key":"Du-Vu Doll"}],"event_choices":[{"damage_healed":0,"gold_gain":0,"player_choice":"Ignored","damage_taken":0,"max_hp_gain":0,"max_hp_loss":0,"event_name":"Liars Game","floor":3,"gold_loss":0},{"cards_removed":["Strike_R"],"damage_healed":0,"gold_gain":0,"player_choice":"Card Removal","damage_taken":0,"max_hp_gain":0,"max_hp_loss":0,"event_name":"The Cleric","floor":5,"gold_loss":50},{"damage_healed":0,"gold_gain":0,"player_choice":"Cursed","damage_taken":0,"max_hp_gain":0,"max_hp_loss":0,"event_name":"Wheel of Change","floor":7,"gold_loss":0,"cards_obtained":["Decay"]}],"is_beta":false,"boss_relics":[{"not_picked":["Mark of Pain","Runic Dome"],"picked":"Velvet Choker"}],"items_purged_floors":[20],"is_endless":false,"potions_floor_spawned":[1,6,12,14,19],"killed_by":"Slavers","ascension_level":1}