{"path_per_floor":["M","$","M","?","?","R","?","M","T","R","E","M","E","M","R","B",null,"M","?","?","M","M","E","$","M","T","?","M","M","R","M","R","B",null,"M","?","?","M","M","R","E","R","T","M","?","M","M","$","R"],"character_chosen":"IRONCLAD","items_purchased":["Apotheosis","Power Through","Bottled Flame"],"gold_per_floor":[109,34,53,53,53,53,53,74,98,98,136,151,189,214,214,339,339,353,353,278,290,308,343,30,44,67,67,77,89,89,104,104,208,208,227,227,227,247,257,257,282,282,282,302,302,320,337,81,81],"floor_reached":50,"campfire_rested":3,"playtime":3602,"current_hp_per_floor":[77,77,79,71,71,71,71,75,75,75,80,80,66,72,72,40,70,76,76,76,80,67,78,78,68,73,73,67,68,68,46,80,72,78,80,80,80,65,36,75,40,40,40,19,39,46,57,57,80],"items_purged":["Defend_R","Corruption"],"gold":81,"score":780,"play_id":"8042f333-80f7-40a7-a07b-f9f69e60da07","local_time":"20180305212052","is_prod":false,"is_daily":false,"is_ascension_mode":true,"campfire_upgraded":5,"timestamp":1520281252,"path_taken":["M","$","?","?","?","R","?","?","T","R","E","?","E","M","R","BOSS","M","?","?","M","M","E","?","?","T","?","?","?","R","M","R","BOSS","M","?","?","?","M","R","E","R","T","M","?","?","M","$","R","BOSS"],"build_version":"2018-03-02-BETA2","purchased_purges":2,"victory":false,"master_deck":["Bash","Whirlwind+1","Demon Form+1","Seeing Red+1","Thunderclap","Heavy Blade","Fire Breathing","Headbutt","Perfected Strike","Pommel Strike","Wild Strike","Armaments+1","Spot Weakness","Apotheosis+1","Power Through","Demon Form+1","Seeing Red","Seeing Red+1","Clothesline+1","Writhe","Battle Trance","Infernal Blade+1"],"max_hp_per_floor":[80,80,80,80,80,80,80,80,80,80,80,80,80,80,80,80,80,80,80,80,80,80,80,80,80,80,80,80,80,80,80,80,80,80,80,80,80,80,80,80,80,80,80,80,80,80,80,80,80],"relics":["Burning Blood","Lantern","Bloody Idol","Bag of Marbles","Unceasing Top","Pen Nib","Pandora\u0027s Box","Regal Pillow","Bag of Preparation","Sozu","Toolbox","Charon\u0027s Ashes","Bottled Flame"],"card_choices":[{"not_picked":["Rampage","Armaments"],"picked":"Whirlwind"},{"not_picked":["Headbutt","Bloodletting"],"picked":"Seeing Red"},{"not_picked":["Infernal Blade","Disarm"],"picked":"Thunderclap"},{"not_picked":["Clash","Cleave"],"picked":"Heavy Blade"},{"not_picked":["Perfected Strike","Rage"],"picked":"Armaments"},{"not_picked":["Shrug It Off","Pummel"],"picked":"Spot Weakness"},{"not_picked":["Havoc","Perfected Strike"],"picked":"Power Through"},{"not_picked":["Brutality","Impervious"],"picked":"Demon Form"},{"not_picked":["Iron Wave","Entrench"],"picked":"Seeing Red"},{"not_picked":["Reckless Charge","Sword Boomerang"],"picked":"Seeing Red"},{"not_picked":["Disarm","Heavy Blade"],"picked":"Clothesline"},{"not_picked":["Clash","Heavy Blade"],"picked":"Battle Trance"},{"not_picked":["Seeing Red","True Grit"],"picked":"Infernal Blade"}],"player_experience":175607,"potions_floor_usage":[11,25,25,33],"damage_taken":[{"damage":1,"enemies":"Cultist","floor":1,"turns":3},{"damage":4,"enemies":"2 Louse","floor":3,"turns":2},{"damage":2,"enemies":"Jaw Worm","floor":8,"turns":3},{"damage":0,"enemies":"Lagavulin","floor":11,"turns":3},{"damage":0,"enemies":"Large Slime","floor":12,"turns":4},{"damage":20,"enemies":"Gremlin Nob","floor":13,"turns":4},{"damage":0,"enemies":"3 Louse","floor":14,"turns":2},{"damage":38,"enemies":"Slime Boss","floor":16,"turns":5},{"damage":0,"enemies":"3 Byrds","floor":18,"turns":2},{"damage":0,"enemies":"Spheric Guardian","floor":21,"turns":2},{"damage":24,"enemies":"Snake Plant","floor":22,"turns":3},{"damage":0,"enemies":"Slavers","floor":23,"turns":1},{"damage":21,"enemies":"Slaver and Parasite","floor":25,"turns":3},{"damage":17,"enemies":"Centurion and Healer","floor":28,"turns":4},{"damage":10,"enemies":"Snecko","floor":29,"turns":4},{"damage":33,"enemies":"Sentry and Sphere","floor":31,"turns":4},{"damage":19,"enemies":"Collector","floor":33,"turns":6},{"damage":0,"enemies":"3 Darklings","floor":35,"turns":1},{"damage":26,"enemies":"Flame Bruiser 1 Orb","floor":38,"turns":4},{"damage":40,"enemies":"Maw","floor":39,"turns":5},{"damage":46,"enemies":"Giant Head","floor":41,"turns":6},{"damage":32,"enemies":"Spire Growth","floor":44,"turns":3},{"damage":4,"enemies":"Sphere and 2 Shapes","floor":46,"turns":3},{"damage":0,"enemies":"Flame Bruiser 2 Orb","floor":47,"turns":3},{"damage":82,"enemies":"Donu and Deca","floor":50,"turns":5}],"event_choices":[{"event_name":"Wheel of Change","player_choice":"Damage","floor":4,"damage_taken":0},{"event_name":"Golden Idol","player_choice":"Take Wound","floor":5,"damage_taken":0},{"event_name":"Transmorgrifier","player_choice":"Transform","floor":7,"damage_taken":0},{"event_name":"Forgotten Altar","player_choice":"Gave Idol","floor":19,"damage_taken":0},{"event_name":"Beggar","player_choice":"Gave Gold","floor":20,"damage_taken":0},{"event_name":"Vampires","player_choice":"Ignored","floor":27,"damage_taken":0},{"event_name":"Purifier","player_choice":"One Purge","floor":37,"damage_taken":0},{"event_name":"Winding Halls","player_choice":"Writhe","floor":45,"damage_taken":0}],"boss_relics":[{"not_picked":["White Beast Statue","Philosopher\u0027s Stone"],"picked":"Pandora\u0027s Box"},{"not_picked":["Astrolabe","Eternal Feather"],"picked":"Sozu"}],"potions_floor_spawned":[1,8,18,23,25,29,31,38,39],"seed_played":"-6099508356853083421","killed_by":"Donu and Deca","ascension_level":6,"is_trial":false}