{"gold_per_floor":[111,111,123,123,298,328,348,359,359,359,389,34,34,46,46,46],"floor_reached":16,"playtime":556,"items_purged":[],"score":100,"play_id":"318dd596-7442-4335-a8fc-80bd4193329e","local_time":"20190425123933","is_ascension_mode":false,"campfire_choices":[{"data":"Footwork","floor":10,"key":"SMITH"},{"data":"Backstab","floor":15,"key":"SMITH"}],"neow_cost":"NONE","seed_source_timestamp":67953643046700,"circlet_count":0,"master_deck":["Defend_G","Defend_G","Defend_G","Defend_G","Strike_G","Strike_G","Strike_G","Strike_G","Strike_G","Survivor","Neutralize","Footwork+1","Dagger Throw","Doubt","Blade Dance","Backstab+1","Well Laid Plans","Flash of Steel+1","Blur"],"relics":["Coffee Dripper","Ornamental Fan","Shuriken","Molten Egg 2"],"potions_floor_usage":[6],"damage_taken":[{"damage":0,"enemies":"Small Slimes","floor":1,"turns":4},{"damage":10,"enemies":"Jaw Worm","floor":3,"turns":4},{"damage":53,"enemies":"3 Sentries","floor":6,"turns":15},{"damage":0,"enemies":"2 Louse","floor":7,"turns":2},{"damage":3,"enemies":"Large Slime","floor":8,"turns":5},{"damage":3,"enemies":"Looter","floor":14,"turns":2},{"damage":9,"enemies":"Hexaghost","floor":16,"turns":9}],"seed_played":"-819162653513482798","potions_obtained":[{"floor":1,"key":"SteroidPotion"},{"floor":3,"key":"Regen Potion"},{"floor":6,"key":"Ancient Potion"},{"floor":8,"key":"Dexterity Potion"}],"is_trial":false,"path_per_floor":["M","?","M","$","?","E","M","M","T","R","?","$","?","M","R","B"],"character_chosen":"THE_SILENT","items_purchased":["Molten Egg 2","Flash of Steel+1"],"campfire_rested":0,"item_purchase_floors":[12,12],"current_hp_per_floor":[70,63,53,53,53,15,15,12,12,12,12,12,12,9,9,0],"gold":46,"neow_bonus":"BOSS_RELIC","is_prod":false,"is_daily":false,"chose_seed":false,"campfire_upgraded":2,"win_rate":0.0,"timestamp":1556213973,"path_taken":["M","?","M","$","?","E","M","M","T","R","?","$","?","M","R","BOSS"],"build_version":"2019-01-23","purchased_purges":0,"victory":false,"max_hp_per_floor":[70,70,70,70,70,70,70,70,70,70,70,70,70,70,70,70],"card_choices":[{"not_picked":["Flechettes","Quick Slash"],"picked":"Footwork","floor":1},{"not_picked":["Dash","Well Laid Plans"],"picked":"Dagger Throw","floor":3},{"not_picked":["Poisoned Stab","Eviscerate"],"picked":"Blade Dance","floor":6},{"not_picked":["Crippling Poison","Poisoned Stab"],"picked":"Backstab","floor":7},{"not_picked":["Prepared","Quick Slash"],"picked":"Well Laid Plans","floor":8},{"not_picked":["Noxious Fumes","Endless Agony+1"],"picked":"Blur","floor":14}],"player_experience":11452,"relics_obtained":[{"floor":6,"key":"Ornamental Fan"},{"floor":9,"key":"Shuriken"}],"event_choices":[{"cards_removed":["Defend_G"],"damage_healed":0,"gold_gain":0,"player_choice":"Card Removal","damage_taken":7,"max_hp_gain":0,"max_hp_loss":0,"event_name":"Golden Wing","floor":2,"gold_loss":0},{"damage_healed":0,"gold_gain":175,"player_choice":"AGREE","damage_taken":0,"max_hp_gain":0,"max_hp_loss":0,"event_name":"Liars Game","floor":5,"gold_loss":0,"cards_obtained":["Doubt"]},{"damage_healed":0,"gold_gain":30,"player_choice":"Searched \u00271\u0027 times","damage_taken":0,"max_hp_gain":0,"max_hp_loss":0,"event_name":"Dead Adventurer","floor":11,"gold_loss":0},{"damage_healed":0,"gold_gain":0,"player_choice":"Leave","damage_taken":0,"max_hp_gain":0,"max_hp_loss":0,"event_name":"The Cleric","floor":13,"gold_loss":0}],"is_beta":false,"boss_relics":[],"items_purged_floors":[],"is_endless":false,"potions_floor_spawned":[1,3,6,8],"killed_by":"Hexaghost","ascension_level":0}