{"path_per_floor":["M","M","?","?","?","R","M","?","T","M","R","M","$","E","R","B",null,"M","M","?","?","M","E","?","R","T","$","M","?","R","?","R","B",null,"M","?","M","?","$","R","M","M","T","M","$","M","M","?","R","B"],"character_chosen":"IRONCLAD","items_purchased":["Pen Nib","Clash","Orichalcum"],"gold_per_floor":[118,130,130,130,205,205,224,224,224,243,243,255,180,214,214,309,309,321,331,281,308,324,351,351,351,351,51,67,67,67,67,67,165,165,179,179,195,417,135,135,150,168,194,210,60,70,83,138,138,138],"floor_reached":51,"campfire_rested":3,"playtime":3483,"current_hp_per_floor":[65,71,71,71,60,60,62,62,62,64,64,68,68,43,68,44,84,72,63,63,67,80,61,61,61,61,61,79,79,79,79,96,86,96,96,86,89,89,89,89,59,80,80,99,99,99,98,83,103,73],"items_purged":["Regret","True Grit","Bash","Regret"],"gold":138,"play_id":"3f54facb-4320-44db-a3dc-448bff8e91c0","is_prod":false,"is_daily":false,"is_ascension_mode":false,"campfire_upgraded":5,"path_taken":["M","M","?","?","?","R","M","?","T","?","R","?","$","E","R","BOSS","M","M","?","?","?","E","?","R","T","?","M","?","R","?","R","BOSS","M","?","?","?","$","R","M","M","T","M","?","M","M","?","R","BOSS"],"build_version":"2018-01-26-BETA1","purchased_purges":4,"victory":true,"master_deck":["Strike_R+1","Strike_R+1","Strike_R+1","Strike_R+1","Strike_R+1","Defend_R+1","Defend_R+1","Defend_R+1","Clash+1","Pommel Strike+1","Feed+1","Thunderclap+1","Demon Form+1","Reaper","Perfected Strike+1","Perfected Strike+1","Shockwave+1","Iron Wave+1","Whirlwind+1","Clash+1","Clash+1","Feed","Madness+1","Madness","Perfected Strike+1"],"max_hp_per_floor":[80,80,80,80,80,80,80,80,80,80,80,84,84,84,84,84,84,84,88,88,92,96,96,96,96,96,96,96,96,96,96,96,96,96,96,96,96,96,96,96,100,100,100,100,100,100,103,103,103,103],"relics":["Black Blood","Happy Flower","Mercury Hourglass","Frozen Eye","Red Mask","Molten Egg","Charon\u0027s Ashes","Pen Nib","Cursed Key","Orichalcum","Bronze Scales","Calipers"],"card_choices":[{"not_picked":["Armaments","Combust"],"picked":"Clash"},{"not_picked":["Dual Wield","Clothesline"],"picked":"Pommel Strike"},{"not_picked":["Inflame","Sword Boomerang"],"picked":"Feed"},{"not_picked":["Pommel Strike","Hemokinesis"],"picked":"Thunderclap"},{"not_picked":["Uppercut","Thunderclap"],"picked":"Demon Form"},{"not_picked":["Bludgeon","Fiend Fire"],"picked":"Reaper"},{"not_picked":["Shrug It Off","Thunderclap"],"picked":"Perfected Strike"},{"not_picked":["Anger","Juggernaut"],"picked":"Perfected Strike"},{"not_picked":["Pommel Strike","Sword Boomerang"],"picked":"Shockwave"},{"not_picked":["Anger","Sword Boomerang"],"picked":"Iron Wave"},{"not_picked":["Rupture","Rampage"],"picked":"Whirlwind"},{"not_picked":["Inflame","Flex"],"picked":"Clash"},{"not_picked":["Dark Embrace","Barricade"],"picked":"Feed"},{"not_picked":["Armaments","Flex"],"picked":"Perfected Strike"}],"player_experience":0,"potions_floor_usage":[16,21,23,33,47,50,50],"damage_taken":[{"damage":21,"enemies":"Blue Slaver","floor":1,"turns":4},{"damage":0,"enemies":"Small Slimes","floor":2,"turns":3},{"damage":4,"enemies":"Jaw Worm","floor":7,"turns":2},{"damage":4,"enemies":"Looter","floor":10,"turns":3},{"damage":6,"enemies":"Gremlin Gang","floor":12,"turns":4},{"damage":31,"enemies":"Lagavulin","floor":14,"turns":6},{"damage":45,"enemies":"The Guardian","floor":16,"turns":8},{"damage":35,"enemies":"Chosen","floor":18,"turns":6},{"damage":23,"enemies":"2 Thieves","floor":19,"turns":3},{"damage":10,"enemies":"Masked Bandits","floor":21,"turns":3},{"damage":7,"enemies":"Snecko","floor":22,"turns":4},{"damage":35,"enemies":"Book of Stabbing","floor":23,"turns":4},{"damage":10,"enemies":"3 Cultists","floor":28,"turns":3},{"damage":27,"enemies":"Champ","floor":33,"turns":8},{"damage":10,"enemies":"3 Darklings","floor":35,"turns":3},{"damage":7,"enemies":"Orb Walker","floor":37,"turns":2},{"damage":51,"enemies":"Spire Growth","floor":41,"turns":4},{"damage":5,"enemies":"Sphere and 2 Shapes","floor":42,"turns":3},{"damage":9,"enemies":"3 Darklings","floor":44,"turns":3},{"damage":10,"enemies":"Maw","floor":46,"turns":6},{"damage":14,"enemies":"Spire Growth","floor":47,"turns":3},{"damage":25,"enemies":"Mysterious Sphere","floor":48,"turns":3},{"damage":53,"enemies":"Awakened One","floor":50,"turns":10}],"event_choices":[{"event_name":"Living Wall","player_choice":"Change","floor":3,"damage_taken":0},{"event_name":"Upgrade Shrine","player_choice":"Upgraded","floor":4,"damage_taken":0},{"event_name":"World of Goop","player_choice":"Gather Gold","floor":5,"damage_taken":0},{"event_name":"Big Fish","player_choice":"Box","floor":8,"damage_taken":0},{"event_name":"The Joust","player_choice":"Bet on Murderer","floor":20,"damage_taken":0},{"event_name":"Masked Bandits","player_choice":"Fought over 281 gold","floor":21,"damage_taken":0},{"event_name":"Back to Basics","player_choice":"Simplicity","floor":24,"damage_taken":0},{"event_name":"Upgrade Shrine","player_choice":"Upgraded","floor":29,"damage_taken":0},{"event_name":"Addict","player_choice":"Ignored","floor":31,"damage_taken":0},{"event_name":"Winding Halls","player_choice":"Embrace Madness","floor":36,"damage_taken":0},{"event_name":"Tomb of Lord Red Mask","player_choice":"Wore Mask","floor":38,"damage_taken":0},{"event_name":"Mysterious Sphere","player_choice":"Fight","floor":48,"damage_taken":0}],"boss_relics":[{"not_picked":["Mark of Pain","Snecko Eye"],"picked":"Black Blood"},{"not_picked":["Lizard Tail","Velvet Choker"],"picked":"Cursed Key"}],"potions_floor_spawned":[2,10,18,23,28,33,35,44,46],"seed_played":"3938888047008491375","ascension_level":0,"is_trial":false}