{"path_per_floor":["M","T","?","?","M","R","E","M","T","E","R","$","T","$","R","B",null,"M","?","?","$","M","R","E","R","T","E","M","?","?","E","R","B",null,"M","?","$","?","?","R","$","R","T","T","R","M","M","$","R"],"character_chosen":"IRONCLAD","items_purchased":["Inflame","Fire Breathing","Blood Vial"],"gold_per_floor":[119,119,119,119,131,131,166,178,227,260,260,105,105,23,23,118,118,135,225,125,25,42,42,76,76,76,110,127,127,127,186,186,282,282,292,292,13,263,0,0,0,0,26,49,49,67,78,78,78],"floor_reached":50,"campfire_rested":6,"playtime":3641,"current_hp_per_floor":[80,80,80,64,53,53,18,10,10,10,34,34,34,34,58,8,80,80,64,64,64,43,67,35,74,74,40,31,57,57,40,81,21,87,68,68,68,68,68,68,68,68,68,68,68,59,65,65,87],"items_purged":["Regret","Strike_R","Perfected Strike"],"gold":78,"score":593,"play_id":"a5eadc45-2224-4801-8253-8c82a80af67d","local_time":"20180301200144","is_prod":false,"is_daily":false,"is_ascension_mode":true,"campfire_upgraded":4,"timestamp":1519930904,"path_taken":["M","?","?","?","M","R","E","M","T","E","R","$","?","$","R","BOSS","M","?","?","$","?","R","E","R","T","E","M","?","?","E","R","BOSS","M","?","$","?","?","R","?","R","T","?","R","M","?","?","R","BOSS"],"build_version":"2018-02-28-BETA2","purchased_purges":3,"victory":false,"master_deck":["Bash+1","Heavy Blade+1","Anger","Bludgeon","Pummel","Inflame+1","Fire Breathing+1","Dark Embrace+1","Headbutt+1","J.A.X.+1","Second Wind","Rupture+1","Spot Weakness+1","Burning Pact+1","Demon Form+1","Shockwave","Uppercut","Sword Boomerang","Sword Boomerang","Headbutt","Wild Strike","Flame Barrier","Metallicize+1","Inflame+1","Regret","Battle Trance","Burning Pact+1"],"max_hp_per_floor":[80,80,80,80,80,80,80,80,80,80,80,80,80,80,80,80,80,80,80,80,80,80,80,80,80,80,80,80,80,80,87,87,87,87,87,87,87,87,87,87,87,87,87,87,87,87,87,87,87],"relics":["Runic Dome","Dead Branch","Letter Opener","Gambling Chip","Happy Flower","Frozen Egg 2","Bird Faced Urn","Black Star","Regal Pillow","Orichalcum","Magic Flower","Dream Catcher","Lantern","Anchor","Strawberry","Tiny Chest","Pandora\u0027s Box","Blood Vial","Red Mask","Ancient Tea Set","Bag of Marbles"],"card_choices":[{"not_picked":["Sword Boomerang","Iron Wave"],"picked":"Heavy Blade"},{"not_picked":["True Grit","Second Wind"],"picked":"Anger"},{"not_picked":["Entrench","Anger"],"picked":"Bludgeon"},{"not_picked":["Warcry","Flame Barrier"],"picked":"Pummel"},{"not_picked":["Exhume","Brutality"],"picked":"Dark Embrace"},{"not_picked":["Clash","Disarm"],"picked":"Headbutt"},{"not_picked":["Pommel Strike","Sever Soul"],"picked":"Second Wind"},{"not_picked":["Burning Pact","True Grit"],"picked":"Rupture"},{"not_picked":["Wild Strike","Flex"],"picked":"Spot Weakness"},{"not_picked":["Body Slam","Carnage"],"picked":"Burning Pact"},{"not_picked":["Feed","Barricade"],"picked":"Demon Form"},{"not_picked":["Iron Wave","Pommel Strike"],"picked":"Metallicize"},{"not_picked":["Flame Barrier","Shrug It Off"],"picked":"Battle Trance"},{"not_picked":["Wild Strike","Hemokinesis"],"picked":"Burning Pact"}],"player_experience":140531,"potions_floor_usage":[10,27,31],"damage_taken":[{"damage":0,"enemies":"Cultist","floor":1,"turns":2},{"damage":11,"enemies":"Small Slimes","floor":5,"turns":3},{"damage":35,"enemies":"3 Sentries","floor":7,"turns":6},{"damage":8,"enemies":"2 Louse","floor":8,"turns":2},{"damage":0,"enemies":"Gremlin Nob","floor":10,"turns":2},{"damage":54,"enemies":"Hexaghost","floor":16,"turns":5},{"damage":0,"enemies":"Chosen","floor":18,"turns":2},{"damage":25,"enemies":"2 Thieves","floor":22,"turns":3},{"damage":40,"enemies":"Book of Stabbing","floor":24,"turns":5},{"damage":40,"enemies":"Slavers","floor":27,"turns":5},{"damage":18,"enemies":"Snake Plant","floor":28,"turns":2},{"damage":36,"enemies":"Gremlin Leader","floor":31,"turns":4},{"damage":70,"enemies":"Collector","floor":33,"turns":5},{"damage":19,"enemies":"Orb Walker","floor":35,"turns":3},{"damage":12,"enemies":"Flame Bruiser 1 Orb","floor":46,"turns":3},{"damage":15,"enemies":"Maw","floor":47,"turns":4},{"damage":135,"enemies":"Time Eater","floor":50,"turns":5}],"event_choices":[{"event_name":"Big Fish","player_choice":"Box","floor":3,"damage_taken":0},{"event_name":"Shining Light","player_choice":"Entered Light","floor":4,"damage_taken":0},{"event_name":"Knowing Skull","player_choice":"GOLD ","floor":19,"damage_taken":0},{"event_name":"Drug Dealer","player_choice":"Got JAXXED","floor":20,"damage_taken":0},{"event_name":"The Library","player_choice":"Heal","floor":29,"damage_taken":0},{"event_name":"The Mausoleum","player_choice":"Yes","floor":30,"damage_taken":0},{"event_name":"Duplicator","player_choice":"One dupe","floor":36,"damage_taken":0},{"event_name":"Golden Shrine","player_choice":"Desecrate","floor":38,"damage_taken":0},{"event_name":"Tomb of Lord Red Mask","player_choice":"Paid","floor":39,"damage_taken":0}],"boss_relics":[{"not_picked":["Tiny House","White Beast Statue"],"picked":"Black Star"},{"not_picked":["Velvet Choker","Runic Cube"],"picked":"Pandora\u0027s Box"}],"potions_floor_spawned":[8,24,27,33,35,46],"seed_played":"8666598710184850122","killed_by":"Time Eater","ascension_level":4,"is_trial":false}