{"gold_per_floor":[119,131,306,326,50,50,50,78,78,93,43,43,43,2,2,104,104,118,136,136,151,211,211],"floor_reached":23,"playtime":990,"items_purged":["Doubt"],"score":248,"play_id":"fccebbfb-b269-41cd-9311-4ab5effbe762","local_time":"20190418023157","is_ascension_mode":true,"campfire_choices":[{"data":"Streamline","floor":6,"key":"SMITH"},{"floor":13,"key":"REST"},{"data":"Hologram","floor":15,"key":"SMITH"}],"neow_cost":"NONE","seed_source_timestamp":1666194922929346,"circlet_count":0,"master_deck":["Strike_B","Strike_B","Strike_B+1","Defend_B","Defend_B","Defend_B","Defend_B","Zap","Dualcast","Conserve Battery","Streamline+1","Gash+1","Gash","Hologram","Hologram+1","Gash","Melter","Echo Form","Steam","FTL","Scrape","Turbo"],"relics":["Cracked Core","Blood Vial","DollysMirror","Mercury Hourglass","Whetstone","Lizard Tail","SsserpentHead"],"potions_floor_usage":[16,23,23,23],"damage_taken":[{"damage":3,"enemies":"Jaw Worm","floor":1,"turns":4},{"damage":5,"enemies":"Small Slimes","floor":2,"turns":4},{"damage":1,"enemies":"Cultist","floor":4,"turns":3},{"damage":26,"enemies":"Gremlin Nob","floor":8,"turns":4},{"damage":11,"enemies":"Looter","floor":10,"turns":2},{"damage":34,"enemies":"The Guardian","floor":16,"turns":7},{"damage":14,"enemies":"3 Byrds","floor":18,"turns":4},{"damage":17,"enemies":"2 Thieves","floor":19,"turns":4},{"damage":23,"enemies":"Snake Plant","floor":21,"turns":5},{"damage":13,"enemies":"Cultist and Chosen","floor":22,"turns":6},{"damage":0,"enemies":"Book of Stabbing","floor":23,"turns":2}],"seed_played":"-5338697936681551989","potions_obtained":[{"floor":4,"key":"Strength Potion"},{"floor":10,"key":"Strength Potion"},{"floor":18,"key":"FearPotion"},{"floor":19,"key":"Strength Potion"}],"is_trial":false,"path_per_floor":["M","M","?","M","$","R","?","E","T","M","$","?","R","$","R","B",null,"M","M","?","M","M","E"],"character_chosen":"DEFECT","items_purchased":["DollysMirror","Gash","Melter"],"campfire_rested":1,"item_purchase_floors":[5,11,14],"current_hp_per_floor":[67,64,64,65,65,65,70,46,46,37,37,30,54,54,54,22,66,54,39,39,18,7,9],"gold":211,"neow_bonus":"RANDOM_COMMON_RELIC","is_prod":false,"is_daily":false,"chose_seed":false,"campfire_upgraded":2,"win_rate":0,"timestamp":1555522317,"path_taken":["M","M","?","M","$","R","?","E","T","M","$","?","R","?","R","BOSS","M","?","?","M","?","E"],"build_version":"2019-01-23","purchased_purges":1,"victory":false,"max_hp_per_floor":[75,75,75,75,75,75,80,80,80,80,80,80,80,80,80,80,80,80,80,80,80,80,80],"card_choices":[{"not_picked":["Turbo","Steam Power"],"picked":"Conserve Battery","floor":1},{"not_picked":["Compile Driver","Beam Cell"],"picked":"Streamline","floor":2},{"not_picked":["Genetic Algorithm","Coolheaded"],"picked":"Gash","floor":4},{"not_picked":["Amplify","Hello World"],"picked":"Hologram","floor":8},{"not_picked":["Rip and Tear","Coolheaded"],"picked":"Hologram","floor":10},{"not_picked":["Hyperbeam","Thunder Strike"],"picked":"Echo Form","floor":16},{"not_picked":["Barrage","Streamline"],"picked":"Steam","floor":18},{"not_picked":["Rebound+1","Conserve Battery"],"picked":"FTL","floor":19},{"not_picked":["Streamline+1","Melter"],"picked":"Scrape","floor":21},{"not_picked":["Hologram","White Noise"],"picked":"Turbo","floor":22}],"player_experience":229979,"relics_obtained":[{"floor":8,"key":"Mercury Hourglass"},{"floor":9,"key":"Whetstone"}],"event_choices":[{"damage_healed":0,"gold_gain":175,"player_choice":"AGREE","damage_taken":0,"max_hp_gain":0,"max_hp_loss":0,"event_name":"Liars Game","floor":3,"gold_loss":0,"cards_obtained":["Doubt"]},{"damage_healed":0,"gold_gain":0,"player_choice":"Donut","damage_taken":0,"max_hp_gain":5,"max_hp_loss":0,"event_name":"Big Fish","floor":7,"gold_loss":0},{"cards_removed":["Strike_B"],"damage_healed":0,"gold_gain":0,"player_choice":"Card Removal","damage_taken":7,"max_hp_gain":0,"max_hp_loss":0,"event_name":"Golden Wing","floor":12,"gold_loss":0},{"damage_healed":0,"gold_gain":0,"player_choice":"Trade","damage_taken":0,"relics_obtained":["SsserpentHead"],"max_hp_gain":0,"max_hp_loss":0,"event_name":"FaceTrader","floor":20,"gold_loss":0}],"is_beta":false,"boss_relics":[{"not_picked":["Runic Pyramid","Sozu"],"picked":"Lizard Tail"}],"items_purged_floors":[5],"is_endless":false,"potions_floor_spawned":[4,10,18,19,22],"killed_by":"Book of Stabbing","ascension_level":6}