{"path_per_floor":["M","?","$","?","M","R","$","M","T","M","E","M","E","M","R","B",null,"M","M","?","?","$","R","?","R","T","?","T","$","?","M","R","B",null,"M","?","M","?","$","R","$","?","T","M","M","$","R","M","R","B"],"character_chosen":"IRONCLAD","items_purchased":["Apotheosis","Double Tap","Vajra","Shovel"],"gold_per_floor":[118,118,43,43,59,59,59,82,82,103,139,152,195,219,219,343,343,368,382,382,382,73,73,73,73,73,73,73,73,73,94,94,224,224,242,242,265,265,265,265,41,374,425,438,452,26,26,38,38,38],"floor_reached":51,"campfire_rested":4,"playtime":3069,"current_hp_per_floor":[80,80,80,60,65,65,65,71,71,76,60,63,42,48,72,24,80,79,79,63,63,63,63,63,63,63,47,47,47,47,48,72,26,80,32,32,29,29,29,53,53,53,53,55,56,56,56,36,60,21],"items_purged":["Defend_R","Strike_R","Strike_R"],"gold":38,"score":503,"play_id":"f69eb8f8-bdb6-4e0c-a6d6-b40bc88f9bc2","is_prod":false,"is_daily":false,"is_ascension_mode":false,"campfire_upgraded":3,"path_taken":["M","?","$","?","M","R","?","M","T","?","E","M","E","M","R","BOSS","M","M","?","?","$","R","?","R","T","?","?","$","?","M","R","BOSS","M","?","M","?","$","R","$","?","T","?","M","$","R","M","R","BOSS"],"build_version":"2018-02-15-BETA1","purchased_purges":3,"victory":true,"master_deck":["Strike_R+1","Strike_R+1","Defend_R+1","Defend_R+1","Defend_R+1","Bash","Iron Wave","Armaments+1","Shrug It Off","Pummel","Disarm+1","Demon Form+1","Spot Weakness+1","Dramatic Entrance","Apotheosis+1","Feed","Cleave","Pommel Strike+1","Double Tap+1","Spot Weakness+1","Battle Trance+1"],"max_hp_per_floor":[80,80,80,80,80,80,80,80,80,80,80,80,80,80,80,80,80,80,80,80,80,80,80,80,80,80,80,80,80,80,80,80,80,80,80,80,80,80,80,80,80,80,80,83,83,83,83,83,83,83],"relics":["Burning Blood","Lantern","Omamori","Anchor","Centennial Puzzle","Philosopher\u0027s Stone","Thread and Needle","Necronomicon","Shuriken","Lizard Tail","Vajra","Ancient Tea Set","Shovel","War Paint"],"card_choices":[{"not_picked":["Dual Wield","Heavy Blade"],"picked":"Iron Wave"},{"not_picked":["Pommel Strike","Corruption"],"picked":"Armaments"},{"not_picked":["Dark Embrace","Sword Boomerang"],"picked":"Shrug It Off"},{"not_picked":["Clash","Intimidate"],"picked":"Pummel"},{"not_picked":["Twin Strike","Wild Strike"],"picked":"Disarm"},{"not_picked":["Fiend Fire","Immolate"],"picked":"Demon Form"},{"not_picked":["Perfected Strike","Armaments"],"picked":"Iron Wave"},{"not_picked":["Perfected Strike","Warcry"],"picked":"Spot Weakness"},{"not_picked":["Barricade","Dark Embrace"],"picked":"Feed"},{"not_picked":["Fire Breathing","Clothesline"],"picked":"Cleave"},{"not_picked":["Twin Strike","Shockwave"],"picked":"Pommel Strike"},{"not_picked":["Feel No Pain","Sever Soul"],"picked":"Spot Weakness"},{"not_picked":["Armaments","Clash"],"picked":"Battle Trance"}],"player_experience":57088,"potions_floor_usage":[33,33,44,45,50,50,50],"damage_taken":[{"damage":5,"enemies":"Small Slimes","floor":1,"turns":3},{"damage":1,"enemies":"Cultist","floor":5,"turns":3},{"damage":0,"enemies":"2 Louse","floor":8,"turns":2},{"damage":1,"enemies":"Exordium Thugs","floor":10,"turns":4},{"damage":22,"enemies":"Gremlin Nob","floor":11,"turns":4},{"damage":3,"enemies":"Looter","floor":12,"turns":3},{"damage":27,"enemies":"Lagavulin","floor":13,"turns":7},{"damage":0,"enemies":"3 Louse","floor":14,"turns":4},{"damage":54,"enemies":"The Guardian","floor":16,"turns":15},{"damage":7,"enemies":"Shell Parasite","floor":18,"turns":5},{"damage":6,"enemies":"Chosen","floor":19,"turns":5},{"damage":5,"enemies":"Snecko","floor":31,"turns":3},{"damage":55,"enemies":"Collector","floor":33,"turns":5},{"damage":54,"enemies":"3 Darklings","floor":35,"turns":6},{"damage":9,"enemies":"Flame Bruiser 1 Orb","floor":37,"turns":6},{"damage":7,"enemies":"Sphere and 2 Shapes","floor":44,"turns":3},{"damage":5,"enemies":"Flame Bruiser 2 Orb","floor":45,"turns":4},{"damage":26,"enemies":"Spire Growth","floor":48,"turns":4},{"damage":60,"enemies":"Time Eater","floor":50,"turns":8}],"event_choices":[{"event_name":"Bonfire Elementals","player_choice":"BASIC","floor":2,"damage_taken":0},{"event_name":"Golden Idol","player_choice":"Take Damage","floor":4,"damage_taken":0},{"event_name":"Knowing Skull","player_choice":"CARD ","floor":20,"damage_taken":0},{"event_name":"Back to Basics","player_choice":"Simplicity","floor":21,"damage_taken":0},{"event_name":"Addict","player_choice":"Ignored","floor":24,"damage_taken":0},{"event_name":"Cursed Tome","player_choice":"Obtained Book","floor":27,"damage_taken":0},{"event_name":"Accursed Blacksmith","player_choice":"Ignore","floor":30,"damage_taken":0},{"event_name":"Tomb of Lord Red Mask","player_choice":"Ignored","floor":36,"damage_taken":0},{"event_name":"The Moai Head","player_choice":"Gave Idol","floor":42,"damage_taken":0}],"boss_relics":[{"not_picked":["Velvet Choker","Ectoplasm"],"picked":"Philosopher\u0027s Stone"},{"not_picked":["Calling Bell","Question Card"],"picked":"Lizard Tail"}],"potions_floor_spawned":[1,8,10,12,13,14,19,31,35,37,45,48],"seed_played":"2463743419472312218","ascension_level":0,"is_trial":false}