{"gold_per_floor":[117,117,117,65,65,65,92,92,119,131,131,150,165,184,184,289,289,304,337,262,262,280,280],"floor_reached":23,"playtime":1238,"items_purged":[],"score":293,"play_id":"2eb49e96-acff-4f4f-8493-8c915c552507","local_time":"20190404233517","is_ascension_mode":true,"campfire_choices":[{"data":"Bash","floor":6.0,"key":"SMITH"},{"data":"Inflame","floor":8.0,"key":"SMITH"},{"data":"Heavy Blade","floor":11.0,"key":"SMITH"},{"data":"Defend_R","floor":15.0,"key":"SMITH"}],"neow_cost":"NONE","seed_source_timestamp":61609863749600,"circlet_count":0,"master_deck":["AscendersBane","Strike_R","Strike_R","Defend_R","Defend_R","Defend_R","Defend_R+1","Bash+1","Rupture","Heavy Blade+1","Inflame+1","Combust","Bloodletting","Brutality","Shockwave"],"special_seed":0,"relics":["Burning Blood","Anchor","Oddly Smooth Stone","Black Star","Red Mask"],"potions_floor_usage":[19],"damage_taken":[{"damage":13.0,"enemies":"Jaw Worm","floor":1.0,"turns":4.0},{"damage":50.0,"enemies":"3 Sentries","floor":7.0,"turns":11.0},{"damage":2.0,"enemies":"2 Louse","floor":10.0,"turns":3.0},{"damage":0.0,"enemies":"Small Slimes","floor":12.0,"turns":4.0},{"damage":6.0,"enemies":"3 Louse","floor":13.0,"turns":3.0},{"damage":3.0,"enemies":"Looter","floor":14.0,"turns":3.0},{"damage":34.0,"enemies":"The Guardian","floor":16.0,"turns":7.0},{"damage":30.0,"enemies":"2 Thieves","floor":18.0,"turns":4.0},{"damage":26,"enemies":"Masked Bandits","floor":19,"turns":4},{"damage":14,"enemies":"Shell Parasite","floor":22,"turns":5},{"damage":22,"enemies":"Book of Stabbing","floor":23,"turns":3}],"seed_played":"-8798929685070848721","potions_obtained":[{"floor":7.0,"key":"Strength Potion"},{"floor":14.0,"key":"GamblersBrew"}],"is_trial":false,"path_per_floor":["M","?","?","$","?","R","E","R","T","M","R","M","M","M","R","B",null,"M","?","?","?","M","E"],"character_chosen":"IRONCLAD","items_purchased":["Heavy Blade"],"campfire_rested":0,"item_purchase_floors":[4],"current_hp_per_floor":[73,66,71,71,71,71,27,27,27,31,31,37,37,40,40,12,73,49,29,29,29,21,0],"gold":280,"neow_bonus":"TEN_PERCENT_HP_BONUS","is_prod":false,"is_daily":false,"chose_seed":false,"campfire_upgraded":4,"win_rate":0,"timestamp":1554442517,"path_taken":["M","?","?","$","?","R","E","R","T","M","R","M","M","M","R","BOSS","M","?","?","?","M","E"],"build_version":"2019-01-23","purchased_purges":0,"victory":false,"max_hp_per_floor":[88,88,93,93,93,93,93,93,93,93,93,93,93,93,93,93,93,93,93,93,93,93,93],"card_choices":[{"not_picked":["Shrug It Off","Flex"],"picked":"Rupture","floor":1.0},{"not_picked":["Disarm","Carnage"],"picked":"Inflame","floor":7.0},{"not_picked":["Sword Boomerang","Havoc","Warcry"],"picked":"SKIP","floor":10.0},{"not_picked":["Clash","Heavy Blade"],"picked":"Combust","floor":12.0},{"not_picked":["Heavy Blade","Pommel Strike"],"picked":"Bloodletting","floor":13.0},{"not_picked":["Havoc","Body Slam","Anger"],"picked":"SKIP","floor":14.0},{"not_picked":["Berserk","Dark Embrace"],"picked":"Brutality","floor":16.0},{"not_picked":["Uppercut","Metallicize","Body Slam+1"],"picked":"SKIP","floor":18.0},{"not_picked":["Thunderclap+1","Perfected Strike+1"],"picked":"Shockwave","floor":19},{"not_picked":["Twin Strike","Corruption","Shrug It Off"],"picked":"SKIP","floor":22}],"player_experience":560703,"relics_obtained":[{"floor":7.0,"key":"Anchor"},{"floor":9.0,"key":"Oddly Smooth Stone"},{"floor":19,"key":"Red Mask"}],"event_choices":[{"cards_removed":["Strike_R"],"damage_healed":0.0,"max_hp_gain":0.0,"max_hp_loss":0.0,"gold_gain":0.0,"event_name":"Golden Wing","player_choice":"Card Removal","floor":2.0,"gold_loss":0.0,"damage_taken":7.0},{"damage_healed":0.0,"max_hp_gain":5.0,"max_hp_loss":0.0,"gold_gain":0.0,"event_name":"Big Fish","player_choice":"Donut","floor":3.0,"gold_loss":0.0,"damage_taken":0.0},{"damage_healed":0.0,"max_hp_gain":0.0,"max_hp_loss":0.0,"gold_gain":0.0,"event_name":"Liars Game","player_choice":"Ignored","floor":5.0,"gold_loss":0.0,"damage_taken":0.0},{"damage_healed":0,"gold_gain":0,"player_choice":"Fought Bandits","damage_taken":0,"max_hp_gain":0,"max_hp_loss":0,"event_name":"Masked Bandits","floor":19,"gold_loss":0},{"cards_removed":["Strike_R"],"damage_healed":0,"gold_gain":0,"player_choice":"Gave Gold","damage_taken":0,"max_hp_gain":0,"max_hp_loss":0,"event_name":"Beggar","floor":20,"gold_loss":75},{"cards_removed":["Strike_R"],"damage_healed":0,"gold_gain":0,"player_choice":"Purged","damage_taken":0,"max_hp_gain":0,"max_hp_loss":0,"event_name":"Purifier","floor":21,"gold_loss":0}],"is_beta":false,"boss_relics":[{"not_picked":["Velvet Choker","Astrolabe"],"picked":"Black Star"}],"items_purged_floors":[],"is_endless":false,"potions_floor_spawned":[7,14],"killed_by":"Book of Stabbing","ascension_level":11}