{"gold_per_floor":[114,130,149,167,38,38,66,28,28,28,28,28,43,59,59,156,156,167,18,18,18],"floor_reached":21,"playtime":530,"items_purged":["Strike_B","Consume"],"score":339,"play_id":"6d8ad902-b9c7-4313-8179-c5f8b87b6751","local_time":"20190419230836","is_ascension_mode":true,"campfire_choices":[{"data":"Sunder","floor":6.0,"key":"SMITH"},{"floor":11.0,"key":"REST"},{"floor":15.0,"key":"REST"}],"neow_cost":"NONE","seed_source_timestamp":1827239658441021,"circlet_count":0,"master_deck":["AscendersBane","Defend_B","Defend_B","Defend_B","Defend_B","Zap","Dualcast","Gash","Sunder+1","Hologram","Turbo","Gash","Rebound","Leap","Beam Cell","Machine Learning","White Noise","Decay"],"special_seed":0,"relics":["Cracked Core","Dream Catcher","Odd Mushroom","Shuriken","Empty Cage"],"potions_floor_usage":[16,16],"damage_taken":[{"damage":1.0,"enemies":"Cultist","floor":1.0,"turns":3.0},{"damage":9.0,"enemies":"Jaw Worm","floor":2.0,"turns":4.0},{"damage":9.0,"enemies":"2 Louse","floor":3.0,"turns":3.0},{"damage":9.0,"enemies":"2 Fungi Beasts","floor":4.0,"turns":4.0},{"damage":30.0,"enemies":"The Mushroom Lair","floor":7.0,"turns":5.0},{"damage":9.0,"enemies":"Looter","floor":13.0,"turns":3.0},{"damage":9.0,"enemies":"Red Slaver","floor":14.0,"turns":2.0},{"damage":0,"enemies":"Slime Boss","floor":16,"turns":5},{"damage":38,"enemies":"Spheric Guardian","floor":18,"turns":5},{"damage":0,"enemies":"Shell Parasite","floor":21,"turns":1}],"seed_played":"5849735802326241678","potions_obtained":[{"floor":1.0,"key":"Block Potion"},{"floor":7.0,"key":"PowerPotion"},{"floor":13.0,"key":"PowerPotion"},{"floor":16,"key":"EssenceOfSteel"}],"is_trial":false,"path_per_floor":["M","M","M","M","$","R","?","?","T","?","R","$","M","M","R","B",null,"M","$","?","M"],"character_chosen":"DEFECT","items_purchased":["Hologram","Swift Potion"],"campfire_rested":2,"item_purchase_floors":[5,19],"current_hp_per_floor":[67,58,49,40,40,40,10,10,10,10,32,32,23,14,36,36,65,27,27,27,27],"gold":18,"neow_bonus":"RANDOM_COMMON_RELIC","is_prod":false,"is_daily":false,"chose_seed":false,"campfire_upgraded":1,"win_rate":0,"timestamp":1555682916,"path_taken":["M","?","M","M","$","R","?","?","T","?","R","$","M","M","R","BOSS","M","$","?","M"],"build_version":"2019-01-23","purchased_purges":2,"victory":false,"max_hp_per_floor":[75,75,75,75,75,75,75,75,75,75,75,75,75,75,75,75,75,75,75,75,75],"card_choices":[{"not_picked":["Rebound","Double Energy"],"picked":"Consume","floor":1.0},{"not_picked":["Compile Driver","Sweeping Beam"],"picked":"Gash","floor":2.0},{"not_picked":["Tempest","Ball Lightning","Cold Snap"],"picked":"SKIP","floor":3.0},{"not_picked":["Ball Lightning","Go for the Eyes"],"picked":"Sunder","floor":4.0},{"not_picked":["Streamline","Force Field"],"picked":"Turbo","floor":7.0},{"not_picked":["Redo","Conserve Battery"],"picked":"Gash","floor":11.0},{"not_picked":["Streamline","Stack"],"picked":"Rebound","floor":13.0},{"not_picked":["Static Discharge","Rebound"],"picked":"Leap","floor":14.0},{"not_picked":["Hologram","Conserve Battery"],"picked":"Beam Cell","floor":15.0},{"not_picked":["Creative AI","Reboot"],"picked":"Machine Learning","floor":16},{"not_picked":["Streamline","Ball Lightning"],"picked":"White Noise","floor":18}],"player_experience":252676,"relics_obtained":[{"floor":7.0,"key":"Odd Mushroom"},{"floor":9.0,"key":"Shuriken"}],"event_choices":[{"damage_healed":0.0,"max_hp_gain":0.0,"max_hp_loss":0.0,"gold_gain":0.0,"event_name":"Mushrooms","player_choice":"Fought Mushrooms","floor":7.0,"gold_loss":0.0,"damage_taken":0.0},{"damage_healed":0.0,"max_hp_gain":0.0,"max_hp_loss":0.0,"gold_gain":0.0,"event_name":"World of Goop","player_choice":"Left Gold","floor":8.0,"gold_loss":38.0,"damage_taken":0.0},{"cards_removed":["Strike_B"],"damage_healed":0.0,"max_hp_gain":0.0,"max_hp_loss":0.0,"gold_gain":0.0,"event_name":"Living Wall","player_choice":"Forget","floor":10.0,"gold_loss":0.0,"damage_taken":0.0},{"damage_healed":0,"gold_gain":0,"player_choice":"Cursed","damage_taken":0,"max_hp_gain":0,"max_hp_loss":0,"event_name":"Wheel of Change","floor":20,"gold_loss":0,"cards_obtained":["Decay"]}],"is_beta":false,"boss_relics":[{"not_picked":["Cursed Key","Velvet Choker"],"picked":"Empty Cage"}],"items_purged_floors":[5,19],"is_endless":false,"potions_floor_spawned":[1,7,13,16],"killed_by":"Shell Parasite","ascension_level":11}