{"gold_per_floor":[118,118,135,150,168,168,202,202,202,221,238,250,250,278,278,377,377,396,396,416,436,447,482,495,420,420,420,420,420,35,66,66,161,161,177,228,228,228,239,267,285,312,312,312,347,347,367,384,384,384],"floor_reached":51,"playtime":4634,"items_purged":["Strike_R","Writhe"],"score":1133,"play_id":"919da76d-e765-45c9-ad9d-7489dfd3fc29","local_time":"20190310071822","is_ascension_mode":true,"campfire_choices":[{"data":"Shrug It Off","floor":6.0,"key":"SMITH"},{"data":"Havoc","floor":8.0,"key":"SMITH"},{"data":"Armaments","floor":13.0,"key":"SMITH"},{"data":"Ghostly Armor","floor":15.0,"key":"SMITH"},{"data":"Whirlwind","floor":27.0,"key":"SMITH"},{"floor":32.0,"key":"REST"},{"floor":44,"key":"REST"},{"floor":46,"key":"REST"},{"floor":49,"key":"REST"}],"neow_cost":"PERCENT_DAMAGE","seed_source_timestamp":0,"circlet_count":0,"master_deck":["Strike_R+1","Strike_R+1","Strike_R+1","Defend_R+1","Defend_R+1","Defend_R+1","Defend_R+1","Bash","Havoc+1","Ghostly Armor+1","Spot Weakness","Shrug It Off+1","Twin Strike","Armaments+1","Heavy Blade","Whirlwind+1","Reaper","Warcry+1","Double Tap","Bludgeon","Heavy Blade+1","Demon Form+1","Dark Embrace+1"],"special_seed":0,"relics":["Art of War","Bronze Scales","Frozen Egg 2","Velvet Choker","Nloth\u0027s Gift","Matryoshka","Regal Pillow","Gremlin Horn","Blue Candle","Dream Catcher","Oddly Smooth Stone","Fusion Hammer","Thread and Needle","Happy Flower","Letter Opener","Blood Vial","Paper Frog","Bag of Preparation"],"potions_floor_usage":[36,36],"damage_taken":[{"damage":5.0,"enemies":"Small Slimes","floor":1.0,"turns":4.0},{"damage":1.0,"enemies":"Cultist","floor":3.0,"turns":4.0},{"damage":1.0,"enemies":"2 Louse","floor":4.0,"turns":4.0},{"damage":4.0,"enemies":"Red Slaver","floor":5.0,"turns":4.0},{"damage":38.0,"enemies":"Gremlin Nob","floor":7.0,"turns":5.0},{"damage":2.0,"enemies":"Looter","floor":10.0,"turns":3.0},{"damage":3.0,"enemies":"Large Slime","floor":11.0,"turns":8.0},{"damage":4.0,"enemies":"Lots of Slimes","floor":12.0,"turns":5.0},{"damage":20.0,"enemies":"Lagavulin","floor":14.0,"turns":6.0},{"damage":6.0,"enemies":"Hexaghost","floor":16.0,"turns":9.0},{"damage":7.0,"enemies":"Spheric Guardian","floor":18.0,"turns":5.0},{"damage":22.0,"enemies":"2 Thieves","floor":20.0,"turns":4.0},{"damage":34.0,"enemies":"Shelled Parasite and Fungi","floor":21.0,"turns":6.0},{"damage":6.0,"enemies":"3 Cultists","floor":22.0,"turns":5.0},{"damage":27.0,"enemies":"Gremlin Leader","floor":23.0,"turns":8.0},{"damage":1.0,"enemies":"Centurion and Healer","floor":24.0,"turns":5.0},{"damage":42.0,"enemies":"Book of Stabbing","floor":31.0,"turns":6.0},{"damage":30.0,"enemies":"Champ","floor":33.0,"turns":9.0},{"damage":9,"enemies":"3 Darklings","floor":35,"turns":3},{"damage":49,"enemies":"2 Orb Walkers","floor":36,"turns":4},{"damage":0,"enemies":"Orb Walker","floor":39,"turns":2},{"damage":63,"enemies":"Nemesis","floor":40,"turns":9},{"damage":13,"enemies":"Spire Growth","floor":41,"turns":4},{"damage":19,"enemies":"Reptomancer","floor":42,"turns":5},{"damage":36,"enemies":"Nemesis","floor":45,"turns":7},{"damage":27,"enemies":"Maw","floor":47,"turns":5},{"damage":0,"enemies":"Jaw Worm Horde","floor":48,"turns":1},{"damage":52,"enemies":"Donu and Deca","floor":50,"turns":6}],"seed_played":"5527782875416786557","potions_obtained":[{"floor":4.0,"key":"Fire Potion"},{"floor":5.0,"key":"SkillPotion"},{"floor":7.0,"key":"Block Potion"},{"floor":12.0,"key":"Strength Potion"},{"floor":14.0,"key":"AttackPotion"},{"floor":16.0,"key":"Explosive Potion"},{"floor":20.0,"key":"Block Potion"},{"floor":21.0,"key":"Energy Potion"},{"floor":31.0,"key":"BloodPotion"},{"floor":35,"key":"BloodPotion"},{"floor":40,"key":"Strength Potion"},{"floor":41,"key":"SpeedPotion"},{"floor":42,"key":"SmokeBomb"}],"is_trial":false,"path_per_floor":["M","?","M","M","M","R","E","R","T","M","M","M","R","E","R","B",null,"M","?","M","M","M","E","M","$","T","R","?","?","$","E","R","B",null,"M","?","?","?","M","E","M","E","T","R","E","R","M","M","R","B",null],"character_chosen":"IRONCLAD","items_purchased":["Bludgeon","Dream Catcher"],"campfire_rested":4,"item_purchase_floors":[30,30],"current_hp_per_floor":[68,68,73,78,80,80,48,48,48,52,55,57,57,43,43,43,83,82,82,74,52,58,41,40,40,40,40,40,40,40,9,52,36,81,72,58,58,106,106,45,32,27,27,73,56,102,93,95,106,54],"gold":384,"neow_bonus":"TWENTY_PERCENT_HP_BONUS","is_prod":false,"is_daily":false,"chose_seed":false,"campfire_upgraded":5,"win_rate":0,"timestamp":1552223902,"path_taken":["M","?","M","M","?","R","E","R","T","M","M","M","R","E","R","BOSS","M","?","M","?","M","E","M","$","T","R","?","?","$","E","R","BOSS","M","?","?","?","M","E","M","E","T","R","E","R","M","M","R","BOSS"],"build_version":"2019-01-23","purchased_purges":2,"victory":true,"max_hp_per_floor":[96,96,96,96,96,96,96,96,96,96,96,96,96,96,96,96,96,96,96,96,96,96,96,96,96,96,96,96,96,96,96,96,96,96,96,96,96,106,106,106,106,106,106,106,106,106,106,106,106,106],"card_choices":[{"not_picked":["Blood for Blood","Thunderclap"],"picked":"Havoc","floor":1.0},{"not_picked":["Body Slam","Flex"],"picked":"Ghostly Armor","floor":3.0},{"not_picked":["Perfected Strike","Clash"],"picked":"Spot Weakness","floor":4.0},{"not_picked":["Sever Soul","Combust"],"picked":"Shrug It Off","floor":5.0},{"not_picked":["Fire Breathing","Wild Strike"],"picked":"Twin Strike","floor":7.0},{"not_picked":["Rage","Dual Wield"],"picked":"Armaments","floor":10.0},{"not_picked":["Wild Strike","True Grit"],"picked":"Heavy Blade","floor":11.0},{"not_picked":["True Grit","Blood for Blood"],"picked":"Whirlwind","floor":12.0},{"not_picked":["Immolate","Thunderclap","Entrench"],"picked":"SKIP","floor":14.0},{"not_picked":["Immolate","Dark Embrace+1"],"picked":"Reaper","floor":16.0},{"not_picked":["Heavy Blade","Cleave+1","Twin Strike"],"picked":"SKIP","floor":18.0},{"not_picked":["Bludgeon","Armaments"],"picked":"Warcry+1","floor":20.0},{"not_picked":["Clash","Rampage","Body Slam+1"],"picked":"SKIP","floor":21.0},{"not_picked":["Twin Strike","Armaments","Fiend Fire"],"picked":"SKIP","floor":22.0},{"not_picked":["Twin Strike","Armaments","Fiend Fire"],"picked":"SKIP","floor":22.0},{"not_picked":["Disarm","Sword Boomerang"],"picked":"Double Tap","floor":23.0},{"not_picked":["Clash+1","Sever Soul","Twin Strike+1"],"picked":"SKIP","floor":24.0},{"not_picked":["Twin Strike","Bludgeon","Warcry"],"picked":"SKIP","floor":31.0},{"not_picked":["Dark Embrace+1","Immolate"],"picked":"Barricade+1","floor":33.0},{"not_picked":["Armaments","Sword Boomerang","Clothesline"],"picked":"SKIP","floor":35},{"not_picked":["Havoc+1","Ghostly Armor+1"],"picked":"Heavy Blade+1","floor":39},{"not_picked":["Clash","Headbutt","Warcry+1"],"picked":"SKIP","floor":40},{"not_picked":["Power Through","Exhume","Anger"],"picked":"SKIP","floor":41},{"not_picked":["Clothesline","Iron Wave+1"],"picked":"Demon Form+1","floor":42},{"not_picked":["True Grit","Burning Pact+1"],"picked":"Dark Embrace+1","floor":45},{"not_picked":["Clash+1","Whirlwind","Sword Boomerang"],"picked":"SKIP","floor":47},{"not_picked":["Bludgeon","Whirlwind+1","Cleave+1"],"picked":"SKIP","floor":48}],"player_experience":484766,"relics_obtained":[{"floor":7.0,"key":"Art of War"},{"floor":9.0,"key":"Bronze Scales"},{"floor":14.0,"key":"Frozen Egg 2"},{"floor":23.0,"key":"Matryoshka"},{"floor":26.0,"key":"Regal Pillow"},{"floor":26.0,"key":"Gremlin Horn"},{"floor":31.0,"key":"Oddly Smooth Stone"},{"floor":36,"key":"Thread and Needle"},{"floor":40,"key":"Happy Flower"},{"floor":42,"key":"Letter Opener"},{"floor":43,"key":"Blood Vial"},{"floor":43,"key":"Paper Frog"},{"floor":45,"key":"Bag of Preparation"}],"event_choices":[{"damage_healed":0.0,"max_hp_gain":0.0,"max_hp_loss":0.0,"gold_gain":0.0,"event_name":"The Woman in Blue","player_choice":"Bought 0 Potions","floor":2.0,"gold_loss":0.0,"damage_taken":0.0},{"damage_healed":0.0,"max_hp_gain":0.0,"max_hp_loss":0.0,"gold_gain":0.0,"event_name":"N\u0027loth","player_choice":"Traded Relic","floor":19.0,"relics_lost":["Burning Blood"],"gold_loss":0.0,"damage_taken":0.0,"relics_obtained":["Nloth\u0027s Gift"]},{"damage_healed":0.0,"max_hp_gain":0.0,"max_hp_loss":0.0,"gold_gain":0.0,"event_name":"The Mausoleum","player_choice":"Opened","floor":28.0,"gold_loss":0.0,"damage_taken":0.0,"relics_obtained":["Blue Candle"],"cards_obtained":["Writhe"]},{"damage_healed":0.0,"max_hp_gain":0.0,"max_hp_loss":0.0,"gold_gain":0.0,"event_name":"Back to Basics","player_choice":"Simplicity","floor":29.0,"gold_loss":0.0,"damage_taken":0.0,"cards_upgraded":["Strike_R","Strike_R","Strike_R","Strike_R","Defend_R","Defend_R","Defend_R","Defend_R"]},{"damage_healed":0,"gold_gain":0,"player_choice":"Fight","damage_taken":0,"max_hp_gain":0,"max_hp_loss":0,"event_name":"Mysterious Sphere","floor":36,"gold_loss":0},{"cards_removed":["Strike_R"],"damage_healed":0,"gold_gain":0,"player_choice":"Removed Attack","damage_taken":0,"max_hp_gain":0,"max_hp_loss":0,"event_name":"Falling","floor":37,"gold_loss":0},{"cards_removed":["Barricade"],"damage_healed":38,"gold_gain":0,"player_choice":"Offered Rare","damage_taken":0,"max_hp_gain":10,"max_hp_loss":0,"event_name":"Bonfire Elementals","floor":38,"gold_loss":0}],"is_beta":false,"boss_relics":[{"not_picked":["Busted Crown","White Beast Statue"],"picked":"Velvet Choker"},{"not_picked":["Mark of Pain","Black Star"],"picked":"Fusion Hammer"}],"items_purged_floors":[25,30],"is_endless":false,"potions_floor_spawned":[4,5,7,12,14,16,20,21,31,35,40,41,42],"ascension_level":9}