{"path_per_floor":["M","M","?","M","?","E","$","R","T","M","?","?","?","E","R"],"character_chosen":"DEFECT","items_purchased":["Gambling Chip"],"gold_per_floor":[11,26,276,294,294,321,8,8,8,24,24,24,24,49,49,49],"floor_reached":16,"campfire_rested":0,"playtime":5988,"current_hp_per_floor":[74,73,73,71,64,45,45,45,55,55,55,60,60,60,60,0],"items_purged":[],"gold":49,"score":158,"play_id":"3f27fba8-8e81-41d4-baf7-cae6d9f05e84","local_time":"20180429123930","is_prod":false,"is_daily":false,"chose_seed":false,"is_ascension_mode":false,"campfire_upgraded":2,"timestamp":1524998370,"path_taken":["M","M","?","?","?","E","$","R","T","M","?","?","?","E","R","BOSS"],"build_version":"2018-04-27v3","seed_source_timestamp":1443245690241338,"purchased_purges":1,"victory":false,"master_deck":["Strike_B","Strike_B","Strike_B","Strike_B","Defend_B","Defend_B","Defend_B","Defend_B","Zap","Dualcast","Redo+1","Turbo+1","Regret","Reinforced Body","Multi-Cast+1","Turbo+1"],"max_hp_per_floor":[75,75,75,75,75,75,75,75,85,85,85,90,90,90,90,90],"relics":["Cracked Core","Happy Flower","Gambling Chip","Pear","Regal Pillow"],"card_choices":[{"not_picked":["Amplify","Creative AI"],"picked":"Redo","floor":0},{"not_picked":["Go for the Eyes","Streamline"],"picked":"Turbo","floor":1},{"not_picked":["Streamline","Sweeping Beam"],"picked":"Reinforced Body","floor":4},{"not_picked":["Loop","Axe Kick"],"picked":"Multi-Cast","floor":6},{"not_picked":["Skim","Sweeping Beam"],"picked":"Turbo","floor":10}],"player_experience":259399,"potions_floor_usage":[6,16],"damage_taken":[{"damage":1,"enemies":"Jaw Worm","floor":1,"turns":4},{"damage":1,"enemies":"Cultist","floor":2,"turns":4},{"damage":2,"enemies":"2 Louse","floor":4,"turns":3},{"damage":19,"enemies":"3 Sentries","floor":6,"turns":7},{"damage":0,"enemies":"Red Slaver","floor":10,"turns":3},{"damage":0,"enemies":"Gremlin Nob","floor":14,"turns":3},{"damage":77,"enemies":"Hexaghost","floor":16,"turns":12}],"event_choices":[{"event_name":"Golden Shrine","player_choice":"Desecrate","floor":3,"damage_taken":0},{"event_name":"Wheel of Change","player_choice":"Damage","floor":5,"damage_taken":0},{"event_name":"Living Wall","player_choice":"Grow","floor":11,"damage_taken":0},{"event_name":"Big Fish","player_choice":"Donut","floor":12,"damage_taken":0},{"event_name":"Accursed Blacksmith","player_choice":"Forge","floor":13,"damage_taken":0}],"boss_relics":[],"potions_floor_spawned":[1,4,14],"seed_played":"6662729063255452707","killed_by":"Hexaghost","ascension_level":0,"is_trial":false}