{"gold_per_floor":[160,335,348,348,348,348,358,358,358,127,161,161,61,76,76,178,178,192,117,117,187,237,237,264,281,308,358],"floor_reached":27,"playtime":1629,"items_purged":["Regret","Doubt"],"score":229,"play_id":"e7e9986c-11ff-465d-8263-e69226310ab4","local_time":"20190505152056","is_ascension_mode":false,"campfire_choices":[{"data":"Acrobatics","floor":6,"key":"SMITH"},{"data":"Poisoned Stab","floor":8,"key":"SMITH"},{"data":"Infinite Blades","floor":12,"key":"SMITH"},{"data":"Blade Dance","floor":15,"key":"SMITH"},{"data":"Noxious Fumes","floor":23,"key":"SMITH"}],"neow_cost":"NONE","seed_source_timestamp":1053879995522339,"circlet_count":0,"master_deck":["Defend_G","Defend_G","Defend_G","Defend_G","Defend_G","Strike_G","Strike_G","Strike_G","Strike_G","Survivor+1","Neutralize","Poisoned Stab+1","Footwork+1","Acrobatics+1","Infinite Blades+1","Blade Dance+1","Adrenaline","Noxious Fumes+1","Deadly Poison","Backstab"],"relics":["Tiny House","StoneCalendar","Anchor","Vajra","Shuriken","Runic Dome","SsserpentHead","Tingsha","Pen Nib"],"potions_floor_usage":[27,27,27],"damage_taken":[{"damage":4,"enemies":"Small Slimes","floor":1,"turns":5},{"damage":8,"enemies":"Jaw Worm","floor":3,"turns":5},{"damage":0,"enemies":"Cultist","floor":7,"turns":4},{"damage":24,"enemies":"Gremlin Nob","floor":11,"turns":5},{"damage":1,"enemies":"Large Slime","floor":14,"turns":4},{"damage":2,"enemies":"Slime Boss","floor":16,"turns":7},{"damage":2,"enemies":"Shell Parasite","floor":18,"turns":4},{"damage":16,"enemies":"Chosen","floor":21,"turns":5},{"damage":38,"enemies":"Gremlin Leader","floor":24,"turns":7},{"damage":9,"enemies":"3 Cultists","floor":25,"turns":5},{"damage":6,"enemies":"Colosseum Slavers","floor":27,"turns":3},{"damage":17,"enemies":"Colosseum Nobs","floor":27,"turns":2}],"seed_played":"9140703922016609446","potions_obtained":[{"floor":0,"key":"LiquidBronze"},{"floor":11,"key":"AttackPotion"},{"floor":24,"key":"GhostInAJar"}],"is_trial":false,"path_per_floor":["M","?","M","?","?","R","M","R","T","$","E","R","$","M","R","B",null,"M","?","?","M","?","R","E","M","T","?"],"character_chosen":"THE_SILENT","items_purchased":["Vajra"],"campfire_rested":0,"item_purchase_floors":[10],"current_hp_per_floor":[71,71,63,63,63,63,63,63,63,63,39,39,39,38,38,36,75,73,73,73,57,57,57,19,10,10,0],"gold":358,"neow_bonus":"BOSS_RELIC","is_prod":false,"is_daily":false,"chose_seed":false,"campfire_upgraded":5,"win_rate":0,"timestamp":1557062456,"path_taken":["M","?","M","?","?","R","M","R","T","$","E","R","$","M","R","BOSS","M","?","?","?","?","R","E","M","T","?"],"build_version":"2019-04-23","purchased_purges":2,"victory":false,"max_hp_per_floor":[75,75,75,75,75,75,75,75,75,75,75,75,75,75,75,75,75,75,75,75,75,75,75,75,75,75,75],"card_choices":[{"not_picked":["Deflect","Deadly Poison"],"picked":"Poisoned Stab","floor":0},{"not_picked":["Finisher","Slice"],"picked":"Footwork","floor":1},{"not_picked":["Outmaneuver","Quick Slash"],"picked":"Acrobatics","floor":3},{"not_picked":["Flying Knee","Dagger Spray","Slice"],"picked":"SKIP","floor":7},{"not_picked":["Distraction","Setup"],"picked":"Infinite Blades","floor":11},{"not_picked":["Skewer","Deflect"],"picked":"Blade Dance","floor":14},{"not_picked":["After Image","Bullet Time"],"picked":"Adrenaline","floor":16},{"not_picked":["Deflect","PiercingWail+1"],"picked":"Noxious Fumes","floor":18},{"not_picked":["Bane","Deflect"],"picked":"Deadly Poison","floor":21},{"not_picked":["All Out Attack+1","Slice+1"],"picked":"Backstab","floor":24},{"not_picked":["Poisoned Stab","Blur","Finisher"],"picked":"SKIP","floor":25}],"player_experience":340898,"relics_obtained":[{"floor":9,"key":"Anchor"},{"floor":11,"key":"Shuriken"},{"floor":24,"key":"Tingsha"},{"floor":26,"key":"Pen Nib"}],"event_choices":[{"damage_healed":0,"gold_gain":175,"player_choice":"AGREE","damage_taken":0,"max_hp_gain":0,"max_hp_loss":0,"event_name":"Liars Game","floor":2,"gold_loss":0,"cards_obtained":["Doubt"]},{"damage_healed":0,"gold_gain":0,"player_choice":"Box","damage_taken":0,"relics_obtained":["StoneCalendar"],"max_hp_gain":0,"max_hp_loss":0,"event_name":"Big Fish","floor":4,"gold_loss":0,"cards_obtained":["Regret"]},{"damage_healed":0,"gold_gain":0,"player_choice":"Grow","damage_taken":0,"max_hp_gain":0,"max_hp_loss":0,"event_name":"Living Wall","floor":5,"gold_loss":0,"cards_upgraded":["Footwork"]},{"cards_removed":["Strike_G"],"damage_healed":0,"gold_gain":0,"player_choice":"Gave Gold","damage_taken":0,"max_hp_gain":0,"max_hp_loss":0,"event_name":"Beggar","floor":19,"gold_loss":75},{"damage_healed":0,"gold_gain":0,"player_choice":"Trade","damage_taken":0,"relics_obtained":["SsserpentHead"],"max_hp_gain":0,"max_hp_loss":0,"event_name":"FaceTrader","floor":20,"gold_loss":0},{"damage_healed":0,"gold_gain":0,"player_choice":"Ignored","damage_taken":0,"max_hp_gain":0,"max_hp_loss":0,"event_name":"Ghosts","floor":22,"gold_loss":0},{"damage_healed":0,"gold_gain":0,"player_choice":"Fight","damage_taken":0,"max_hp_gain":0,"max_hp_loss":0,"event_name":"Colosseum","floor":27,"gold_loss":0},{"damage_healed":0,"gold_gain":0,"player_choice":"Fought Nobs","damage_taken":0,"max_hp_gain":0,"max_hp_loss":0,"event_name":"Colosseum","floor":27,"gold_loss":0}],"is_beta":true,"boss_relics":[{"not_picked":["Busted Crown","Empty Cage"],"picked":"Runic Dome"}],"items_purged_floors":[10,13],"is_endless":false,"potions_floor_spawned":[11,24],"killed_by":"Colosseum Nobs","ascension_level":0}