{"gold_per_floor":[118,118,72,86,100,125,3,23,23,123,138,157,172,32,32,133,133,147,101,101,16,0,31,31,31,31,49,148,27,27,57,57,162,162,173,173,173,185,285,315,75,90,115,115,129,129],"floor_reached":46,"playtime":2151,"items_purged":["Pain","Strike_B"],"score":747,"play_id":"cdf62950-3a52-4226-bdff-8a9058177a77","local_time":"20190420000400","is_ascension_mode":true,"campfire_choices":[{"data":"Streamline","floor":15.0,"key":"SMITH"},{"floor":24.0,"key":"REST"},{"data":"Self Repair","floor":30.0,"key":"SMITH"},{"floor":32.0,"key":"REST"},{"floor":44,"key":"REST"}],"neow_cost":"NONE","seed_source_timestamp":1828888813496956,"circlet_count":0,"master_deck":["AscendersBane","Strike_B","Strike_B","Defend_B","Defend_B","Defend_B","Defend_B","Zap","Dualcast","Streamline+1","Gash","Conserve Battery","Steam","Rebound","Hologram","Melter","FTL","Machine Learning","Beam Cell","Beam Cell","Self Repair+1","Go for the Eyes","All For One","Turbo"],"special_seed":0,"relics":["Cracked Core","NeowsBlessing","WarpedTongs","Mercury Hourglass","Calling Bell","Happy Flower","Sundial","Gambling Chip","Kunai","Pantograph","Matryoshka","Juzu Bracelet","Tiny Chest","Lizard Tail","Letter Opener","Blue Candle","Peace Pipe","Shuriken","Smiling Mask"],"potions_floor_usage":[35,35],"damage_taken":[{"damage":0.0,"enemies":"Jaw Worm","floor":1.0,"turns":1.0},{"damage":0.0,"enemies":"Cultist","floor":4.0,"turns":1.0},{"damage":0.0,"enemies":"2 Louse","floor":5.0,"turns":1.0},{"damage":26.0,"enemies":"3 Sentries","floor":6.0,"turns":6.0},{"damage":1.0,"enemies":"Lots of Slimes","floor":8.0,"turns":2.0},{"damage":3.0,"enemies":"Red Slaver","floor":11.0,"turns":3.0},{"damage":0.0,"enemies":"2 Fungi Beasts","floor":12.0,"turns":3.0},{"damage":2.0,"enemies":"Looter","floor":13.0,"turns":3.0},{"damage":13.0,"enemies":"Hexaghost","floor":16.0,"turns":9.0},{"damage":22.0,"enemies":"2 Thieves","floor":18.0,"turns":4.0},{"damage":3.0,"enemies":"Gremlin Leader","floor":23.0,"turns":5.0},{"damage":15.0,"enemies":"3 Byrds","floor":27.0,"turns":4.0},{"damage":49.0,"enemies":"Champ","floor":33.0,"turns":15.0},{"damage":14,"enemies":"3 Darklings","floor":35,"turns":5},{"damage":21,"enemies":"Orb Walker","floor":38,"turns":4},{"damage":26,"enemies":"Mind Bloom Boss Battle","floor":39,"turns":7},{"damage":62,"enemies":"Giant Head","floor":40,"turns":9},{"damage":39,"enemies":"Writhing Mass","floor":42,"turns":5},{"damage":15,"enemies":"4 Shapes","floor":45,"turns":7},{"damage":0,"enemies":"3 Darklings","floor":46,"turns":1}],"seed_played":"-6131775031419002086","potions_obtained":[{"floor":4.0,"key":"Weak Potion"},{"floor":5.0,"key":"Explosive Potion"},{"floor":6.0,"key":"Energy Potion"},{"floor":18.0,"key":"AttackPotion"},{"floor":33.0,"key":"AttackPotion"},{"floor":35,"key":"Fruit Juice"},{"floor":45,"key":"Explosive Potion"}],"is_trial":false,"path_per_floor":["M","?","$","M","M","E","$","M","T","?","M","M","M","$","R","B",null,"M","$","?","?","?","E","R","$","T","M","?","$","R","T","R","B",null,"M","?","T","M","?","E","$","M","T","R","M","M"],"character_chosen":"DEFECT","items_purchased":["Gash","Hologram","FTL","Beam Cell","Self Repair","Go for the Eyes","Shuriken"],"campfire_rested":3,"item_purchase_floors":[3,7,14,19,29,29,41],"current_hp_per_floor":[68,68,68,68,68,42,42,41,41,41,38,38,36,36,36,23,62,40,40,40,40,40,37,59,59,59,44,44,44,44,44,66,36,65,66,66,66,55,60,48,48,9,9,31,26,26],"gold":129,"neow_bonus":"THREE_ENEMY_KILL","is_prod":false,"is_daily":false,"chose_seed":false,"campfire_upgraded":2,"win_rate":0,"timestamp":1555686240,"path_taken":["M","?","$","?","?","E","?","M","T","?","M","?","M","$","R","BOSS","M","?","?","?","?","E","R","?","T","M","?","$","R","?","R","BOSS","M","?","?","M","?","E","$","M","T","R","M","M"],"build_version":"2019-01-23","purchased_purges":2,"victory":false,"max_hp_per_floor":[75,75,75,75,75,75,75,75,75,75,75,75,75,75,75,75,75,75,75,75,75,75,75,75,75,75,75,75,75,75,75,75,75,75,80,76,76,76,76,76,76,76,76,76,76,76],"card_choices":[{"not_picked":["Leap","Rebound"],"picked":"Streamline","floor":1.0},{"not_picked":["Hello World","Redo"],"picked":"Conserve Battery","floor":4.0},{"not_picked":["Chaos","Consume"],"picked":"Steam","floor":5.0},{"not_picked":["Darkness","Reinforced Body"],"picked":"Rebound","floor":6.0},{"not_picked":["Streamline","Steam","Barrage"],"picked":"SKIP","floor":8.0},{"not_picked":["Sweeping Beam","Coolheaded","Leap"],"picked":"SKIP","floor":11.0},{"not_picked":["Reinforced Body","Auto Shields"],"picked":"Melter","floor":12.0},{"not_picked":["Chaos","Ball Lightning","Double Energy"],"picked":"SKIP","floor":13.0},{"not_picked":["Meteor Strike","Seek"],"picked":"Machine Learning","floor":16.0},{"not_picked":["Cold Snap","Reprogram","Scrape"],"picked":"SKIP","floor":18.0},{"not_picked":["Echo Form","Redo"],"picked":"Beam Cell","floor":23.0},{"not_picked":["Darkness","Cold Snap","Capacitor+1"],"picked":"SKIP","floor":27.0},{"not_picked":["Meteor Strike","Core Surge"],"picked":"All For One","floor":33.0},{"not_picked":["Conserve Battery","Rip and Tear+1","Steam+1"],"picked":"SKIP","floor":35},{"not_picked":["Reprogram","Scrape+1"],"picked":"Turbo","floor":38},{"not_picked":["Doom and Gloom","Auto Shields","Cold Snap"],"picked":"SKIP","floor":40},{"not_picked":["Double Energy","Rebound","Genetic Algorithm+1"],"picked":"SKIP","floor":42},{"not_picked":["Consume","Cold Snap+1","Auto Shields"],"picked":"SKIP","floor":45}],"player_experience":254249,"relics_obtained":[{"floor":6.0,"key":"Mercury Hourglass"},{"floor":17.0,"key":"Happy Flower"},{"floor":17.0,"key":"Sundial"},{"floor":17.0,"key":"Gambling Chip"},{"floor":23.0,"key":"Pantograph"},{"floor":26.0,"key":"Matryoshka"},{"floor":31.0,"key":"Juzu Bracelet"},{"floor":31.0,"key":"Tiny Chest"},{"floor":37,"key":"Letter Opener"},{"floor":37,"key":"Blue Candle"},{"floor":39,"key":"Peace Pipe"},{"floor":43,"key":"Smiling Mask"}],"event_choices":[{"damage_healed":0.0,"max_hp_gain":0.0,"max_hp_loss":0.0,"gold_gain":0.0,"event_name":"Accursed Blacksmith","player_choice":"Rummage","floor":2.0,"gold_loss":0.0,"damage_taken":0.0,"relics_obtained":["WarpedTongs"],"cards_obtained":["Pain"]},{"damage_healed":0.0,"max_hp_gain":0.0,"max_hp_loss":0.0,"gold_gain":100.0,"event_name":"Golden Shrine","player_choice":"Pray","floor":10.0,"gold_loss":0.0,"damage_taken":0.0},{"cards_removed":["Strike_B"],"damage_healed":0.0,"max_hp_gain":0.0,"max_hp_loss":0.0,"gold_gain":0.0,"event_name":"Back to Basics","player_choice":"Elegance","floor":20.0,"gold_loss":0.0,"damage_taken":0.0},{"damage_healed":0.0,"max_hp_gain":0.0,"max_hp_loss":0.0,"gold_gain":0.0,"event_name":"Addict","player_choice":"Obtained Relic","floor":21.0,"gold_loss":85.0,"damage_taken":0.0,"relics_obtained":["Kunai"]},{"damage_healed":0.0,"max_hp_gain":0.0,"max_hp_loss":0.0,"gold_gain":0.0,"event_name":"Masked Bandits","player_choice":"Paid Fearfully","floor":22.0,"gold_loss":16.0,"damage_taken":0.0},{"damage_healed":0.0,"max_hp_gain":0.0,"max_hp_loss":0.0,"gold_gain":99.0,"event_name":"Nest","player_choice":"Stole From Cult","floor":28.0,"gold_loss":0.0,"damage_taken":0.0},{"damage_healed":0,"gold_gain":0,"player_choice":"Max HP","damage_taken":0,"max_hp_gain":0,"max_hp_loss":4,"event_name":"Winding Halls","floor":36,"gold_loss":0},{"damage_healed":0,"gold_gain":0,"player_choice":"Fight","damage_taken":0,"max_hp_gain":0,"max_hp_loss":0,"event_name":"MindBloom","floor":39,"gold_loss":0}],"is_beta":false,"boss_relics":[{"not_picked":["Fusion Hammer","Runic Dome"],"picked":"Calling Bell"},{"not_picked":["Pandora\u0027s Box","White Beast Statue"],"picked":"Lizard Tail"}],"items_purged_floors":[7,14],"is_endless":false,"potions_floor_spawned":[4,5,6,12,18,33,35,45],"killed_by":"3 Darklings","ascension_level":11}