{"gold_per_floor":[116,116,291,12,12,45,45,71,71,71,86,86,11,22,22,22],"floor_reached":16,"playtime":5615,"items_purged":["Doubt"],"score":199,"play_id":"05277392-7bef-4397-8de9-42dba2de56b3","local_time":"20190421090947","is_ascension_mode":true,"campfire_choices":[{"data":"Armaments","floor":7.0,"key":"SMITH"},{"data":"Inflame","floor":15,"key":"SMITH"}],"neow_cost":"NONE","seed_source_timestamp":327686318463900,"circlet_count":0,"master_deck":["AscendersBane","Strike_R","Strike_R","Strike_R","Strike_R","Strike_R","Defend_R","Defend_R","Defend_R","Defend_R","Bash","Armaments+1","Feel No Pain","Reaper","True Grit","Inflame+1"],"special_seed":0,"relics":["Burning Blood","Centennial Puzzle","OrangePellets","Bronze Scales","Mango","Blood Vial","Mummified Hand","Spirit Poop"],"potions_floor_usage":[8,16],"damage_taken":[{"damage":6.0,"enemies":"2 Louse","floor":1.0,"turns":3.0},{"damage":34.0,"enemies":"3 Sentries","floor":6.0,"turns":12.0},{"damage":37,"enemies":"Gremlin Nob","floor":8,"turns":4},{"damage":29,"enemies":"Jaw Worm","floor":11,"turns":3},{"damage":1,"enemies":"Cultist","floor":14,"turns":3},{"damage":31,"enemies":"The Guardian","floor":16,"turns":6}],"seed_played":"8570307195676159678","potions_obtained":[{"floor":6.0,"key":"LiquidBronze"},{"floor":11,"key":"LiquidBronze"}],"is_trial":false,"path_per_floor":["M","?","?","$","T","E","R","E","T","$","M","?","$","M","R","B"],"character_chosen":"IRONCLAD","items_purchased":["Feel No Pain","OrangePellets"],"campfire_rested":0,"item_purchase_floors":[4,4],"current_hp_per_floor":[80,80,80,80,80,66,66,35,35,35,19,19,19,26,26,0],"gold":22,"neow_bonus":"TEN_PERCENT_HP_BONUS","is_prod":false,"is_daily":false,"chose_seed":false,"campfire_upgraded":2,"win_rate":0,"timestamp":1555859387,"path_taken":["M","?","?","$","?","E","R","E","T","$","M","?","$","M","R","BOSS"],"build_version":"2019-01-23","purchased_purges":1,"victory":false,"max_hp_per_floor":[88,88,88,88,88,102,102,102,102,102,102,102,102,102,102,102],"card_choices":[{"not_picked":["Anger","Sword Boomerang"],"picked":"Armaments","floor":1.0},{"not_picked":["Iron Wave","Clash","Entrench"],"picked":"SKIP","floor":6.0},{"not_picked":["Iron Wave","Clash","Entrench"],"picked":"SKIP","floor":6.0},{"not_picked":["Body Slam","Flex"],"picked":"Reaper","floor":8},{"not_picked":["Havoc","Sword Boomerang"],"picked":"True Grit","floor":11},{"not_picked":["Brutality","Headbutt"],"picked":"Inflame","floor":14}],"player_experience":633267,"relics_obtained":[{"floor":5.0,"key":"Bronze Scales"},{"floor":6.0,"key":"Mango"},{"floor":8,"key":"Blood Vial"},{"floor":9,"key":"Mummified Hand"}],"event_choices":[{"damage_healed":0.0,"max_hp_gain":0.0,"max_hp_loss":0.0,"gold_gain":0.0,"event_name":"Big Fish","player_choice":"Box","floor":2.0,"gold_loss":0.0,"damage_taken":0.0,"relics_obtained":["Centennial Puzzle"],"cards_obtained":["Regret"]},{"damage_healed":0.0,"max_hp_gain":0.0,"max_hp_loss":0.0,"gold_gain":175.0,"event_name":"Liars Game","player_choice":"AGREE","floor":3.0,"gold_loss":0.0,"damage_taken":0.0,"cards_obtained":["Doubt"]},{"cards_removed":["Regret"],"damage_healed":0,"gold_gain":0,"player_choice":"Offered Curse","damage_taken":0,"relics_obtained":["Spirit Poop"],"max_hp_gain":0,"max_hp_loss":0,"event_name":"Bonfire Elementals","floor":12,"gold_loss":0}],"is_beta":false,"boss_relics":[],"items_purged_floors":[13],"is_endless":false,"potions_floor_spawned":[6,11],"killed_by":"The Guardian","ascension_level":13}