{"gold_per_floor":[119,119,136,22,41,41,61,80,80,91,103,115,125,125,125,225,225,237,237,237,208,224,224,149,149,149,159,159,159,176,193,193,297,297,313,313,330,255,255,286,300,119,119,119,119,119,136,151,151,151],"floor_reached":51,"playtime":7298,"items_purged":["Strike_R","Defend_R"],"score":700,"play_id":"d1837cb5-a4fd-4dee-aa9c-344365646ee5","local_time":"20190306231133","is_ascension_mode":false,"campfire_choices":[{"data":"Defend_R","floor":6.0,"key":"SMITH"},{"floor":15.0,"key":"REST"},{"data":"Demon Form","floor":23.0,"key":"SMITH"},{"data":"Heavy Blade","floor":25.0,"key":"SMITH"},{"data":"J.A.X.","floor":28.0,"key":"SMITH"},{"data":"Offering","floor":32.0,"key":"SMITH"},{"data":"Limit Break","floor":46,"key":"SMITH"},{"data":"Armaments","floor":49,"key":"SMITH"}],"neow_cost":"NONE","seed_source_timestamp":26868360465200,"circlet_count":0,"master_deck":["Strike_R","Strike_R","Strike_R","Defend_R","Defend_R","Defend_R+1","Bash+1","Rupture","Bloodletting","Bloodletting+1","Twin Strike","Cleave","Clothesline","Offering+1","Spot Weakness","Flame Barrier+1","Demon Form+1","Armaments+1","Ghostly","Ghostly","Ghostly","Ghostly","Ghostly","J.A.X.+1","Heavy Blade+1","Burning Pact+1","Warcry+1","Metallicize","Berserk","Secret Technique","True Grit+1","Limit Break+1","Writhe"],"special_seed":0,"relics":["Burning Blood"],"potions_floor_usage":[47],"damage_taken":[{"damage":1.0,"enemies":"Cultist","floor":1.0,"turns":3.0},{"damage":5.0,"enemies":"Small Slimes","floor":3.0,"turns":4.0},{"damage":8.0,"enemies":"2 Louse","floor":5.0,"turns":2.0},{"damage":26.0,"enemies":"Exordium Wildlife","floor":7.0,"turns":5.0},{"damage":12.0,"enemies":"3 Louse","floor":8.0,"turns":3.0},{"damage":10.0,"enemies":"Large Slime","floor":10.0,"turns":5.0},{"damage":12.0,"enemies":"Red Slaver","floor":11.0,"turns":5.0},{"damage":5.0,"enemies":"3 Louse","floor":12.0,"turns":4.0},{"damage":6.0,"enemies":"2 Fungi Beasts","floor":13.0,"turns":2.0},{"damage":20.0,"enemies":"Slime Boss","floor":16.0,"turns":9.0},{"damage":24.0,"enemies":"Chosen","floor":18.0,"turns":5.0},{"damage":19.0,"enemies":"2 Thieves","floor":21.0,"turns":5.0},{"damage":7.0,"enemies":"Centurion and Healer","floor":22.0,"turns":8.0},{"damage":9.0,"enemies":"Snake Plant","floor":27.0,"turns":6.0},{"damage":12.0,"enemies":"Chosen and Byrds","floor":30.0,"turns":6.0},{"damage":18.0,"enemies":"Centurion and Healer","floor":31.0,"turns":7.0},{"damage":14.0,"enemies":"Champ","floor":33.0,"turns":8.0},{"damage":8.0,"enemies":"Orb Walker","floor":35.0,"turns":3.0},{"damage":8.0,"enemies":"3 Darklings","floor":37.0,"turns":7.0},{"damage":10.0,"enemies":"Reptomancer","floor":40.0,"turns":6.0},{"damage":3,"enemies":"Maw","floor":41,"turns":8},{"damage":3,"enemies":"Spire Growth","floor":47,"turns":5},{"damage":8,"enemies":"3 Darklings","floor":48,"turns":6},{"damage":18,"enemies":"Donu and Deca","floor":50,"turns":6}],"seed_played":"8695089837966550691","potions_obtained":[{"floor":1.0,"key":"GamblersBrew"},{"floor":7.0,"key":"GamblersBrew"},{"floor":8.0,"key":"Poison Potion"},{"floor":11.0,"key":"EssenceOfSteel"},{"floor":13.0,"key":"Weak Potion"},{"floor":22.0,"key":"Ancient Potion"},{"floor":30.0,"key":"Regen Potion"},{"floor":37.0,"key":"SteroidPotion"},{"floor":47,"key":"Ancient Potion"}],"is_trial":false,"path_per_floor":["M","?","M","$","M","R","M","M","T","M","M","M","M","?","R","B",null,"M","?","?","M","M","R","?","R","T","M","R","?","M","M","R","B",null,"M","?","M","$","?","E","M","$","T","?","$","R","M","M","R","B",null],"character_chosen":"IRONCLAD","items_purchased":["Bloodletting","Twin Strike","Limit Break"],"campfire_rested":1,"item_purchase_floors":[4,4,42],"current_hp_per_floor":[88,88,88,88,86,86,66,60,60,56,50,51,51,33,59,45,88,70,44,44,31,30,30,30,30,30,27,27,42,36,36,36,28,44,42,42,40,40,30,26,29,29,29,40,40,40,43,41,41,29],"gold":151,"neow_bonus":"TEN_PERCENT_HP_BONUS","is_prod":false,"is_daily":false,"chose_seed":false,"campfire_upgraded":7,"win_rate":0,"timestamp":1551939093,"path_taken":["M","?","M","$","?","R","M","M","T","M","M","M","?","?","R","BOSS","M","?","?","M","M","R","?","R","T","?","R","?","M","M","R","BOSS","M","?","?","$","?","E","M","$","T","?","?","R","M","M","R","BOSS"],"build_version":"2019-01-23","purchased_purges":2,"victory":true,"max_hp_per_floor":[88,88,88,88,88,88,88,88,88,88,88,88,88,88,88,88,88,88,44,44,44,44,44,44,44,44,44,44,44,44,44,44,44,44,44,44,44,44,44,44,44,44,44,44,44,44,44,44,44,44],"card_choices":[{"not_picked":["Uppercut","Ghostly Armor"],"picked":"Rupture","floor":1.0},{"not_picked":["Heavy Blade","Pummel"],"picked":"Bloodletting","floor":3.0},{"not_picked":["Body Slam","Perfected Strike"],"picked":"Cleave","floor":5.0},{"not_picked":["Intimidate","Cleave"],"picked":"Clothesline","floor":7.0},{"not_picked":["Iron Wave","Pommel Strike"],"picked":"Offering","floor":8.0},{"not_picked":["Rage","Warcry","Wild Strike"],"picked":"SKIP","floor":10.0},{"not_picked":["Havoc","Pommel Strike","Clash"],"picked":"SKIP","floor":11.0},{"not_picked":["Flex","Thunderclap"],"picked":"Spot Weakness","floor":12.0},{"not_picked":["Fire Breathing","Sentinel"],"picked":"Flame Barrier","floor":13.0},{"not_picked":["Feed","Barricade"],"picked":"Demon Form","floor":16.0},{"not_picked":["Twin Strike","Bloodletting"],"picked":"Armaments","floor":18.0},{"not_picked":["Warcry","Seeing Red+1"],"picked":"Heavy Blade","floor":21.0},{"not_picked":["Sentinel","Disarm"],"picked":"Burning Pact+1","floor":22.0},{"not_picked":["Fire Breathing+1","Flex"],"picked":"Warcry+1","floor":27.0},{"not_picked":["Armaments","Clash+1"],"picked":"Metallicize","floor":30.0},{"not_picked":["Dual Wield","Clothesline"],"picked":"Berserk","floor":31.0},{"not_picked":["Flex","Headbutt","Iron Wave"],"picked":"SKIP","floor":35.0},{"not_picked":["Anger","Shrug It Off","Clothesline+1"],"picked":"SKIP","floor":37.0},{"not_picked":["Panacea","Bandage Up"],"picked":"Secret Technique","floor":39.0},{"not_picked":["Dropkick+1","Flex+1"],"picked":"True Grit+1","floor":40},{"not_picked":["Shrug It Off","Ghostly Armor+1","Spot Weakness"],"picked":"SKIP","floor":41},{"not_picked":["Cleave+1","Shrug It Off+1","Twin Strike"],"picked":"SKIP","floor":47},{"not_picked":["Rampage","Clash+1","Anger"],"picked":"SKIP","floor":48}],"player_experience":466148,"relics_obtained":[],"event_choices":[{"damage_healed":0.0,"max_hp_gain":0.0,"max_hp_loss":0.0,"gold_gain":0.0,"event_name":"Accursed Blacksmith","player_choice":"Forge","floor":2.0,"gold_loss":0.0,"damage_taken":0.0,"cards_upgraded":["Bash"]},{"damage_healed":0.0,"max_hp_gain":0.0,"max_hp_loss":0.0,"gold_gain":0.0,"event_name":"Shining Light","player_choice":"Entered Light","floor":14.0,"gold_loss":0.0,"damage_taken":18.0,"cards_upgraded":["Bloodletting","Flame Barrier"]},{"damage_healed":0.0,"max_hp_gain":0.0,"max_hp_loss":44.0,"gold_gain":0.0,"event_name":"Ghosts","player_choice":"Became a Ghost","floor":19.0,"gold_loss":0.0,"damage_taken":0.0,"cards_obtained":["Ghostly","Ghostly","Ghostly","Ghostly","Ghostly"]},{"damage_healed":0.0,"max_hp_gain":0.0,"max_hp_loss":0.0,"gold_gain":0.0,"event_name":"Drug Dealer","player_choice":"Obtain J.A.X.","floor":20.0,"gold_loss":0.0,"damage_taken":0.0,"cards_obtained":["J.A.X."]},{"cards_removed":["Strike_R"],"damage_healed":0.0,"max_hp_gain":0.0,"max_hp_loss":0.0,"gold_gain":0.0,"event_name":"Beggar","player_choice":"Gave Gold","floor":24.0,"gold_loss":75.0,"damage_taken":0.0},{"damage_healed":15.0,"max_hp_gain":0.0,"max_hp_loss":0.0,"gold_gain":0.0,"event_name":"The Library","player_choice":"Heal","floor":29.0,"gold_loss":0.0,"damage_taken":0.0},{"damage_healed":0.0,"max_hp_gain":0.0,"max_hp_loss":0.0,"gold_gain":0.0,"event_name":"WeMeetAgain","player_choice":"Ignored","floor":36.0,"gold_loss":0.0,"damage_taken":0.0},{"damage_healed":0.0,"max_hp_gain":0.0,"max_hp_loss":0.0,"gold_gain":0.0,"event_name":"SensoryStone","player_choice":"Memory 3","floor":39.0,"gold_loss":0.0,"damage_taken":10.0},{"damage_healed":11,"gold_gain":0,"player_choice":"Writhe","damage_taken":0,"max_hp_gain":0,"max_hp_loss":0,"event_name":"Winding Halls","floor":44,"gold_loss":0,"cards_obtained":["Writhe"]}],"is_beta":false,"boss_relics":[{"not_picked":["Coffee Dripper","Cursed Key","Black Star"]},{"not_picked":["White Beast Statue","Mark of Pain","Fusion Hammer"]}],"items_purged_floors":[38,42],"is_endless":false,"potions_floor_spawned":[1,7,8,11,13,22,27,30,37,47],"ascension_level":0}