{"gold_per_floor":[114,131,111,128,146,146,181,181,181,54,54,67,242,261,261,261],"floor_reached":16,"playtime":840,"items_purged":[],"score":102,"play_id":"832618a5-886f-4760-b778-33f4aab68788","local_time":"20190508215742","is_ascension_mode":false,"campfire_choices":[{"data":"Defragment","floor":6,"key":"SMITH"},{"data":"Hello World","floor":8,"key":"SMITH"},{"data":"Consume","floor":15,"key":"SMITH"}],"neow_cost":"NONE","seed_source_timestamp":216956038597845,"circlet_count":0,"master_deck":["Strike_B","Strike_B","Strike_B","Strike_B","Defend_B","Defend_B","Defend_B","Defend_B","Zap","Dualcast","Self Repair","Defragment+1","Rebound","Cold Snap","Hello World+1","Leap","Self Repair","Undo","Doubt","Consume+1"],"relics":["Cracked Core","Regal Pillow","Kunai","Frozen Egg 2"],"potions_floor_usage":[5,16,16],"damage_taken":[{"damage":10,"enemies":"Small Slimes","floor":1,"turns":3},{"damage":1,"enemies":"Cultist","floor":2,"turns":4},{"damage":6,"enemies":"Jaw Worm","floor":4,"turns":5},{"damage":10,"enemies":"2 Fungi Beasts","floor":5,"turns":3},{"damage":25,"enemies":"Lagavulin","floor":7,"turns":6},{"damage":9,"enemies":"3 Louse","floor":12,"turns":5},{"damage":10,"enemies":"Looter","floor":14,"turns":4},{"damage":65,"enemies":"Slime Boss","floor":16,"turns":12}],"seed_played":"-2950933887611130038","potions_obtained":[{"floor":1,"key":"SpeedPotion"},{"floor":3,"key":"AttackPotion"},{"floor":5,"key":"GamblersBrew"}],"is_trial":false,"path_per_floor":["M","M","?","M","M","R","E","R","T","$","?","M","?","M","R","B"],"character_chosen":"DEFECT","items_purchased":["Leap","Self Repair"],"campfire_rested":0,"item_purchase_floors":[10,10],"current_hp_per_floor":[72,78,78,79,76,76,58,58,58,58,55,60,60,64,64,0],"gold":261,"neow_bonus":"TEN_PERCENT_HP_BONUS","is_prod":false,"is_daily":false,"chose_seed":false,"campfire_upgraded":3,"win_rate":0,"timestamp":1557367062,"path_taken":["M","M","?","?","M","R","E","R","T","?","?","M","?","M","R","BOSS"],"build_version":"2019-01-23","purchased_purges":0,"victory":false,"max_hp_per_floor":[82,82,82,82,82,82,82,82,82,82,82,82,82,82,82,82],"card_choices":[{"not_picked":["Compile Driver","Steam"],"picked":"Self Repair","floor":1},{"not_picked":["Melter","Hello World"],"picked":"Defragment","floor":2},{"not_picked":["Hologram","Stack"],"picked":"Rebound","floor":4},{"not_picked":["Heatsinks","Hello World"],"picked":"Cold Snap","floor":5},{"not_picked":["Sunder","Turbo"],"picked":"Hello World","floor":7},{"not_picked":["Gash","Skim"],"picked":"Undo","floor":12},{"not_picked":["Reboot","Redo"],"picked":"Consume","floor":14}],"player_experience":282193,"relics_obtained":[{"floor":7,"key":"Regal Pillow"},{"floor":9,"key":"Kunai"}],"event_choices":[{"damage_healed":0,"gold_gain":0,"player_choice":"Bought 1 Potion","damage_taken":0,"max_hp_gain":0,"max_hp_loss":0,"event_name":"The Woman in Blue","floor":3,"gold_loss":0},{"damage_healed":0,"gold_gain":0,"player_choice":"Success","damage_taken":3,"relics_obtained":["Frozen Egg 2"],"max_hp_gain":0,"max_hp_loss":0,"event_name":"Scrap Ooze","floor":11,"gold_loss":0},{"damage_healed":0,"gold_gain":175,"player_choice":"AGREE","damage_taken":0,"max_hp_gain":0,"max_hp_loss":0,"event_name":"Liars Game","floor":13,"gold_loss":0,"cards_obtained":["Doubt"]}],"is_beta":false,"boss_relics":[],"items_purged_floors":[],"is_endless":false,"potions_floor_spawned":[1,5],"killed_by":"Slime Boss","ascension_level":0}