{"gold_per_floor":[117,117,42,42,61,88,2,2,2,20,47,59,87,98,98,98],"floor_reached":16,"playtime":884,"items_purged":[],"score":261,"play_id":"bbd6035a-8f39-451e-a0c7-a6fc1e05afe5","local_time":"20190521204648","is_ascension_mode":true,"campfire_choices":[{"data":"Infernal Blade","floor":8,"key":"SMITH"},{"data":"Armaments","floor":15,"key":"SMITH"}],"neow_cost":"NONE","seed_source_timestamp":192526820551500,"circlet_count":0,"master_deck":["AscendersBane","Strike_R","Strike_R","Strike_R","Strike_R","Defend_R","Defend_R","Defend_R","Bash","Clash","Iron Wave","Infernal Blade+1","Seeing Red","Spot Weakness","True Grit","Armaments+1"],"relics":["Burning Blood","NeowsBlessing","Singing Bowl","Oddly Smooth Stone","Self Forming Clay","Anchor","Smiling Mask"],"potions_floor_usage":[11,13],"damage_taken":[{"damage":0,"enemies":"Small Slimes","floor":1,"turns":1},{"damage":0,"enemies":"2 Louse","floor":5,"turns":1},{"damage":0,"enemies":"Lagavulin","floor":6,"turns":1},{"damage":0,"enemies":"Jaw Worm","floor":10,"turns":3},{"damage":10,"enemies":"Gremlin Nob","floor":11,"turns":4},{"damage":0,"enemies":"Large Slime","floor":12,"turns":4},{"damage":20,"enemies":"3 Sentries","floor":13,"turns":6},{"damage":12,"enemies":"Exordium Wildlife","floor":14,"turns":6},{"damage":55,"enemies":"Hexaghost","floor":16,"turns":11}],"seed_played":"-7187054322258471303","potions_obtained":[{"floor":10,"key":"Regen Potion"},{"floor":12,"key":"AttackPotion"}],"is_trial":false,"path_per_floor":["M","?","?","?","M","E","$","R","T","M","E","M","E","M","R","B"],"character_chosen":"IRONCLAD","items_purchased":["Seeing Red"],"campfire_rested":0,"item_purchase_floors":[7],"current_hp_per_floor":[74,74,74,39,45,51,51,51,51,59,64,70,58,52,52,0],"gold":98,"neow_bonus":"THREE_ENEMY_KILL","is_prod":false,"is_daily":false,"chose_seed":false,"campfire_upgraded":2,"win_rate":0,"timestamp":1558493208,"path_taken":["M","?","?","?","M","E","?","R","T","M","E","M","E","M","R","BOSS"],"build_version":"2019-01-23","purchased_purges":0,"victory":false,"max_hp_per_floor":[75,75,75,75,75,75,75,75,75,77,77,77,79,79,79,79],"card_choices":[{"not_picked":["Perfected Strike","Armaments"],"picked":"Clash","floor":1},{"not_picked":["Twin Strike","Flex"],"picked":"Iron Wave","floor":5},{"not_picked":["Flame Barrier","Iron Wave"],"picked":"Infernal Blade","floor":6},{"not_picked":["Uppercut","Thunderclap","Bloodletting"],"picked":"Singing Bowl","floor":10},{"not_picked":["Inflame","Limit Break"],"picked":"Spot Weakness","floor":11},{"not_picked":["Combust","Perfected Strike"],"picked":"True Grit","floor":12},{"not_picked":["Sword Boomerang","Entrench","Rupture"],"picked":"Singing Bowl","floor":13},{"not_picked":["Anger","Sentinel"],"picked":"Armaments","floor":14}],"player_experience":768977,"relics_obtained":[{"floor":6,"key":"Oddly Smooth Stone"},{"floor":9,"key":"Self Forming Clay"},{"floor":11,"key":"Anchor"},{"floor":13,"key":"Smiling Mask"}],"event_choices":[{"cards_removed":["Defend_R"],"damage_healed":0,"gold_gain":0,"player_choice":"Forget","damage_taken":0,"max_hp_gain":0,"max_hp_loss":0,"event_name":"Living Wall","floor":2,"gold_loss":0},{"cards_removed":["Strike_R"],"damage_healed":0,"gold_gain":0,"player_choice":"Card Removal","damage_taken":0,"max_hp_gain":0,"max_hp_loss":0,"event_name":"The Cleric","floor":3,"gold_loss":75},{"damage_healed":0,"gold_gain":0,"player_choice":"Success","damage_taken":35,"relics_obtained":["Singing Bowl"],"max_hp_gain":0,"max_hp_loss":0,"event_name":"Scrap Ooze","floor":4,"gold_loss":0}],"is_beta":false,"boss_relics":[],"items_purged_floors":[],"is_endless":false,"potions_floor_spawned":[10,12],"killed_by":"Hexaghost","ascension_level":16}