{"gold_per_floor":[361,374,324,337,337,337,13,40,87,120,120,24,24,35,35,131,131,147,16,32,52,65,65,93,93,144,169,184,184,234,252,252,354,354,365,376,376,376,376,406,144,178,178,189,208,234,234,509,509,509],"floor_reached":50,"playtime":3281,"items_purged":["Strike_R","Strike_R"],"score":684,"play_id":"99fc0c2a-65ba-43d5-b696-c4317b41166f","local_time":"20190512124952","is_ascension_mode":true,"campfire_choices":[{"data":"Bash","floor":6,"key":"SMITH"},{"data":"Rampage","floor":11,"key":"SMITH"},{"data":"True Grit","floor":13,"key":"SMITH"},{"data":"Feel No Pain","floor":15,"key":"SMITH"},{"data":"Immolate","floor":23,"key":"SMITH"},{"data":"True Grit","floor":29,"key":"SMITH"},{"data":"Spot Weakness","floor":32,"key":"SMITH"},{"floor":47,"key":"RECALL"},{"data":"Bludgeon","floor":49,"key":"SMITH"}],"neow_cost":"PERCENT_DAMAGE","seed_source_timestamp":167045089697897,"circlet_count":0,"master_deck":["Strike_R","Defend_R","Defend_R+1","Defend_R","Defend_R+1","Bash+1","Cleave","Rampage+1","Feel No Pain+1","True Grit+1","Metallicize","Immolate+1","Shrug It Off","Battle Trance+1","True Grit+1","Spot Weakness+1","Impervious","Warcry+1","Fiend Fire","Armaments+1","Sword Boomerang+1","Body Slam+1","Pummel","Shrug It Off","Bludgeon+1","Regret"],"relics":["Burning Blood","Membership Card","Meat on the Bone","Orichalcum","Lantern","Potion Belt","Vajra","Velvet Choker","Tiny Chest","Bottled Lightning","Mercury Hourglass","War Paint","Art of War","Snecko Eye","Centennial Puzzle","Paper Frog","Bag of Marbles","Smiling Mask","Juzu Bracelet"],"potions_floor_usage":[8,16,24,27,40,46,50,50,50],"damage_taken":[{"damage":0,"enemies":"Small Slimes","floor":1,"turns":3},{"damage":3,"enemies":"Jaw Worm","floor":2,"turns":4},{"damage":1,"enemies":"Cultist","floor":4,"turns":3},{"damage":29,"enemies":"3 Sentries","floor":8,"turns":6},{"damage":24,"enemies":"Lagavulin","floor":10,"turns":4},{"damage":2,"enemies":"Red Slaver","floor":14,"turns":4},{"damage":18,"enemies":"Hexaghost","floor":16,"turns":11},{"damage":11,"enemies":"Spheric Guardian","floor":18,"turns":4},{"damage":4,"enemies":"Shell Parasite","floor":20,"turns":5},{"damage":14,"enemies":"Snake Plant","floor":21,"turns":4},{"damage":6,"enemies":"Snecko","floor":22,"turns":5},{"damage":7,"enemies":"Slavers","floor":24,"turns":3},{"damage":8,"enemies":"Book of Stabbing","floor":27,"turns":6},{"damage":0,"enemies":"Centurion and Healer","floor":28,"turns":3},{"damage":2,"enemies":"Cultist and Chosen","floor":31,"turns":7},{"damage":5,"enemies":"Collector","floor":33,"turns":9},{"damage":1,"enemies":"Orb Walker","floor":35,"turns":2},{"damage":3,"enemies":"3 Shapes","floor":36,"turns":4},{"damage":0,"enemies":"Giant Head","floor":40,"turns":6},{"damage":0,"enemies":"Reptomancer","floor":42,"turns":1},{"damage":4,"enemies":"Writhing Mass","floor":44,"turns":3},{"damage":0,"enemies":"Transient","floor":45,"turns":5},{"damage":5,"enemies":"Nemesis","floor":46,"turns":5},{"damage":78,"enemies":"Awakened One","floor":50,"turns":11}],"seed_played":"-342449875772353978","potions_obtained":[{"floor":2,"key":"Strength Potion"},{"floor":4,"key":"Weak Potion"},{"floor":14,"key":"FearPotion"},{"floor":16,"key":"LiquidBronze"},{"floor":21,"key":"SpeedPotion"},{"floor":24,"key":"Energy Potion"},{"floor":28,"key":"PowerPotion"},{"floor":33,"key":"EssenceOfSteel"},{"floor":40,"key":"Energy Potion"},{"floor":45,"key":"SkillPotion"},{"floor":46,"key":"Poison Potion"}],"is_trial":false,"path_per_floor":["M","M","?","M","?","R","$","E","T","E","R","$","R","M","R","B",null,"M","$","M","M","M","R","E","T","T","E","M","R","?","M","R","B",null,"M","M","?","?","$","E","$","E","T","M","M","E","R","?","R","B"],"character_chosen":"IRONCLAD","items_purchased":["Membership Card","Meat on the Bone","Vajra","True Grit","Shrug It Off","Tiny Chest","Block Potion","Paper Frog","Bag of Marbles","Pummel"],"campfire_rested":0,"item_purchase_floors":[7,7,12,12,19,19,19,41,41,41],"current_hp_per_floor":[62,65,65,70,63,63,63,52,52,46,46,46,46,50,50,50,80,75,75,77,69,69,69,68,68,68,66,72,72,72,76,76,77,80,80,80,76,66,66,72,72,76,76,76,76,76,76,76,76,0],"gold":509,"neow_bonus":"TWO_FIFTY_GOLD","is_prod":false,"is_daily":false,"chose_seed":false,"campfire_upgraded":8,"win_rate":0,"timestamp":1557679792,"path_taken":["M","M","?","M","?","R","$","E","T","E","R","?","R","M","R","BOSS","M","?","?","M","?","R","E","?","T","E","M","R","?","M","R","BOSS","M","?","?","?","$","E","$","E","T","M","M","E","R","?","R","BOSS"],"build_version":"2019-05-07","purchased_purges":2,"victory":false,"max_hp_per_floor":[80,80,80,80,80,80,80,80,80,80,80,80,80,80,80,80,80,80,80,80,80,80,80,80,80,80,80,80,80,80,80,80,80,80,80,80,76,76,76,76,76,76,76,76,76,76,76,76,76,76],"card_choices":[{"not_picked":["Perfected Strike","Warcry"],"picked":"Cleave","floor":1},{"not_picked":["Twin Strike","Seeing Red"],"picked":"Rampage","floor":2},{"not_picked":["Thunderclap","Body Slam","Entrench"],"picked":"SKIP","floor":4},{"not_picked":["Warcry","Sever Soul","Corruption"],"picked":"SKIP","floor":8},{"not_picked":["Dropkick","Clothesline"],"picked":"Feel No Pain","floor":10},{"not_picked":["Warcry","Sentinel"],"picked":"Metallicize","floor":14},{"not_picked":["Dark Embrace","Double Tap"],"picked":"Immolate","floor":16},{"not_picked":["Headbutt+1","Infernal Blade","Armaments+1"],"picked":"SKIP","floor":18},{"not_picked":["Carnage+1","Sentinel","Cleave"],"picked":"SKIP","floor":20},{"not_picked":["Wild Strike+1","Second Wind"],"picked":"Battle Trance+1","floor":21},{"not_picked":["Heavy Blade","Anger+1","Body Slam"],"picked":"SKIP","floor":22},{"not_picked":["Pommel Strike","Flex"],"picked":"True Grit","floor":24},{"not_picked":["Wild Strike","Burning Pact"],"picked":"Spot Weakness","floor":27},{"not_picked":["Heavy Blade","Perfected Strike"],"picked":"Impervious","floor":28},{"not_picked":["True Grit","Armaments+1"],"picked":"Warcry+1","floor":31},{"not_picked":["Offering","Reaper"],"picked":"Fiend Fire","floor":33},{"not_picked":["Twin Strike","Headbutt"],"picked":"Armaments+1","floor":35},{"not_picked":["Combust","Second Wind"],"picked":"Sword Boomerang+1","floor":36},{"not_picked":["Cleave+1","Brutality"],"picked":"Body Slam+1","floor":40},{"not_picked":["Rage","Sentinel+1"],"picked":"Shrug It Off","floor":42},{"not_picked":["Wild Strike+1","Hemokinesis","Heavy Blade"],"picked":"SKIP","floor":44},{"not_picked":["Cleave+1","Clothesline+1","Anger"],"picked":"SKIP","floor":45},{"not_picked":["Havoc+1","Clash+1"],"picked":"Bludgeon","floor":46}],"player_experience":1403718,"relics_obtained":[{"floor":8,"key":"Orichalcum"},{"floor":9,"key":"Lantern"},{"floor":10,"key":"Potion Belt"},{"floor":24,"key":"Bottled Lightning"},{"floor":25,"key":"Mercury Hourglass"},{"floor":26,"key":"War Paint"},{"floor":27,"key":"Art of War"},{"floor":40,"key":"Centennial Puzzle"},{"floor":42,"key":"Smiling Mask"},{"floor":46,"key":"Juzu Bracelet"}],"event_choices":[{"cards_removed":["Strike_R"],"damage_healed":0,"gold_gain":0,"player_choice":"Card Removal","damage_taken":0,"max_hp_gain":0,"max_hp_loss":0,"event_name":"The Cleric","floor":3,"gold_loss":50},{"cards_removed":["Strike_R"],"damage_healed":0,"gold_gain":0,"player_choice":"Card Removal","damage_taken":7,"max_hp_gain":0,"max_hp_loss":0,"event_name":"Golden Wing","floor":5,"gold_loss":0},{"damage_healed":0,"gold_gain":100,"player_choice":"Bet on Murderer","damage_taken":0,"max_hp_gain":0,"max_hp_loss":0,"event_name":"The Joust","floor":30,"gold_loss":50},{"damage_healed":0,"gold_gain":0,"player_choice":"Max HP","damage_taken":0,"max_hp_gain":0,"max_hp_loss":4,"event_name":"Winding Halls","floor":37,"gold_loss":0},{"damage_healed":0,"gold_gain":0,"player_choice":"Memory 3","damage_taken":10,"max_hp_gain":0,"max_hp_loss":0,"event_name":"SensoryStone","floor":38,"gold_loss":0},{"damage_healed":0,"gold_gain":275,"player_choice":"Desecrate","damage_taken":0,"max_hp_gain":0,"max_hp_loss":0,"event_name":"Golden Shrine","floor":48,"gold_loss":0,"cards_obtained":["Regret"]}],"is_beta":true,"boss_relics":[{"not_picked":["Calling Bell","Coffee Dripper"],"picked":"Velvet Choker"},{"not_picked":["Pandora\u0027s Box","Mark of Pain"],"picked":"Snecko Eye"}],"items_purged_floors":[19,41],"is_endless":false,"potions_floor_spawned":[2,4,14,16,21,24,28,33,40,45,46],"killed_by":"Awakened One","ascension_level":1}