{"gold_per_floor":[109,122,197,197,197,230,242,253,323,335,335,353,370,400,400,498,498,510,510,543,526,404,404,259,259,285,297,297,316,316,316,316,416,416,431,441,456,456,467,467,487,188,258,289,307,339,351,369,369,369,369,369,28,57,57],"floor_reached":55,"playtime":5852,"items_purged":["Injury","Shame"],"score":818,"play_id":"dd54d5ec-4dc0-4e1f-8e7c-80ea46535536","local_time":"20190514015953","is_ascension_mode":false,"campfire_choices":[{"data":"Heavy Blade","floor":11.0,"key":"SMITH"},{"floor":15.0,"key":"REST"},{"data":"Body Slam","floor":23.0,"key":"SMITH"},{"data":"Entrench","floor":28.0,"key":"SMITH"},{"floor":32.0,"key":"REST"},{"floor":40,"key":"RECALL"},{"data":"Barricade","floor":49,"key":"SMITH"},{"data":"Shockwave","floor":52,"key":"SMITH"}],"neow_cost":"NONE","seed_source_timestamp":568137686933903,"circlet_count":0,"master_deck":["Defend_R+1","Defend_R+1","Defend_R+1","Defend_R+1","Bash+1","Flex","Body Slam+1","Heavy Blade+1","Body Slam+1","Feed","Cleave","Metallicize","Entrench+1","Metallicize","Reaper","Seeing Red","Bite","Bite","Bite","Bite","Shockwave+1","Flame Barrier","Dramatic Entrance","Ghostly Armor+1","Barricade+1","Iron Wave+1","Thunderclap","Pommel Strike+1","Entrench","Parasite","Entrench+1"],"special_seed":0,"relics":["Burning Blood","NeowsBlessing","Champion Belt","Dodecahedron","Cursed Key","Red Mask","Lantern","Busted Crown","Pen Nib","Bottled Flame","Centennial Puzzle","Torii","Bottled Tornado","Bottled Lightning"],"potions_floor_usage":[44,54,55,55],"damage_taken":[{"damage":0.0,"enemies":"Small Slimes","floor":1.0,"turns":1.0},{"damage":0.0,"enemies":"Jaw Worm","floor":2.0,"turns":1.0},{"damage":0.0,"enemies":"Gremlin Nob","floor":6.0,"turns":1.0},{"damage":0.0,"enemies":"Cultist","floor":7.0,"turns":3.0},{"damage":8.0,"enemies":"Blue Slaver","floor":8.0,"turns":4.0},{"damage":9.0,"enemies":"Red Slaver","floor":10.0,"turns":3.0},{"damage":7.0,"enemies":"2 Fungi Beasts","floor":12.0,"turns":3.0},{"damage":15.0,"enemies":"Looter","floor":13.0,"turns":3.0},{"damage":17.0,"enemies":"3 Sentries","floor":14.0,"turns":8.0},{"damage":56.0,"enemies":"Hexaghost","floor":16.0,"turns":11.0},{"damage":5.0,"enemies":"Chosen","floor":18.0,"turns":5.0},{"damage":47.0,"enemies":"Masked Bandits","floor":20.0,"turns":6.0},{"damage":12.0,"enemies":"2 Thieves","floor":21.0,"turns":4.0},{"damage":34.0,"enemies":"Cultist and Chosen","floor":27.0,"turns":7.0},{"damage":19.0,"enemies":"Snecko","floor":29.0,"turns":7.0},{"damage":125.0,"enemies":"Automaton","floor":33.0,"turns":17.0},{"damage":0.0,"enemies":"3 Shapes","floor":35.0,"turns":6.0},{"damage":46,"enemies":"3 Darklings","floor":36,"turns":11},{"damage":18,"enemies":"Writhing Mass","floor":37,"turns":10},{"damage":27,"enemies":"Jaw Worm Horde","floor":39,"turns":6},{"damage":56,"enemies":"Transient","floor":41,"turns":5},{"damage":0,"enemies":"Giant Head","floor":44,"turns":7},{"damage":8,"enemies":"Writhing Mass","floor":45,"turns":10},{"damage":39,"enemies":"Nemesis","floor":46,"turns":13},{"damage":7,"enemies":"Maw","floor":47,"turns":10},{"damage":12,"enemies":"Jaw Worm Horde","floor":48,"turns":7},{"damage":27,"enemies":"Time Eater","floor":50,"turns":11},{"damage":107,"enemies":"Shield and Spear","floor":54,"turns":13},{"damage":36,"enemies":"The Heart","floor":55,"turns":3}],"seed_played":"-3234807603323344793","potions_obtained":[{"floor":7.0,"key":"AttackPotion"},{"floor":12.0,"key":"SpeedPotion"},{"floor":14.0,"key":"LiquidBronze"},{"floor":18.0,"key":"Explosive Potion"},{"floor":21.0,"key":"SpeedPotion"},{"floor":33.0,"key":"SneckoOil"},{"floor":35.0,"key":"PowerPotion"},{"floor":37,"key":"Ancient Potion"},{"floor":44,"key":"PowerPotion"},{"floor":46,"key":"Dexterity Potion"},{"floor":47,"key":"Fruit Juice"}],"is_trial":false,"path_per_floor":["M","M","?","?","?","E","M","M","T","M","R","M","M","E","R","B",null,"M","?","?","M","$","R","$","?","T","M","R","M","?","?","R","B",null,"M","M","M","?","M","R","M","$","T","E","M","E","M","M","R","B",null,"R","$","E","B"],"character_chosen":"IRONCLAD","items_purchased":["Flame Barrier","Dramatic Entrance","Lantern","Pen Nib","Entrench","Bottled Tornado"],"campfire_rested":2,"item_purchase_floors":[22,22,24,42,42,53],"current_hp_per_floor":[80,80,69,53,53,59,65,63,63,60,60,62,53,45,70,22,86,89,89,62,77,77,77,77,77,77,66,66,61,61,61,88,12,92,95,67,74,74,81,81,39,39,39,51,67,60,83,93,93,80,98,98,98,14,0],"gold":57,"neow_bonus":"THREE_ENEMY_KILL","is_prod":false,"is_daily":false,"chose_seed":false,"campfire_upgraded":5,"win_rate":0,"timestamp":1557791993,"path_taken":["M","M","?","?","?","E","M","M","T","?","R","M","M","E","R","BOSS","M","?","?","M","$","R","$","?","T","M","R","?","?","?","R","BOSS","M","M","M","?","M","R","M","$","T","E","M","E","M","M","R","BOSS","R","$","E","BOSS"],"build_version":"2019-05-07","purchased_purges":2,"victory":false,"max_hp_per_floor":[80,80,80,80,80,80,80,80,80,80,80,83,83,86,86,86,86,89,89,92,92,92,92,92,92,92,92,92,92,92,92,92,92,92,95,95,95,95,98,98,98,98,98,98,98,98,98,98,98,98,98,98,98,103,103],"card_choices":[{"not_picked":["Twin Strike","Fire Breathing"],"picked":"Flex","floor":1.0},{"not_picked":["True Grit","Sentinel"],"picked":"Body Slam","floor":2.0},{"not_picked":["Wild Strike","Sword Boomerang"],"picked":"Body Slam","floor":6.0},{"not_picked":["Armaments","Sever Soul"],"picked":"Feed","floor":7.0},{"not_picked":["Evolve","Havoc","Clothesline"],"picked":"SKIP","floor":8.0},{"not_picked":["Combust","Body Slam"],"picked":"Cleave","floor":10.0},{"not_picked":["Wild Strike","Heavy Blade"],"picked":"Metallicize","floor":12.0},{"not_picked":["Twin Strike","Armaments"],"picked":"Entrench","floor":13.0},{"not_picked":["Havoc","Cleave"],"picked":"Metallicize","floor":14.0},{"not_picked":["Brutality","Limit Break"],"picked":"Reaper","floor":16.0},{"not_picked":["True Grit","Headbutt"],"picked":"Seeing Red","floor":18.0},{"not_picked":["Clothesline","Armaments"],"picked":"Shockwave","floor":21.0},{"not_picked":["Hemokinesis","Wild Strike+1"],"picked":"Ghostly Armor+1","floor":27.0},{"not_picked":["Burning Pact","Sever Soul","Clash"],"picked":"SKIP","floor":29.0},{"not_picked":["Offering","Limit Break"],"picked":"Barricade","floor":33.0},{"not_picked":["Twin Strike+1"],"picked":"SKIP","floor":35.0},{"not_picked":[],"picked":"Iron Wave+1","floor":36},{"not_picked":[],"picked":"Thunderclap","floor":37},{"not_picked":[],"picked":"Pommel Strike+1","floor":39},{"not_picked":["Twin Strike+1"],"picked":"SKIP","floor":41},{"not_picked":["Rupture"],"picked":"SKIP","floor":44},{"not_picked":[],"picked":"Entrench+1","floor":45},{"not_picked":["Cleave+1"],"picked":"SKIP","floor":46},{"not_picked":["Uppercut"],"picked":"SKIP","floor":47},{"not_picked":["Thunderclap"],"picked":"SKIP","floor":48},{"not_picked":["Limit Break"],"picked":"SKIP","floor":54},{"not_picked":["Limit Break"],"picked":"SKIP","floor":54}],"player_experience":361211,"relics_obtained":[{"floor":6.0,"key":"Champion Belt"},{"floor":9.0,"key":"Dodecahedron"},{"floor":14.0,"key":"Blood Vial"},{"floor":20.0,"key":"Red Mask"},{"floor":43,"key":"Bottled Flame"},{"floor":44,"key":"Centennial Puzzle"},{"floor":46,"key":"Torii"},{"floor":54,"key":"Bottled Lightning"}],"event_choices":[{"damage_healed":0.0,"max_hp_gain":0.0,"max_hp_loss":0.0,"gold_gain":75.0,"event_name":"World of Goop","player_choice":"Gather Gold","floor":3.0,"gold_loss":0.0,"damage_taken":11.0},{"damage_healed":0.0,"max_hp_gain":0.0,"max_hp_loss":0.0,"gold_gain":0.0,"event_name":"Shining Light","player_choice":"Entered Light","floor":4.0,"gold_loss":0.0,"damage_taken":16.0,"cards_upgraded":["Strike_R","Bash"]},{"damage_healed":0.0,"max_hp_gain":0.0,"max_hp_loss":0.0,"gold_gain":0.0,"event_name":"Match and Keep!","player_choice":"1 cards matched","floor":5.0,"gold_loss":0.0,"damage_taken":0.0,"cards_obtained":["Heavy Blade"]},{"damage_healed":0.0,"max_hp_gain":0.0,"max_hp_loss":0.0,"gold_gain":0.0,"event_name":"Vampires","player_choice":"Became a vampire (Vial)","floor":19.0,"relics_lost":["Blood Vial"],"gold_loss":0.0,"damage_taken":0.0,"cards_obtained":["Bite","Bite","Bite","Bite","Bite"]},{"damage_healed":0.0,"max_hp_gain":0.0,"max_hp_loss":0.0,"gold_gain":0.0,"event_name":"Masked Bandits","player_choice":"Fought Bandits","floor":20.0,"gold_loss":0.0,"damage_taken":0.0},{"damage_healed":0.0,"max_hp_gain":0.0,"max_hp_loss":0.0,"gold_gain":0.0,"event_name":"Upgrade Shrine","player_choice":"Upgraded","floor":25.0,"gold_loss":0.0,"damage_taken":0.0,"cards_upgraded":["Body Slam"]},{"damage_healed":0.0,"max_hp_gain":0.0,"max_hp_loss":0.0,"gold_gain":0.0,"event_name":"Ghosts","player_choice":"Ignored","floor":30.0,"gold_loss":0.0,"damage_taken":0.0},{"damage_healed":0.0,"max_hp_gain":0.0,"max_hp_loss":0.0,"gold_gain":0.0,"event_name":"Back to Basics","player_choice":"Simplicity","floor":31.0,"gold_loss":0.0,"damage_taken":0.0,"cards_upgraded":["Defend_R","Defend_R","Defend_R","Defend_R"]},{"cards_removed":["Bite"],"damage_healed":0,"gold_gain":0,"player_choice":"Removed Attack","damage_taken":0,"max_hp_gain":0,"max_hp_loss":0,"event_name":"Falling","floor":38,"gold_loss":0}],"is_beta":true,"boss_relics":[{"not_picked":["Philosopher\u0027s Stone","Empty Cage"],"picked":"Cursed Key"},{"not_picked":["Runic Cube","Eternal Feather"],"picked":"Busted Crown"}],"items_purged_floors":[42,53],"is_endless":false,"potions_floor_spawned":[7,12,14,18,21,33,35,37,44,46,47],"killed_by":"The Heart","ascension_level":0}