{"gold_per_floor":[112,126,126,139,67,94,106,139,139,150,181,31,48,67,67,172,172,185,185,185,285,297,328,11,11,11,11,21,21,21,51,51,151,151,169,187,9,9,19,53,53,85,132,8,26,46,80,95,95,95],"floor_reached":51,"playtime":2634,"items_purged":["Defend_R","Writhe"],"score":922,"play_id":"e340e2e1-c7e3-4ba4-ad1a-092d049f1b1a","local_time":"20190521215758","is_ascension_mode":false,"campfire_choices":[{"data":"Armaments","floor":15.0,"key":"SMITH"},{"floor":25.0,"key":"RECALL"},{"floor":29.0,"key":"REST"},{"floor":32.0,"key":"REST"},{"floor":49,"key":"REST"}],"neow_cost":"PERCENT_DAMAGE","seed_source_timestamp":93484428674300,"circlet_count":0,"master_deck":["Strike_R","Strike_R","Strike_R","Strike_R","Defend_R","Defend_R","Defend_R","Bash","Inflame","Armaments+1","Headbutt","Inflame","Shockwave+1","Juggernaut","Power Through+1","Iron Wave","Clothesline","Ghostly Armor+1","Sentinel+1","Pommel Strike","Impervious+1","Twin Strike","J.A.X.+1","Twin Strike+1","Barricade","Second Wind+1","Panacea+1","Power Through+1","True Grit+1","Warcry+1","Immolate","Flame Barrier+1","Corruption","Apotheosis+1","Madness+1","Madness+1","Inflame+1","Second Wind+1","PanicButton+1","Headbutt+1","Disarm+1","Metallicize+1"],"special_seed":0,"relics":["Black Blood","Toxic Egg 2","Red Skull","Self Forming Clay","Fusion Hammer","Magic Flower","Bottled Tornado","Anchor","Membership Card","Letter Opener","Bronze Scales","Potion Belt","Lantern","Vajra","Happy Flower","Juzu Bracelet"],"potions_floor_usage":[50,50,50],"damage_taken":[{"damage":3.0,"enemies":"Small Slimes","floor":1.0,"turns":4.0},{"damage":1.0,"enemies":"Cultist","floor":2.0,"turns":4.0},{"damage":2.0,"enemies":"Jaw Worm","floor":4.0,"turns":5.0},{"damage":17.0,"enemies":"Gremlin Nob","floor":6.0,"turns":4.0},{"damage":0.0,"enemies":"3 Louse","floor":7.0,"turns":6.0},{"damage":13.0,"enemies":"Lagavulin","floor":8.0,"turns":7.0},{"damage":0.0,"enemies":"Blue Slaver","floor":10.0,"turns":6.0},{"damage":10.0,"enemies":"Gremlin Nob","floor":11.0,"turns":5.0},{"damage":3.0,"enemies":"2 Fungi Beasts","floor":13.0,"turns":4.0},{"damage":4.0,"enemies":"Red Slaver","floor":14.0,"turns":5.0},{"damage":11.0,"enemies":"The Guardian","floor":16.0,"turns":12.0},{"damage":0.0,"enemies":"Spheric Guardian","floor":18.0,"turns":3.0},{"damage":4.0,"enemies":"Colosseum Slavers","floor":21.0,"turns":4.0},{"damage":10.0,"enemies":"Colosseum Nobs","floor":21.0,"turns":5.0},{"damage":8.0,"enemies":"Shell Parasite","floor":22.0,"turns":3.0},{"damage":3.0,"enemies":"Slavers","floor":23.0,"turns":6.0},{"damage":4.0,"enemies":"3 Cultists","floor":28.0,"turns":5.0},{"damage":6.0,"enemies":"Gremlin Leader","floor":31.0,"turns":9.0},{"damage":15.0,"enemies":"Champ","floor":33.0,"turns":12.0},{"damage":15.0,"enemies":"3 Darklings","floor":35.0,"turns":7.0},{"damage":0.0,"enemies":"Orb Walker","floor":36.0,"turns":4.0},{"damage":4.0,"enemies":"Writhing Mass","floor":39.0,"turns":6.0},{"damage":33.0,"enemies":"Giant Head","floor":40.0,"turns":9.0},{"damage":3.0,"enemies":"Nemesis","floor":42.0,"turns":11.0},{"damage":3,"enemies":"Sphere and 2 Shapes","floor":45,"turns":6},{"damage":7,"enemies":"Maw","floor":46,"turns":8},{"damage":12,"enemies":"Giant Head","floor":47,"turns":9},{"damage":10,"enemies":"Spire Growth","floor":48,"turns":5},{"damage":28,"enemies":"Time Eater","floor":50,"turns":12}],"seed_played":"-4389957440003183877","potions_obtained":[{"floor":1.0,"key":"Swift Potion"},{"floor":4.0,"key":"GamblersBrew"},{"floor":11.0,"key":"Block Potion"},{"floor":18.0,"key":"Energy Potion"},{"floor":23.0,"key":"SkillPotion"},{"floor":31.0,"key":"EssenceOfSteel"},{"floor":33.0,"key":"Ancient Potion"},{"floor":36.0,"key":"Strength Potion"},{"floor":40.0,"key":"Dexterity Potion"},{"floor":47,"key":"Poison Potion"}],"is_trial":false,"path_per_floor":["M","M","?","M","$","E","M","E","T","M","E","$","M","M","R","B",null,"M","?","?","?","M","E","$","R","T","?","M","R","?","E","R","B",null,"M","M","$","?","M","E","?","E","T","$","M","M","E","M","R","B",null],"character_chosen":"IRONCLAD","items_purchased":["Inflame","Ghostly Armor+1","Membership Card","Second Wind+1","Panacea+1","Power Through+1","Corruption","Apotheosis+1","Happy Flower","PanicButton+1"],"campfire_rested":3,"item_purchase_floors":[5,12,24,24,24,24,37,37,44,44],"current_hp_per_floor":[75,80,80,84,84,73,79,72,72,78,74,74,77,79,79,74,96,96,96,96,92,93,96,96,96,96,96,96,96,77,80,101,95,101,101,101,101,88,99,81,81,93,93,93,101,101,101,101,101,88],"gold":95,"neow_bonus":"TWENTY_PERCENT_HP_BONUS","is_prod":false,"is_daily":false,"chose_seed":false,"campfire_upgraded":1,"win_rate":1,"timestamp":1558501078,"path_taken":["M","M","?","M","?","E","?","E","T","M","E","$","M","M","R","BOSS","M","?","?","?","M","E","?","R","T","?","?","R","?","E","R","BOSS","M","M","$","?","M","E","?","E","T","?","M","M","E","M","R","BOSS"],"build_version":"2019-01-23","purchased_purges":2,"victory":true,"max_hp_per_floor":[96,96,96,96,96,96,96,96,96,96,96,96,96,96,96,96,96,96,96,96,96,96,96,96,96,96,96,96,96,101,101,101,101,101,101,101,101,101,101,101,101,101,101,101,101,101,101,101,101,101],"card_choices":[{"not_picked":["Pommel Strike","Flex"],"picked":"Inflame","floor":1.0},{"not_picked":["Twin Strike","Reckless Charge"],"picked":"Armaments","floor":2.0},{"not_picked":["Shrug It Off","Cleave"],"picked":"Headbutt","floor":4.0},{"not_picked":["Battle Trance","Clothesline"],"picked":"Shockwave","floor":6.0},{"not_picked":["Cleave","Body Slam"],"picked":"Juggernaut","floor":7.0},{"not_picked":["Corruption","Sever Soul"],"picked":"Power Through+1","floor":8.0},{"not_picked":["Thunderclap","Wild Strike"],"picked":"Iron Wave","floor":10.0},{"not_picked":["Heavy Blade","Rampage"],"picked":"Clothesline","floor":11.0},{"not_picked":["Iron Wave","Clash"],"picked":"Sentinel+1","floor":13.0},{"not_picked":["Flex+1","Thunderclap"],"picked":"Pommel Strike","floor":14.0},{"not_picked":["Offering+1","Bludgeon"],"picked":"Impervious+1","floor":16.0},{"not_picked":["Combust","Iron Wave"],"picked":"Twin Strike","floor":18.0},{"not_picked":["Flex+1","Body Slam+1"],"picked":"Twin Strike+1","floor":21.0},{"not_picked":["Clothesline","Body Slam","Sword Boomerang"],"picked":"SKIP","floor":22.0},{"not_picked":["Second Wind+1","Rupture"],"picked":"Barricade","floor":23.0},{"not_picked":["Sword Boomerang","Heavy Blade"],"picked":"True Grit+1","floor":28.0},{"not_picked":["Blood for Blood","Havoc+1"],"picked":"Warcry+1","floor":31.0},{"not_picked":["Offering+1","Double Tap+1"],"picked":"Immolate","floor":33.0},{"not_picked":["Clothesline+1","Flex+1"],"picked":"Flame Barrier+1","floor":35.0},{"not_picked":["Flex+1","Twin Strike","Wild Strike"],"picked":"SKIP","floor":36.0},{"not_picked":["Anger","Armaments+1","Wild Strike"],"picked":"SKIP","floor":39.0},{"not_picked":["Corruption+1","Warcry+1"],"picked":"Inflame+1","floor":40.0},{"not_picked":["Havoc+1","Clothesline"],"picked":"Second Wind+1","floor":42},{"not_picked":["Armaments+1","Flex+1"],"picked":"Headbutt+1","floor":45},{"not_picked":["Dark Embrace","Havoc+1"],"picked":"Disarm+1","floor":46},{"not_picked":["Searing Blow+1","Clothesline"],"picked":"Metallicize+1","floor":47},{"not_picked":["Body Slam+1","Cleave","Flex+1"],"picked":"SKIP","floor":48}],"player_experience":849262,"relics_obtained":[{"floor":6.0,"key":"Toxic Egg 2"},{"floor":8.0,"key":"Red Skull"},{"floor":11.0,"key":"Self Forming Clay"},{"floor":21.0,"key":"Magic Flower"},{"floor":21.0,"key":"Bottled Tornado"},{"floor":23.0,"key":"Anchor"},{"floor":26.0,"key":"Letter Opener"},{"floor":31.0,"key":"Bronze Scales"},{"floor":40.0,"key":"Potion Belt"},{"floor":42,"key":"Lantern"},{"floor":43,"key":"Vajra"},{"floor":47,"key":"Juzu Bracelet"}],"event_choices":[{"cards_removed":["Strike_R"],"damage_healed":0.0,"max_hp_gain":0.0,"max_hp_loss":0.0,"gold_gain":0.0,"event_name":"Bonfire Elementals","player_choice":"Offered Basic","floor":3.0,"gold_loss":0.0,"damage_taken":0.0},{"damage_healed":0.0,"max_hp_gain":0.0,"max_hp_loss":0.0,"gold_gain":0.0,"event_name":"Drug Dealer","player_choice":"Obtain J.A.X.","floor":19.0,"gold_loss":0.0,"damage_taken":0.0,"cards_obtained":["J.A.X."]},{"damage_healed":0.0,"max_hp_gain":0.0,"max_hp_loss":0.0,"gold_gain":0.0,"event_name":"Ghosts","player_choice":"Ignored","floor":20.0,"gold_loss":0.0,"damage_taken":0.0},{"damage_healed":0.0,"max_hp_gain":0.0,"max_hp_loss":0.0,"gold_gain":0.0,"event_name":"Colosseum","player_choice":"Fight","floor":21.0,"gold_loss":0.0,"damage_taken":0.0},{"damage_healed":0.0,"max_hp_gain":0.0,"max_hp_loss":0.0,"gold_gain":0.0,"event_name":"Colosseum","player_choice":"Fought Nobs","floor":21.0,"gold_loss":0.0,"damage_taken":0.0},{"damage_healed":0.0,"max_hp_gain":0.0,"max_hp_loss":0.0,"gold_gain":0.0,"event_name":"Match and Keep!","player_choice":"1 cards matched","floor":27.0,"gold_loss":0.0,"damage_taken":0.0,"cards_obtained":["Writhe"]},{"damage_healed":0.0,"max_hp_gain":5.0,"max_hp_loss":0.0,"gold_gain":0.0,"event_name":"Forgotten Altar","player_choice":"Shed Blood","floor":30.0,"gold_loss":0.0,"damage_taken":24.0},{"damage_healed":0.0,"max_hp_gain":0.0,"max_hp_loss":0.0,"gold_gain":0.0,"event_name":"Winding Halls","player_choice":"Embrace Madness","floor":38.0,"gold_loss":0.0,"damage_taken":13.0,"cards_obtained":["Madness","Madness"]},{"damage_healed":0.0,"max_hp_gain":0.0,"max_hp_loss":0.0,"gold_gain":0.0,"event_name":"SecretPortal","player_choice":"Ignored","floor":41.0,"gold_loss":0.0,"damage_taken":0.0}],"is_beta":false,"boss_relics":[{"not_picked":["Empty Cage","Calling Bell"],"picked":"Fusion Hammer"},{"not_picked":["Runic Pyramid","Eternal Feather"],"picked":"Black Blood"}],"items_purged_floors":[12,37],"is_endless":false,"potions_floor_spawned":[1,4,11,14,18,23,31,33,36,40,47],"ascension_level":0}