{"gold_per_floor":[117,137,212,222,238,238,264,274,353,6,22,32,45,59,59,162,162,176,190,209,29,29,29,29,29,29,29,54,68,68,86,86,86],"floor_reached":33,"playtime":1713,"items_purged":[],"score":298,"play_id":"ca9600b5-cde6-457e-8edb-6a6f74e8db6f","local_time":"20180818205940","is_ascension_mode":false,"campfire_choices":[{"floor":6,"key":"REST"},{"floor":15,"key":"REST"},{"floor":23,"key":"REST"},{"floor":27,"key":"REST"},{"floor":30,"key":"REST"},{"floor":32,"key":"REST"}],"neow_cost":"NONE","seed_source_timestamp":92412343674271,"circlet_count":0,"master_deck":["Strike_B+1","Strike_B+1","Strike_B+1","Strike_B+1","Defend_B+1","Defend_B+1","Defend_B+1","Defend_B+1","Zap","Dualcast","Machine Learning","Ball Lightning","Beam Cell","Doom and Gloom","Redo","Ball Lightning","Redo","Capacitor","Ball Lightning","Cold Snap","Chill","White Noise","Storm","Beam Cell","Reboot","Capacitor","Loop","Double Energy","Echo Form","Melter","Decay","RitualDagger","Leap","Rebound","Cold Snap"],"relics":["Cracked Core","Mercury Hourglass","Darkstone Periapt","Chemical X","Nuclear Battery","Bag of Preparation","Incense Burner"],"potions_floor_usage":[14,18,20,33],"damage_taken":[{"damage":10,"enemies":"Small Slimes","floor":1,"turns":3},{"damage":9,"enemies":"2 Louse","floor":2,"turns":3},{"damage":1,"enemies":"Cultist","floor":4,"turns":3},{"damage":5,"enemies":"Lots of Slimes","floor":5,"turns":2},{"damage":10,"enemies":"Gremlin Nob","floor":7,"turns":3},{"damage":16,"enemies":"Exordium Thugs","floor":8,"turns":3},{"damage":0,"enemies":"Gremlin Gang","floor":11,"turns":3},{"damage":12,"enemies":"3 Louse","floor":12,"turns":2},{"damage":0,"enemies":"Looter","floor":13,"turns":2},{"damage":8,"enemies":"Blue Slaver","floor":14,"turns":2},{"damage":6,"enemies":"Slime Boss","floor":16,"turns":7},{"damage":23,"enemies":"2 Thieves","floor":18,"turns":3},{"damage":5,"enemies":"Chosen","floor":19,"turns":3},{"damage":40,"enemies":"3 Cultists","floor":20,"turns":4},{"damage":45,"enemies":"Gremlin Leader","floor":28,"turns":6},{"damage":15,"enemies":"Snake Plant","floor":29,"turns":4},{"damage":21,"enemies":"Centurion and Healer","floor":31,"turns":5},{"damage":48,"enemies":"Champ","floor":33,"turns":6}],"seed_played":"2711848187466775484","potions_obtained":[{"floor":1,"key":"Ancient Potion"},{"floor":7,"key":"PowerPotion"},{"floor":8,"key":"FocusPotion"},{"floor":11,"key":"EssenceOfSteel"},{"floor":20,"key":"Poison Potion"}],"is_trial":false,"path_per_floor":["M","M","?","M","M","R","E","M","T","$","M","M","M","M","R","B",null,"M","M","M","$","?","R","?","?","T","R","E","M","R","M","R"],"character_chosen":"DEFECT","items_purchased":["Capacitor","Chemical X","Ball Lightning","Cold Snap","Echo Form","Melter"],"campfire_rested":6,"item_purchase_floors":[10,10,10,10,21,21],"current_hp_per_floor":[65,56,45,44,39,61,51,35,35,35,35,23,23,15,37,31,75,59,54,21,21,21,43,49,43,43,67,22,7,31,10,34,0],"gold":86,"neow_bonus":"ONE_RANDOM_RARE_CARD","is_prod":false,"is_daily":false,"chose_seed":false,"campfire_upgraded":0,"win_rate":0.0,"timestamp":1534640380,"path_taken":["M","M","?","M","?","R","E","?","T","?","M","?","M","M","R","BOSS","M","?","M","$","?","R","?","?","T","R","E","M","R","?","R","BOSS"],"build_version":"2018-08-16","purchased_purges":0,"victory":false,"max_hp_per_floor":[75,75,75,75,75,75,75,75,75,75,75,75,75,75,75,75,75,75,75,75,75,75,75,81,81,81,81,81,81,81,81,81,81],"card_choices":[{"not_picked":["Blizzard","Hologram"],"picked":"Ball Lightning","floor":1},{"not_picked":["Streamline","Go for the Eyes"],"picked":"Beam Cell","floor":2},{"not_picked":["Compile Driver","Streamline"],"picked":"Doom and Gloom","floor":4},{"not_picked":["Sweeping Beam","Rainbow"],"picked":"Redo","floor":5},{"not_picked":["Gash","Beam Cell"],"picked":"Ball Lightning","floor":7},{"not_picked":["Hologram","Ball Lightning"],"picked":"Redo","floor":8},{"not_picked":["Coolheaded","Auto Shields"],"picked":"Chill","floor":11},{"not_picked":["Melter","Conserve Battery"],"picked":"White Noise","floor":12},{"not_picked":["Gash","Leap"],"picked":"Storm","floor":13},{"not_picked":["Steam","Stack"],"picked":"Beam Cell","floor":14},{"not_picked":["Buffer","Biased Cognition"],"picked":"Reboot","floor":16},{"not_picked":["Genetic Algorithm","Gash"],"picked":"Capacitor","floor":18},{"not_picked":["Chill","Rebound+1"],"picked":"Loop","floor":19},{"not_picked":["BootSequence+1","Conserve Battery+1"],"picked":"Double Energy","floor":20},{"not_picked":["Streamline","Go for the Eyes"],"picked":"Leap","floor":28},{"not_picked":["Streamline","Beam Cell+1"],"picked":"Rebound","floor":29},{"not_picked":["Streamline","Melter"],"picked":"Cold Snap","floor":31}],"player_experience":24438,"relics_obtained":[{"floor":7,"key":"Mercury Hourglass"},{"floor":9,"key":"Darkstone Periapt"},{"floor":26,"key":"Bag of Preparation"},{"floor":28,"key":"Incense Burner"}],"event_choices":[{"event_name":"World of Goop","player_choice":"Gather Gold","floor":3,"damage_taken":0},{"event_name":"Back to Basics","player_choice":"Simplicity","floor":22,"damage_taken":0},{"event_name":"Forgotten Altar","player_choice":"Smashed Altar","floor":24,"damage_taken":0},{"event_name":"Nest","player_choice":"Joined the Cult","floor":25,"damage_taken":0}],"is_beta":false,"boss_relics":[{"not_picked":["Lizard Tail","Snecko Eye"],"picked":"Nuclear Battery"}],"items_purged_floors":[],"is_endless":false,"potions_floor_spawned":[1,7,8,11,12,20],"killed_by":"Champ","ascension_level":0}