{"gold_per_floor":[213,223,398,415,430,430,46,63,63,63,119,130,130,141,141,236,236,246,246,161,177,177,177],"floor_reached":23,"playtime":857,"items_purged":[],"score":183,"play_id":"f68cd0d1-65db-4304-b21f-af49aa928853","local_time":"20180901154218","is_ascension_mode":false,"campfire_choices":[{"floor":6,"key":"REST"},{"data":"Defragment","floor":10,"key":"SMITH"},{"floor":13,"key":"REST"},{"floor":15,"key":"REST"}],"neow_cost":"NONE","seed_source_timestamp":1284042897262084,"circlet_count":0,"master_deck":["Strike_B","Strike_B","Strike_B","Defend_B","Defend_B","Zap","Dualcast","Sunder","Redo","Doubt","Glacier","Defragment","Static Discharge","Beam Cell","Lockon","Defragment+1","Self Repair","Conserve Battery","Static Discharge","Rainbow","Ball Lightning+1","Hologram+1","Defragment+1","Static Discharge","Writhe","Rebound"],"relics":["Cracked Core","Chemical X","Matryoshka","Anchor","Astrolabe","Dodecahedron","Omamori"],"potions_floor_usage":[14],"damage_taken":[{"damage":0,"enemies":"Small Slimes","floor":1,"turns":2},{"damage":8,"enemies":"Jaw Worm","floor":2,"turns":3},{"damage":2,"enemies":"2 Louse","floor":4,"turns":2},{"damage":11,"enemies":"Large Slime","floor":5,"turns":7},{"damage":21,"enemies":"3 Louse","floor":8,"turns":3},{"damage":7,"enemies":"3 Sentries","floor":11,"turns":8},{"damage":14,"enemies":"Exordium Wildlife","floor":12,"turns":3},{"damage":13,"enemies":"2 Fungi Beasts","floor":14,"turns":3},{"damage":35,"enemies":"Slime Boss","floor":16,"turns":8},{"damage":30,"enemies":"2 Thieves","floor":18,"turns":4},{"damage":1,"enemies":"Chosen","floor":21,"turns":4},{"damage":48,"enemies":"Gremlin Leader","floor":23,"turns":4}],"seed_played":"292289067544217845","potions_obtained":[{"floor":1,"key":"SpeedPotion"},{"floor":2,"key":"Poison Potion"},{"floor":5,"key":"Ancient Potion"},{"floor":11,"key":"PowerPotion"},{"floor":14,"key":"Fire Potion"}],"is_trial":false,"path_per_floor":["M","M","?","M","M","R","$","M","T","R","?","M","R","M","R","B",null,"M","?","?","M","?"],"character_chosen":"DEFECT","items_purchased":["Chemical X","Static Discharge","Beam Cell","Lockon"],"campfire_rested":3,"item_purchase_floors":[7,7,7,7],"current_hp_per_floor":[75,67,67,65,54,75,75,54,54,54,47,40,62,49,71,36,75,52,52,52,58,44,0],"gold":177,"neow_bonus":"HUNDRED_GOLD","is_prod":false,"is_daily":false,"chose_seed":false,"campfire_upgraded":1,"win_rate":0,"timestamp":1535830938,"path_taken":["M","M","?","M","M","R","$","M","T","R","?","?","R","M","R","BOSS","M","?","?","M","?","E"],"build_version":"2018-08-30","purchased_purges":0,"victory":false,"max_hp_per_floor":[75,75,75,75,75,75,75,75,75,75,75,75,75,75,75,75,75,75,75,75,75,80,80],"card_choices":[{"not_picked":["White Noise","Force Field"],"picked":"Sunder","floor":1},{"not_picked":["Beam Cell","Go for the Eyes"],"picked":"Redo","floor":2},{"not_picked":["Steam Power","Streamline"],"picked":"Glacier","floor":4},{"not_picked":["Chaos","Reprogram"],"picked":"Defragment","floor":5},{"not_picked":["Coolheaded","Stack"],"picked":"Defragment","floor":8},{"not_picked":["Melter","Stack"],"picked":"Self Repair","floor":11},{"not_picked":["Turbo","Double Energy"],"picked":"Conserve Battery","floor":12},{"not_picked":["Redo","Chill"],"picked":"Static Discharge","floor":14},{"not_picked":["Hyperbeam","Creative AI"],"picked":"Rainbow","floor":16},{"not_picked":["Stack","Chill+1"],"picked":"Static Discharge","floor":18},{"not_picked":["Stack","Genetic Algorithm"],"picked":"Rebound","floor":21}],"player_experience":99906,"relics_obtained":[{"floor":9,"key":"Matryoshka"},{"floor":11,"key":"Anchor"}],"event_choices":[{"event_name":"Liars Game","player_choice":"agreed","floor":3,"damage_taken":0},{"event_name":"Dead Adventurer","player_choice":"Searched \u00271\u0027 times","floor":11,"damage_taken":0},{"event_name":"The Mausoleum","player_choice":"Yes","floor":19,"damage_taken":0},{"event_name":"Addict","player_choice":"Obtained Relic","floor":20,"damage_taken":0},{"event_name":"Forgotten Altar","player_choice":"Shed Blood","floor":22,"damage_taken":0}],"is_beta":false,"boss_relics":[{"not_picked":["Philosopher\u0027s Stone","Ectoplasm"],"picked":"Astrolabe"}],"items_purged_floors":[],"is_endless":false,"potions_floor_spawned":[1,2,5,11,14,16],"killed_by":"Gremlin Leader","ascension_level":0}