{"path_per_floor":["M","M","?","?","M","E","R","M","T","E","R","T","?","M","R","B",null,"M","M","?","$","?","E","R","E","T","$","?","E","R","?","R","B",null,"M","?","?","T","M","R","M","M","T","M","M","$","?","?","R","B"],"character_chosen":"IRONCLAD","items_purchased":["Pen Nib","Lantern"],"gold_per_floor":[118,137,137,87,107,136,136,152,152,180,180,230,230,253,253,384,384,398,414,414,186,86,126,126,167,167,67,107,148,148,148,148,276,276,291,391,451,451,472,472,485,504,557,577,592,385,385,385,385,385],"floor_reached":51,"campfire_rested":2,"playtime":2489,"current_hp_per_floor":[58,59,80,80,75,64,64,48,48,24,48,48,48,53,63,80,88,87,72,72,72,72,84,84,55,55,55,61,42,42,42,42,36,77,64,64,61,61,43,70,84,90,90,83,75,75,64,64,64,67],"items_purged":["Writhe","Injury","Strike_R"],"gold":385,"score":1035,"play_id":"8f0dbb42-05a7-48cd-bbc0-17528a796159","local_time":"20180329032514","is_prod":false,"is_daily":false,"is_ascension_mode":true,"campfire_upgraded":2,"timestamp":1522286714,"path_taken":["M","M","?","?","M","E","R","M","T","E","R","?","?","M","R","BOSS","M","M","?","$","?","E","R","E","T","$","?","E","R","?","R","BOSS","M","?","?","?","M","R","M","M","T","M","M","?","?","?","R","BOSS"],"build_version":"2018-03-27v2","purchased_purges":3,"victory":true,"master_deck":["Strike_R","Strike_R","Defend_R","Defend_R","Defend_R","Bash","Thunderclap","Spot Weakness","Whirlwind+1","Reaper","Burning Pact","Spot Weakness","Flame Barrier","Offering+1","Sword Boomerang+1","Headbutt","J.A.X.","Armaments","Inflame+1","Feed","Armaments+1","Heavy Blade+1","Sentinel+1","Madness","Madness"],"max_hp_per_floor":[80,80,80,80,80,80,80,80,80,80,80,80,80,80,90,90,90,90,90,90,90,90,90,90,90,90,90,90,90,90,90,90,90,90,90,90,90,90,90,90,90,90,90,90,90,90,90,90,90,90],"relics":["Burning Blood","Red Skull","Shovel","Unceasing Top","Juzu Bracelet","Golden Idol","Pear","Velvet Choker","Self Forming Clay","Pen Nib","Oddly Smooth Stone","Centennial Puzzle","Torii","Red Mask","Orichalcum","Pantograph","Sundial","Sozu","Ginger","Smiling Mask","Dream Catcher","Lantern","Bottled Flame"],"card_choices":[{"not_picked":["Armaments","Iron Wave"],"picked":"Thunderclap","floor":1},{"not_picked":["Entrench","Anger"],"picked":"Spot Weakness","floor":2},{"not_picked":["Rupture","Armaments"],"picked":"Whirlwind","floor":5},{"not_picked":["Twin Strike","Reckless Charge"],"picked":"Reaper","floor":6},{"not_picked":["Anger","Wild Strike"],"picked":"Burning Pact","floor":8},{"not_picked":["Wild Strike","Twin Strike"],"picked":"Spot Weakness","floor":10},{"not_picked":["Armaments","Second Wind"],"picked":"Flame Barrier","floor":14},{"not_picked":["Immolate","Barricade"],"picked":"Offering","floor":16},{"not_picked":["Spot Weakness","Warcry"],"picked":"Sword Boomerang","floor":18},{"not_picked":["Reckless Charge","Anger"],"picked":"Headbutt","floor":19},{"not_picked":["Wild Strike","Warcry"],"picked":"Armaments","floor":23},{"not_picked":["Body Slam","Metallicize"],"picked":"Inflame","floor":25},{"not_picked":["Barricade","Bludgeon"],"picked":"Feed","floor":33},{"not_picked":["Havoc","Fire Breathing"],"picked":"Armaments","floor":35},{"not_picked":["Whirlwind","Shrug It Off"],"picked":"Heavy Blade","floor":39},{"not_picked":["Shockwave","Evolve"],"picked":"Sentinel","floor":41}],"player_experience":224654,"potions_floor_usage":[23,25,29,50,50],"damage_taken":[{"damage":20,"enemies":"Jaw Worm","floor":1,"turns":5},{"damage":5,"enemies":"Small Slimes","floor":2,"turns":3},{"damage":11,"enemies":"2 Louse","floor":5,"turns":2},{"damage":17,"enemies":"3 Sentries","floor":6,"turns":4},{"damage":29,"enemies":"Blue Slaver","floor":8,"turns":4},{"damage":40,"enemies":"Lagavulin","floor":10,"turns":6},{"damage":15,"enemies":"2 Fungi Beasts","floor":14,"turns":3},{"damage":5,"enemies":"Slime Boss","floor":16,"turns":5},{"damage":7,"enemies":"3 Byrds","floor":18,"turns":3},{"damage":21,"enemies":"2 Thieves","floor":19,"turns":2},{"damage":21,"enemies":"Gremlin Leader","floor":23,"turns":5},{"damage":35,"enemies":"Book of Stabbing","floor":25,"turns":5},{"damage":0,"enemies":"Masked Bandits","floor":28,"turns":2},{"damage":25,"enemies":"Gremlin Leader","floor":29,"turns":3},{"damage":37,"enemies":"Automaton","floor":33,"turns":5},{"damage":28,"enemies":"Flame Bruiser 1 Orb","floor":35,"turns":3},{"damage":9,"enemies":"Mysterious Sphere","floor":37,"turns":3},{"damage":24,"enemies":"3 Darklings","floor":39,"turns":3},{"damage":12,"enemies":"4 Shapes","floor":41,"turns":4},{"damage":6,"enemies":"Flame Bruiser 2 Orb","floor":42,"turns":5},{"damage":13,"enemies":"Spire Growth","floor":44,"turns":3},{"damage":26,"enemies":"Maw","floor":45,"turns":6},{"damage":43,"enemies":"Time Eater","floor":50,"turns":8}],"event_choices":[{"event_name":"Big Fish","player_choice":"Banana","floor":3,"damage_taken":0},{"event_name":"The Cleric","player_choice":"Card Removal","floor":4,"damage_taken":0},{"event_name":"Golden Idol","player_choice":"Take Wound","floor":13,"damage_taken":0},{"event_name":"The Mausoleum","player_choice":"Yes","floor":20,"damage_taken":0},{"event_name":"Drug Dealer","player_choice":"Got JAXXED","floor":22,"damage_taken":0},{"event_name":"Masked Bandits","player_choice":"Fought over 67 gold","floor":28,"damage_taken":0},{"event_name":"Bonfire Elementals","player_choice":"BASIC","floor":31,"damage_taken":0},{"event_name":"Golden Shrine","player_choice":"Pray","floor":36,"damage_taken":0},{"event_name":"Mysterious Sphere","player_choice":"Fight","floor":37,"damage_taken":0},{"event_name":"Winding Halls","player_choice":"Embrace Madness","floor":47,"damage_taken":0}],"boss_relics":[{"not_picked":["Runic Pyramid","Runic Dome"],"picked":"Velvet Choker"},{"not_picked":["Snecko Eye","Astrolabe"],"picked":"Sozu"}],"potions_floor_spawned":[6,14,16,18,25,29,39,41,44],"seed_played":"963803606658128068","ascension_level":8,"is_trial":false}