{"gold_per_floor":[116,132,132,148,158,158,333,347,347,347,347,378,378,7,7,107,107,121,138,138,156,175,175,203,213,238,238,238,238,418,57,57,158,158,172,186,286,286,286,286,306,333,333,353,27,44,44],"floor_reached":47,"playtime":3214,"items_purged":["Doubt"],"score":575,"play_id":"36a26f91-1675-4913-bd6d-256029bc7398","local_time":"20190504092950","is_ascension_mode":false,"campfire_choices":[{"data":"Zap","floor":6.0,"key":"SMITH"},{"data":"Loop","floor":11.0,"key":"SMITH"},{"data":"Redo","floor":13.0,"key":"SMITH"},{"data":"Static Discharge","floor":15.0,"key":"SMITH"},{"floor":23,"key":"REST"},{"floor":27,"key":"REST"},{"floor":29,"key":"RECALL"},{"floor":32,"key":"REST"},{"data":"Loop","floor":40,"key":"SMITH"}],"neow_cost":"NONE","seed_source_timestamp":0,"circlet_count":0,"master_deck":["Strike_B","Strike_B","Strike_B","Strike_B","Defend_B","Defend_B","Defend_B","Defend_B","Zap+1","Dualcast","Conserve Battery","Redo+1","Conserve Battery","Darkness","Loop+1","Hologram","Static Discharge+1","Core Surge+1","Cold Snap+1","Conserve Battery+1","Chill","Cold Snap+1","Machine Learning","Loop+1","Core Surge+1","Skim","Stack+1","Madness","Madness","Parasite","Melter+1","Hologram","Conserve Battery"],"special_seed":0,"relics":["FrozenCore","Molten Egg 2","Bottled Lightning","Bird Faced Urn","Inserter","Bottled Flame","Boot","DataDisk","Strange Spoon","Calipers","Dodecahedron","Meat on the Bone","Pear"],"potions_floor_usage":[24,41,42,46,46],"damage_taken":[{"damage":1.0,"enemies":"Cultist","floor":1.0,"turns":4.0},{"damage":0.0,"enemies":"Small Slimes","floor":2.0,"turns":3.0},{"damage":9.0,"enemies":"2 Louse","floor":4.0,"turns":3.0},{"damage":0.0,"enemies":"2 Fungi Beasts","floor":5.0,"turns":3.0},{"damage":19.0,"enemies":"Gremlin Gang","floor":8.0,"turns":6.0},{"damage":7.0,"enemies":"Lagavulin","floor":12.0,"turns":6.0},{"damage":28.0,"enemies":"Slime Boss","floor":16.0,"turns":5.0},{"damage":10.0,"enemies":"Chosen","floor":18.0,"turns":6.0},{"damage":12.0,"enemies":"Shell Parasite","floor":19.0,"turns":3.0},{"damage":8.0,"enemies":"Snecko","floor":21.0,"turns":5.0},{"damage":21.0,"enemies":"Shelled Parasite and Fungi","floor":22.0,"turns":8.0},{"damage":26,"enemies":"Book of Stabbing","floor":24,"turns":5},{"damage":20,"enemies":"Cultist and Chosen","floor":25,"turns":8},{"damage":21,"enemies":"Champ","floor":33,"turns":12},{"damage":4,"enemies":"Orb Walker","floor":35,"turns":4},{"damage":18,"enemies":"3 Darklings","floor":36,"turns":11},{"damage":0,"enemies":"Mind Bloom Boss Battle","floor":37,"turns":9},{"damage":17,"enemies":"Writhing Mass","floor":41,"turns":11},{"damage":23,"enemies":"Nemesis","floor":42,"turns":11},{"damage":24,"enemies":"Maw","floor":44,"turns":14},{"damage":46,"enemies":"Jaw Worm Horde","floor":46,"turns":8},{"damage":60,"enemies":"4 Shapes","floor":47,"turns":3}],"seed_played":"-5094258125691159276","potions_obtained":[{"floor":5.0,"key":"Fire Potion"},{"floor":12.0,"key":"Ancient Potion"},{"floor":21.0,"key":"Swift Potion"},{"floor":22.0,"key":"Regen Potion"},{"floor":24,"key":"LiquidBronze"},{"floor":25,"key":"FocusPotion"},{"floor":41,"key":"Block Potion"}],"is_trial":false,"path_per_floor":["M","M","T","M","M","R","?","M","T","?","R","E","R","$","R","B",null,"M","M","?","M","M","R","E","M","T","R","?","R","?","$","R","B",null,"M","M","?","?","?","R","M","E","T","M","$","M","M"],"character_chosen":"DEFECT","items_purchased":["Bird Faced Urn","Static Discharge","DataDisk","Strange Spoon","Pear"],"campfire_rested":3,"item_purchase_floors":[14,14,31,31,45],"current_hp_per_floor":[81,81,81,72,72,72,72,53,53,58,58,51,51,51,51,27,87,80,72,64,60,43,69,47,33,33,59,59,59,35,35,61,48,87,87,75,83,72,72,72,63,46,46,42,52,39,0],"gold":44,"neow_bonus":"TEN_PERCENT_HP_BONUS","is_prod":false,"is_daily":false,"chose_seed":false,"campfire_upgraded":5,"win_rate":0,"timestamp":1556976590,"path_taken":["M","M","?","?","M","R","?","M","T","?","R","E","R","$","R","BOSS","M","M","?","?","M","R","E","M","T","R","?","R","?","$","R","BOSS","M","?","?","?","?","R","M","E","T","M","$","?","M"],"build_version":"2019-01-23","purchased_purges":1,"victory":false,"max_hp_per_floor":[82,82,82,82,82,82,82,82,82,87,87,87,87,87,87,87,87,87,87,87,87,87,87,87,87,87,87,87,87,87,87,87,87,87,87,87,87,87,87,87,87,87,87,87,97,97,97],"card_choices":[{"not_picked":["Compile Driver","Beam Cell"],"picked":"Conserve Battery","floor":1.0},{"not_picked":["Streamline","Sweeping Beam"],"picked":"Redo","floor":2.0},{"not_picked":["Hologram","Barrage+1"],"picked":"Conserve Battery","floor":4.0},{"not_picked":["Turbo","Steam Power"],"picked":"Darkness","floor":5.0},{"not_picked":["Gash+1","Stack"],"picked":"Loop","floor":8.0},{"not_picked":["Reinforced Body","Recycle"],"picked":"Hologram","floor":12.0},{"not_picked":["Biased Cognition","Rainbow"],"picked":"Core Surge+1","floor":16.0},{"not_picked":["Blizzard+1","Streamline+1"],"picked":"Cold Snap+1","floor":18.0},{"not_picked":["Hologram+1","Redo"],"picked":"Conserve Battery+1","floor":19.0},{"not_picked":["Stack","Chaos"],"picked":"Chill","floor":21.0},{"not_picked":["Compile Driver+1","Loop"],"picked":"Cold Snap+1","floor":22.0},{"not_picked":["Streamline+1","FTL+1"],"picked":"Machine Learning","floor":24},{"not_picked":["Gash+1","Scrape+1"],"picked":"Loop","floor":25},{"not_picked":["Meteor Strike+1","Amplify"],"picked":"Core Surge+1","floor":33},{"not_picked":["Leap+1","Undo","Double Energy"],"picked":"SKIP","floor":35},{"not_picked":["Hello World","Compile Driver+1"],"picked":"Skim","floor":36},{"not_picked":["Scrape+1","Storm"],"picked":"Stack+1","floor":37},{"not_picked":["Static Discharge","Leap+1"],"picked":"Melter+1","floor":41},{"not_picked":["Turbo","Gash+1"],"picked":"Hologram","floor":42},{"not_picked":["Rebound+1","Turbo"],"picked":"Conserve Battery","floor":44},{"not_picked":["Gash+1","Go for the Eyes+1","Beam Cell+1"],"picked":"SKIP","floor":46}],"player_experience":256100,"relics_obtained":[{"floor":3.0,"key":"Molten Egg 2"},{"floor":12.0,"key":"Bottled Lightning"},{"floor":24,"key":"Bottled Flame"},{"floor":26,"key":"Boot"},{"floor":37,"key":"Calipers"},{"floor":42,"key":"Dodecahedron"},{"floor":43,"key":"Meat on the Bone"}],"event_choices":[{"damage_healed":0.0,"max_hp_gain":0.0,"max_hp_loss":0.0,"gold_gain":175.0,"event_name":"Liars Game","player_choice":"AGREE","floor":7.0,"gold_loss":0.0,"damage_taken":0.0,"cards_obtained":["Doubt"]},{"damage_healed":0.0,"max_hp_gain":5.0,"max_hp_loss":0.0,"gold_gain":0.0,"event_name":"Big Fish","player_choice":"Donut","floor":10.0,"gold_loss":0.0,"damage_taken":0.0},{"damage_healed":0.0,"max_hp_gain":0.0,"max_hp_loss":0.0,"gold_gain":0.0,"event_name":"Wheel of Change","player_choice":"Damaged","floor":20.0,"gold_loss":0.0,"damage_taken":8.0},{"damage_healed":0,"gold_gain":0,"player_choice":"Ignored","damage_taken":0,"max_hp_gain":0,"max_hp_loss":0,"event_name":"Ghosts","floor":28,"gold_loss":0},{"damage_healed":0,"gold_gain":180,"player_choice":"GOLD GOLD ","damage_taken":24,"max_hp_gain":0,"max_hp_loss":0,"event_name":"Knowing Skull","floor":30,"potions_obtained":[],"gold_loss":0,"cards_obtained":[]},{"damage_healed":0,"gold_gain":0,"player_choice":"Fight","damage_taken":0,"max_hp_gain":0,"max_hp_loss":0,"event_name":"MindBloom","floor":37,"gold_loss":0},{"damage_healed":0,"gold_gain":0,"player_choice":"Embrace Madness","damage_taken":11,"max_hp_gain":0,"max_hp_loss":0,"event_name":"Winding Halls","floor":38,"gold_loss":0,"cards_obtained":["Madness","Madness"]},{"damage_healed":0,"gold_gain":0,"player_choice":"Ignored","damage_taken":0,"max_hp_gain":0,"max_hp_loss":0,"event_name":"Tomb of Lord Red Mask","floor":39,"gold_loss":0}],"is_beta":false,"boss_relics":[{"not_picked":["Calling Bell","Cursed Key"],"picked":"Inserter"},{"not_picked":["Runic Pyramid","Orrery"],"picked":"FrozenCore"}],"items_purged_floors":[45],"is_endless":false,"potions_floor_spawned":[5,12,21,22,24,25,33,36,37,41],"killed_by":"4 Shapes","ascension_level":0}