{"path_per_floor":["M","$","M","?","M","E","M","R","T","M","R","$","E","$","R","B",null,"M","$","?","M","M","R","M","R","T"],"character_chosen":"DEFECT","items_purchased":["Ball Lightning","Ball Lightning"],"gold_per_floor":[117,42,62,62,79,105,116,116,116,129,129,76,107,81,81,177,177,197,97,97,111,129,129,142,142,191,191],"floor_reached":27,"campfire_rested":2,"playtime":1466,"current_hp_per_floor":[71,71,65,65,65,51,50,50,50,43,43,43,31,31,53,17,75,75,75,75,53,20,20,8,30,30,0],"items_purged":["Defend_B","Strike_B"],"gold":191,"score":223,"play_id":"7eb18111-2f71-442c-b458-cf7306dd3579","local_time":"20180429105920","is_prod":false,"is_daily":false,"chose_seed":false,"is_ascension_mode":false,"campfire_upgraded":3,"timestamp":1524992360,"path_taken":["M","$","M","?","?","E","M","R","T","M","R","$","E","$","R","BOSS","M","$","?","M","M","R","M","R","T","M"],"build_version":"2018-04-27v3","seed_source_timestamp":1441753297485464,"purchased_purges":2,"victory":false,"master_deck":["Strike_B","Strike_B","Defend_B","Defend_B","Defend_B","Zap+1","Dualcast+1","Melter","Melter","Biased Cognition+1","Fission","Ball Lightning","Capacitor","Ball Lightning","Biased Cognition","Tempest+1","Mind Blast","Skim","Stack+1","Leap+1"],"max_hp_per_floor":[75,75,75,75,75,75,75,75,75,75,75,75,75,75,75,75,75,75,75,75,75,75,75,75,75,75,75],"relics":["Cracked Core","Orichalcum","Oddly Smooth Stone","Dodecahedron","Inserter","War Paint"],"card_choices":[{"not_picked":["Axe Kick","Gash"],"picked":"Melter","floor":1},{"not_picked":["Axe Kick","Coolheaded"],"picked":"Melter","floor":3},{"not_picked":["Barrage","Streamline"],"picked":"Fission","floor":6},{"not_picked":["Go for the Eyes","Beam Cell"],"picked":"Capacitor","floor":13},{"not_picked":["Creative AI","All For One"],"picked":"Biased Cognition","floor":16},{"not_picked":["Blaster","Aggregate"],"picked":"Tempest","floor":18},{"not_picked":["Self Repair","Cold Snap"],"picked":"Stack","floor":21},{"not_picked":["Axe Kick","Flux Capacitor"],"picked":"Leap","floor":22}],"player_experience":257933,"potions_floor_usage":[6,18,24],"damage_taken":[{"damage":4,"enemies":"Cultist","floor":1,"turns":4},{"damage":6,"enemies":"Jaw Worm","floor":3,"turns":3},{"damage":0,"enemies":"Small Slimes","floor":5,"turns":3},{"damage":14,"enemies":"Gremlin Nob","floor":6,"turns":3},{"damage":1,"enemies":"Exordium Wildlife","floor":7,"turns":3},{"damage":7,"enemies":"Blue Slaver","floor":10,"turns":4},{"damage":12,"enemies":"Lagavulin","floor":13,"turns":5},{"damage":36,"enemies":"Hexaghost","floor":16,"turns":9},{"damage":0,"enemies":"3 Byrds","floor":18,"turns":4},{"damage":22,"enemies":"2 Thieves","floor":21,"turns":3},{"damage":33,"enemies":"3 Cultists","floor":22,"turns":4},{"damage":12,"enemies":"Snecko","floor":24,"turns":4},{"damage":32,"enemies":"Slaver and Parasite","floor":27,"turns":3}],"event_choices":[{"event_name":"Match and Keep!","player_choice":"1 cards matched","floor":4,"damage_taken":0},{"event_name":"Match and Keep!","player_choice":"2 cards matched","floor":20,"damage_taken":0}],"boss_relics":[{"not_picked":["Black Star","Pandora\u0027s Box"],"picked":"Inserter"}],"potions_floor_spawned":[3,6,10,16,22],"seed_played":"799756767047503904","killed_by":"Slaver and Parasite","ascension_level":0,"is_trial":false}