{"path_per_floor":["M","M","?","M","?","R","E","$","T","M","R","$","R","M","R","B",null,"M","?","M","?","M","R","$","?","T","?","R","$","E","M","R","B",null,"M","?","M","?","$","R","M","?","T","M","R","E"],"character_chosen":"THE_SILENT","items_purchased":["Frozen Egg 2","Noxious Fumes","Dagger Throw","Flying Knee","Vajra","Infinite Blades","Snake Skull"],"gold_per_floor":[109,122,422,432,432,432,464,42,42,62,62,16,16,28,28,124,124,134,134,153,153,163,163,10,260,260,291,291,117,150,169,169,268,268,281,281,295,295,21,21,35,257,257,268,268,301],"floor_reached":47,"campfire_rested":4,"playtime":3958,"current_hp_per_floor":[35,30,30,28,21,42,15,15,29,21,46,46,46,45,70,22,84,73,73,71,71,52,52,52,52,52,52,52,52,32,19,44,3,84,67,67,59,80,80,84,72,72,72,67,77,13],"items_purged":["Strike_G","Strike_G","Regret"],"gold":301,"score":471,"play_id":"05621aae-9643-4723-b666-08da6fddb3a2","is_prod":false,"is_daily":false,"is_ascension_mode":false,"campfire_upgraded":4,"path_taken":["M","M","?","?","?","R","E","$","T","?","R","?","R","M","R","BOSS","M","?","?","?","M","R","?","?","T","?","R","$","E","?","R","BOSS","M","?","M","?","$","R","?","?","T","M","R","E","M"],"build_version":"2018-02-16-BETA2","purchased_purges":3,"victory":false,"master_deck":["Defend_G","Defend_G","Defend_G","Defend_G","Strike_G","Survivor","Neutralize","Prepared","Acrobatics","Noxious Fumes+1","Dagger Throw","Cloak And Dagger+1","Flying Knee","Backstab","Bullet Time+1","Dagger Throw+1","Accuracy+1","Distraction+1","Doubt","Well Laid Plans+1","Infinite Blades+1","Blade Dance+1","Infinite Blades+1","A Thousand Cuts+1","Writhe","Infinite Blades+1","Doubt"],"max_hp_per_floor":[70,70,70,70,70,70,70,70,84,84,84,84,84,84,84,84,84,84,84,84,84,84,84,84,84,84,84,84,84,84,84,84,84,84,84,84,84,84,84,84,84,84,84,84,84,84],"relics":["Ring of the Snake","Old Coin","Mummified Hand","Frozen Egg 2","Mango","Cursed Key","Ginger","Vajra","Bag of Marbles","Red Mask","Orichalcum","Eternal Feather","Snake Skull","Shovel","Prayer Wheel","Pantograph"],"card_choices":[{"not_picked":["Leg Sweep","Dagger Throw"],"picked":"Prepared"},{"not_picked":["Escape Plan","Dagger Throw"],"picked":"Acrobatics"},{"not_picked":["PiercingWail","Wraith Form"],"picked":"Cloak And Dagger"},{"not_picked":["Prepared","Deflect"],"picked":"Backstab"},{"not_picked":["Corpse Explosion","Night Terror"],"picked":"Bullet Time"},{"not_picked":["Caltrops","Dodge and Roll"],"picked":"Dagger Throw"},{"not_picked":["Flying Knee","Dagger Spray"],"picked":"Accuracy"},{"not_picked":["Endless Agony","Venomology"],"picked":"Distraction"},{"not_picked":["Terror","Dagger Throw"],"picked":"Well Laid Plans"},{"not_picked":["Outmaneuver","Eviscerate"],"picked":"Blade Dance"},{"not_picked":["Prepared","Deflect"],"picked":"Infinite Blades"},{"not_picked":["Glass Knife","Bullet Time"],"picked":"A Thousand Cuts"},{"not_picked":["Dash","Escape Plan"],"picked":"Infinite Blades"}],"player_experience":78505,"potions_floor_usage":[18,20,20,27,33,33,46,47],"damage_taken":[{"damage":0,"enemies":"Small Slimes","floor":1,"turns":4},{"damage":5,"enemies":"Cultist","floor":2,"turns":6},{"damage":2,"enemies":"Jaw Worm","floor":4,"turns":6},{"damage":27,"enemies":"3 Sentries","floor":7,"turns":17},{"damage":8,"enemies":"Gremlin Gang","floor":10,"turns":4},{"damage":1,"enemies":"Exordium Wildlife","floor":14,"turns":4},{"damage":48,"enemies":"Hexaghost","floor":16,"turns":10},{"damage":11,"enemies":"2 Thieves","floor":18,"turns":4},{"damage":2,"enemies":"Chosen","floor":20,"turns":5},{"damage":19,"enemies":"Snecko","floor":22,"turns":6},{"damage":0,"enemies":"Masked Bandits","floor":27,"turns":3},{"damage":20,"enemies":"Gremlin Leader","floor":30,"turns":6},{"damage":13,"enemies":"Sentry and Sphere","floor":31,"turns":4},{"damage":41,"enemies":"Collector","floor":33,"turns":7},{"damage":17,"enemies":"Flame Bruiser 1 Orb","floor":35,"turns":3},{"damage":8,"enemies":"Orb Walker","floor":37,"turns":3},{"damage":12,"enemies":"3 Darklings","floor":41,"turns":4},{"damage":5,"enemies":"Sphere and 2 Shapes","floor":44,"turns":4},{"damage":73,"enemies":"2 Orb Walkers","floor":46,"turns":5},{"damage":22,"enemies":"Maw","floor":47,"turns":4}],"event_choices":[{"event_name":"Wheel of Change","player_choice":"Relic","floor":3,"damage_taken":0},{"event_name":"Golden Wing","player_choice":"Card Removal","floor":5,"damage_taken":0},{"event_name":"Vampires","player_choice":"Ignored","floor":19,"damage_taken":0},{"event_name":"The Mausoleum","player_choice":"Yes","floor":21,"damage_taken":0},{"event_name":"Golden Shrine","player_choice":"Desecrate","floor":25,"damage_taken":0},{"event_name":"Masked Bandits","player_choice":"Fought over 260 gold","floor":27,"damage_taken":0},{"event_name":"Mysterious Sphere","player_choice":"Ignore","floor":36,"damage_taken":0},{"event_name":"Winding Halls","player_choice":"Writhe","floor":38,"damage_taken":0},{"event_name":"Tomb of Lord Red Mask","player_choice":"Wore Mask","floor":42,"damage_taken":0}],"boss_relics":[{"not_picked":["Lizard Tail","Calling Bell"],"picked":"Cursed Key"},{"not_picked":["Question Card","White Beast Statue"],"picked":"Eternal Feather"}],"potions_floor_spawned":[4,10,14,20,27,30,37,44,46],"seed_played":"2852402942961713504","killed_by":"Maw","ascension_level":0,"is_trial":false}