{"gold_per_floor":[118,137,150,54,72,72,99,99,125,151,151,151,151,169,169,298,298,321,321,281,294,309,309,343,343,343,374,374,389,410,7,7,138,138,163,186,186,201,201,239,239,272,272,272,308,328,661,681,681,681],"floor_reached":51,"playtime":2148,"items_purged":["Injury"],"score":835,"play_id":"a90a7288-8bee-49e5-b29f-b38194df90c5","local_time":"20190521234605","is_ascension_mode":false,"campfire_choices":[{"data":"Bash","floor":6,"key":"SMITH"},{"data":"Rage","floor":8,"key":"SMITH"},{"data":"Juggernaut","floor":11,"key":"SMITH"},{"data":"True Grit","floor":15,"key":"SMITH"},{"data":"Perfected Strike","floor":23,"key":"SMITH"},{"data":"Spot Weakness","floor":25,"key":"SMITH"},{"floor":28,"key":"REST"},{"data":"Shockwave","floor":32,"key":"SMITH"},{"data":"Immolate","floor":41,"key":"SMITH"},{"data":"Clothesline","floor":44,"key":"SMITH"},{"data":"J.A.X.","floor":49,"key":"SMITH"}],"neow_cost":"NONE","seed_source_timestamp":100473027830200,"circlet_count":0,"master_deck":["Strike_R","Strike_R","Strike_R+1","Strike_R","Strike_R","Defend_R","Defend_R","Defend_R","Bash+1","Rage+1","Pommel Strike+1","True Grit+1","Spot Weakness+1","Juggernaut+1","Anger","Ghostly Armor","Impervious","True Grit+1","J.A.X.+1","Perfected Strike+1","Corruption+1","Metallicize","Headbutt","Feel No Pain","Shockwave+1","Clothesline+1","Dark Shackles","Immolate+1","Whirlwind+1","Armaments+1","Madness","Madness","Pommel Strike","Pommel Strike+1","Warcry+1","Pummel+1","Feel No Pain+1","Shrug It Off"],"relics":["Burning Blood","Potion Belt","Ancient Tea Set","Happy Flower","Lantern","Dodecahedron","Mark of Pain","Darkstone Periapt","Ice Cream","Anchor","ClockworkSouvenir","Busted Crown","Bottled Lightning","Whetstone","Gremlin Horn","Vajra"],"potions_floor_usage":[7,10,16,16,21,22,24,27,33,33,50,50],"damage_taken":[{"damage":3,"enemies":"Jaw Worm","floor":1,"turns":5},{"damage":1,"enemies":"Cultist","floor":2,"turns":3},{"damage":7,"enemies":"Small Slimes","floor":3,"turns":3},{"damage":1,"enemies":"Looter","floor":5,"turns":3},{"damage":30,"enemies":"3 Sentries","floor":7,"turns":9},{"damage":18,"enemies":"Lagavulin","floor":10,"turns":5},{"damage":1,"enemies":"2 Fungi Beasts","floor":14,"turns":4},{"damage":39,"enemies":"Slime Boss","floor":16,"turns":9},{"damage":0,"enemies":"Chosen","floor":18,"turns":4},{"damage":5,"enemies":"Spheric Guardian","floor":21,"turns":4},{"damage":12,"enemies":"Snake Plant","floor":22,"turns":5},{"damage":23,"enemies":"Slavers","floor":24,"turns":6},{"damage":35,"enemies":"Gremlin Leader","floor":27,"turns":7},{"damage":19,"enemies":"Centurion and Healer","floor":29,"turns":5},{"damage":5,"enemies":"Shelled Parasite and Fungi","floor":30,"turns":5},{"damage":50,"enemies":"Automaton","floor":33,"turns":9},{"damage":14,"enemies":"3 Darklings","floor":35,"turns":4},{"damage":0,"enemies":"3 Shapes","floor":36,"turns":3},{"damage":0,"enemies":"Maw","floor":38,"turns":7},{"damage":15,"enemies":"Giant Head","floor":40,"turns":7},{"damage":16,"enemies":"Nemesis","floor":42,"turns":5},{"damage":6,"enemies":"Reptomancer","floor":45,"turns":5},{"damage":0,"enemies":"Spire Growth","floor":46,"turns":3},{"damage":0,"enemies":"3 Darklings","floor":48,"turns":3},{"damage":61,"enemies":"Awakened One","floor":50,"turns":12}],"seed_played":"-3618732798572352299","potions_obtained":[{"floor":1,"key":"SpeedPotion"},{"floor":3,"key":"SkillPotion"},{"floor":7,"key":"SpeedPotion"},{"floor":14,"key":"Poison Potion"},{"floor":18,"key":"Regen Potion"},{"floor":20,"key":"Ancient Potion"},{"floor":20,"key":"SteroidPotion"},{"floor":20,"key":"LiquidBronze"},{"floor":21,"key":"SkillPotion"},{"floor":24,"key":"PowerPotion"},{"floor":33,"key":"Weak Potion"},{"floor":35,"key":"Regen Potion"},{"floor":42,"key":"Strength Potion"}],"is_trial":false,"path_per_floor":["M","M","M","$","M","R","E","R","T","E","R","?","?","M","R","B",null,"M","?","?","M","M","R","E","R","T","E","R","M","M","$","R","B",null,"M","M","?","M","?","E","R","E","T","R","E","M","?","M","R","B",null],"character_chosen":"IRONCLAD","items_purchased":["Pommel Strike","True Grit","ClockworkSouvenir","Clothesline","Dark Shackles"],"campfire_rested":1,"item_purchase_floors":[4,4,31,31,31],"current_hp_per_floor":[80,80,79,79,80,80,56,56,56,44,44,44,44,49,49,16,80,80,80,80,80,74,74,57,57,57,28,52,39,40,40,40,11,80,72,78,68,74,74,65,65,55,55,55,55,61,61,67,67,27],"gold":681,"neow_bonus":"RANDOM_COMMON_RELIC","is_prod":false,"is_daily":false,"chose_seed":false,"campfire_upgraded":10,"win_rate":1,"timestamp":1558507565,"path_taken":["M","M","M","$","M","R","E","R","T","E","R","?","?","M","R","BOSS","M","?","?","M","M","R","E","R","T","E","R","M","M","$","R","BOSS","M","M","?","M","?","E","R","E","T","R","E","M","?","M","R","BOSS"],"build_version":"2019-01-23","purchased_purges":1,"victory":true,"max_hp_per_floor":[80,80,80,80,80,80,80,80,80,80,80,80,80,80,80,80,80,80,80,80,80,80,80,80,80,80,80,80,80,80,80,80,80,80,80,80,80,80,80,80,80,80,80,80,80,80,80,80,80,80],"card_choices":[{"not_picked":["Reckless Charge","Combust"],"picked":"Wild Strike","floor":1},{"not_picked":["Entrench","Flex","Wild Strike"],"picked":"SKIP","floor":2},{"not_picked":["Sword Boomerang","Warcry"],"picked":"Rage","floor":3},{"not_picked":["Dropkick","Wild Strike"],"picked":"Spot Weakness","floor":5},{"not_picked":["Havoc","Dark Embrace"],"picked":"Juggernaut","floor":7},{"not_picked":["Warcry","Sentinel"],"picked":"Anger","floor":10},{"not_picked":["Wild Strike","Cleave"],"picked":"Ghostly Armor","floor":14},{"not_picked":["Reaper","Offering"],"picked":"Impervious","floor":16},{"not_picked":["Flame Barrier","Wild Strike"],"picked":"True Grit+1","floor":18},{"not_picked":["Bloodletting","Wild Strike"],"picked":"Perfected Strike","floor":21},{"not_picked":["True Grit+1","Havoc"],"picked":"Corruption+1","floor":22},{"not_picked":["Bloodletting","Havoc+1"],"picked":"Metallicize","floor":24},{"not_picked":["Juggernaut","True Grit"],"picked":"Headbutt","floor":27},{"not_picked":["Clothesline","Armaments"],"picked":"Feel No Pain","floor":29},{"not_picked":["Shrug It Off","Cleave+1"],"picked":"Shockwave","floor":30},{"not_picked":["Brutality","Dark Embrace"],"picked":"Immolate","floor":33},{"not_picked":[],"picked":"Whirlwind+1","floor":35},{"not_picked":[],"picked":"Armaments+1","floor":36},{"not_picked":[],"picked":"Pommel Strike","floor":38},{"not_picked":[],"picked":"Pommel Strike+1","floor":40},{"not_picked":[],"picked":"Warcry+1","floor":42},{"not_picked":[],"picked":"Pummel+1","floor":45},{"not_picked":[],"picked":"Feel No Pain+1","floor":46},{"not_picked":[],"picked":"Shrug It Off","floor":48}],"player_experience":851896,"relics_obtained":[{"floor":7,"key":"Ancient Tea Set"},{"floor":9,"key":"Happy Flower"},{"floor":10,"key":"Lantern"},{"floor":24,"key":"Darkstone Periapt"},{"floor":26,"key":"Ice Cream"},{"floor":27,"key":"Anchor"},{"floor":40,"key":"Bottled Lightning"},{"floor":42,"key":"Whetstone"},{"floor":43,"key":"Gremlin Horn"},{"floor":45,"key":"Vajra"}],"event_choices":[{"damage_healed":0,"gold_gain":0,"player_choice":"Take Wound","damage_taken":0,"relics_obtained":["Golden Idol"],"max_hp_gain":0,"max_hp_loss":0,"event_name":"Golden Idol","floor":12,"gold_loss":0,"cards_obtained":["Injury"]},{"cards_removed":["Wild Strike"],"damage_healed":0,"gold_gain":0,"player_choice":"Gave Card","damage_taken":0,"relics_obtained":["Dodecahedron"],"max_hp_gain":0,"max_hp_loss":0,"event_name":"WeMeetAgain","floor":13,"gold_loss":0},{"damage_healed":0,"gold_gain":0,"player_choice":"Obtain J.A.X.","damage_taken":0,"max_hp_gain":0,"max_hp_loss":0,"event_name":"Drug Dealer","floor":19,"gold_loss":0,"cards_obtained":["J.A.X."]},{"damage_healed":0,"gold_gain":0,"player_choice":"Bought 3 Potions","damage_taken":0,"max_hp_gain":0,"max_hp_loss":0,"event_name":"The Woman in Blue","floor":20,"gold_loss":0},{"damage_healed":0,"gold_gain":0,"player_choice":"Embrace Madness","damage_taken":10,"max_hp_gain":0,"max_hp_loss":0,"event_name":"Winding Halls","floor":37,"gold_loss":0,"cards_obtained":["Madness","Madness"]},{"cards_removed":["Defend_R"],"damage_healed":0,"gold_gain":0,"player_choice":"Removed Skill","damage_taken":0,"max_hp_gain":0,"max_hp_loss":0,"event_name":"Falling","floor":39,"gold_loss":0},{"damage_healed":0,"gold_gain":333,"player_choice":"Gave Idol","damage_taken":0,"max_hp_gain":0,"max_hp_loss":0,"event_name":"The Moai Head","floor":47,"relics_lost":["Golden Idol"],"gold_loss":0}],"is_beta":false,"boss_relics":[{"not_picked":["Sozu","White Beast Statue"],"picked":"Mark of Pain"},{"not_picked":["Astrolabe","Philosopher\u0027s Stone"],"picked":"Busted Crown"}],"items_purged_floors":[31],"is_endless":false,"potions_floor_spawned":[1,3,7,14,18,21,24,33,35,42],"ascension_level":0}