{"gold_per_floor":[114,39,54,54,54,84,114,129,204,204,204,234,234,249,249,349,349,364,64,64,64,94,124,154,154,154,184,196,208,235,307,319,431,443,470,157,127,157,187,187,187,187,187,187,202,2,2,32,32,32],"floor_reached":51,"playtime":2643,"items_purged":["Strike_B","Injury","Writhe"],"score":916,"play_id":"9d7ae48e-0979-416d-ba15-d20dff624f81","local_time":"20190128055423","daily_mods":["Chimera","Flight","DeadlyEvents"],"is_ascension_mode":false,"campfire_choices":[{"data":"Demon Form","floor":10,"key":"SMITH"},{"data":"Rampage","floor":11,"key":"SMITH"},{"data":"Heavy Blade","floor":13,"key":"SMITH"},{"floor":15,"key":"REST"},{"floor":25,"key":"REST"},{"floor":29,"key":"REST"},{"floor":32,"key":"REST"},{"floor":40,"key":"REST"},{"data":"Sword Boomerang","floor":41,"key":"SMITH"},{"floor":42,"key":"REST"},{"data":"Flex","floor":44,"key":"SMITH"},{"data":"Shrug It Off","floor":47,"key":"SMITH"},{"data":"Pummel","floor":49,"key":"SMITH"}],"neow_cost":"","seed_source_timestamp":0,"circlet_count":0,"master_deck":["Bash","Survivor","Zap","Strike_R","Strike_G","Defend_R","Defend_G","Defend_B","Flex+1","Rampage+1","Dramatic Entrance","Demon Form+1","Headbutt","Heavy Blade+1","Battle Trance","Feed","Shrug It Off+1","Demon Form+1","Battle Trance+1","Sword Boomerang+1","Inflame+1","Pummel+1"],"special_seed":17924,"relics":["Black Blood","Self Forming Clay","Art of War","Bottled Tornado","Oddly Smooth Stone","HandDrill","Paper Frog","Regal Pillow","PreservedInsect","Lantern","Kunai","MawBank","Nilry\u0027s Codex","Tiny Chest","Mark of Pain","Brimstone","Happy Flower","Potion Belt","Bottled Lightning","OrangePellets","Blood Vial"],"potions_floor_usage":[12,16,16,22,33,39,50,50],"damage_taken":[{"damage":5,"enemies":"Cultist","floor":1,"turns":4},{"damage":0,"enemies":"2 Louse","floor":3,"turns":3},{"damage":40,"enemies":"3 Sentries","floor":6,"turns":8},{"damage":28,"enemies":"Lagavulin","floor":7,"turns":5},{"damage":3,"enemies":"Small Slimes","floor":8,"turns":2},{"damage":11,"enemies":"3 Sentries","floor":12,"turns":4},{"damage":1,"enemies":"3 Louse","floor":14,"turns":3},{"damage":27,"enemies":"The Guardian","floor":16,"turns":7},{"damage":16,"enemies":"3 Byrds","floor":18,"turns":5},{"damage":30,"enemies":"Book of Stabbing","floor":22,"turns":4},{"damage":48,"enemies":"Slavers","floor":23,"turns":5},{"damage":21,"enemies":"Book of Stabbing","floor":24,"turns":4},{"damage":37,"enemies":"Slavers","floor":27,"turns":5},{"damage":17,"enemies":"Shell Parasite","floor":30,"turns":3},{"damage":19,"enemies":"Gremlin Leader","floor":31,"turns":5},{"damage":60,"enemies":"Collector","floor":33,"turns":7},{"damage":48,"enemies":"3 Shapes","floor":35,"turns":4},{"damage":26,"enemies":"Giant Head","floor":38,"turns":5},{"damage":41,"enemies":"Nemesis","floor":39,"turns":5},{"damage":16,"enemies":"Orb Walker","floor":45,"turns":3},{"damage":0,"enemies":"Reptomancer","floor":48,"turns":3},{"damage":63,"enemies":"Awakened One","floor":50,"turns":5}],"seed_played":"4127696918694319240","potions_obtained":[{"floor":6,"key":"AttackPotion"},{"floor":8,"key":"Poison Potion"},{"floor":14,"key":"PowerPotion"},{"floor":18,"key":"Weak Potion"},{"floor":24,"key":"FairyPotion"},{"floor":31,"key":"Poison Potion"},{"floor":37,"key":"SkillPotion"},{"floor":37,"key":"Weak Potion"},{"floor":48,"key":"SkillPotion"}],"is_trial":false,"path_per_floor":["M","$","M","$","?","E","E","M","T","R","R","E","R","M","R","B",null,"M","$","?","?","E","E","E","R","T","E","?","R","M","E","R","B",null,"M","$","?","E","E","R","R","R","T","R","M","$","R","E","R","B",null],"character_chosen":"IRONCLAD","items_purchased":["HandDrill","Brimstone","OrangePellets"],"campfire_rested":6,"item_purchase_floors":[19,36,46],"current_hp_per_floor":[80,80,80,80,80,46,24,27,27,27,27,22,22,27,51,30,80,74,74,74,74,57,22,11,51,51,27,11,52,45,36,77,27,89,51,51,51,35,18,59,59,89,89,89,83,83,83,89,89,36],"gold":32,"neow_bonus":"","is_prod":false,"is_daily":true,"chose_seed":false,"campfire_upgraded":7,"win_rate":0,"timestamp":1548651263,"path_taken":["M","?","M","?","?","E","E","M","T","R","R","?","R","M","R","BOSS","M","$","?","?","?","E","E","R","T","E","?","R","?","?","R","BOSS","M","$","?","?","?","R","R","R","T","R","?","$","R","?","R","BOSS"],"build_version":"2019-01-23","purchased_purges":3,"victory":true,"max_hp_per_floor":[80,80,80,80,80,80,80,80,80,80,80,80,80,80,80,80,80,80,80,80,80,83,86,86,86,86,89,89,89,89,89,89,89,89,89,89,89,89,89,89,89,89,89,89,89,89,89,89,89,89],"card_choices":[{"not_picked":["Iron Wave","Pommel Strike"],"picked":"Flex","floor":1},{"not_picked":["Cleave","Twin Strike"],"picked":"Rampage","floor":3},{"not_picked":["Searing Blow","Sever Soul"],"picked":"Demon Form","floor":6},{"not_picked":["Dropkick","Sever Soul"],"picked":"Headbutt","floor":7},{"not_picked":["Wild Strike","Hemokinesis","Anger"],"picked":"SKIP","floor":8},{"not_picked":["Body Slam","Entrench"],"picked":"Heavy Blade","floor":12},{"not_picked":["Evolve","Armaments"],"picked":"Battle Trance","floor":14},{"not_picked":["Reaper","Brutality"],"picked":"Feed","floor":16},{"not_picked":["Havoc+1","Twin Strike"],"picked":"Shrug It Off","floor":18},{"not_picked":["Rupture+1","Warcry","Blood for Blood"],"picked":"SKIP","floor":22},{"not_picked":["Rupture+1","Warcry","Blood for Blood"],"picked":"SKIP","floor":22},{"not_picked":["Hemokinesis","Dropkick+1","Searing Blow"],"picked":"SKIP","floor":23},{"not_picked":["Warcry","Power Through"],"picked":"Battle Trance+1","floor":24},{"not_picked":["Warcry","Bloodletting+1","Carnage+1"],"picked":"SKIP","floor":27},{"not_picked":["Dropkick+1","Metallicize+1","Cleave"],"picked":"SKIP","floor":30},{"not_picked":["Barricade","Cleave","True Grit"],"picked":"SKIP","floor":31},{"not_picked":["Pommel Strike+1","Body Slam+1","Havoc+1"],"picked":"SKIP","floor":35},{"not_picked":["Wild Strike+1","Body Slam"],"picked":"Sword Boomerang","floor":38},{"not_picked":["Flex","Pommel Strike"],"picked":"Inflame+1","floor":39},{"not_picked":["Anger+1","True Grit","Havoc+1"],"picked":"SKIP","floor":45},{"not_picked":["Immolate","Shrug It Off+1"],"picked":"Pummel","floor":48}],"player_experience":318417,"relics_obtained":[{"floor":6,"key":"Self Forming Clay"},{"floor":7,"key":"Art of War"},{"floor":9,"key":"Bottled Tornado"},{"floor":12,"key":"Oddly Smooth Stone"},{"floor":22,"key":"Regal Pillow"},{"floor":23,"key":"PreservedInsect"},{"floor":24,"key":"Lantern"},{"floor":26,"key":"Kunai"},{"floor":27,"key":"MawBank"},{"floor":28,"key":"Nilry\u0027s Codex"},{"floor":31,"key":"Tiny Chest"},{"floor":38,"key":"Happy Flower"},{"floor":39,"key":"Potion Belt"},{"floor":43,"key":"Bottled Lightning"},{"floor":48,"key":"Blood Vial"}],"event_choices":[{"damage_healed":0,"gold_gain":0,"player_choice":"2 cards matched","damage_taken":0,"max_hp_gain":0,"max_hp_loss":0,"event_name":"Match and Keep!","floor":5,"gold_loss":0,"cards_obtained":["Dramatic Entrance","Injury"]},{"damage_healed":0,"gold_gain":0,"player_choice":"Opened","damage_taken":0,"relics_obtained":["Paper Frog"],"max_hp_gain":0,"max_hp_loss":0,"event_name":"The Mausoleum","floor":20,"gold_loss":0,"cards_obtained":["Writhe"]},{"damage_healed":0,"gold_gain":0,"player_choice":"Copied","damage_taken":0,"max_hp_gain":0,"max_hp_loss":0,"event_name":"Duplicator","floor":21,"gold_loss":0,"cards_obtained":["Demon Form"]},{"damage_healed":0,"gold_gain":0,"player_choice":"Obtained Book","damage_taken":16,"max_hp_gain":0,"max_hp_loss":0,"event_name":"Cursed Tome","floor":28,"gold_loss":0},{"damage_healed":0,"gold_gain":0,"player_choice":"Bought 2 Potions","damage_taken":0,"max_hp_gain":0,"max_hp_loss":0,"event_name":"The Woman in Blue","floor":37,"gold_loss":0}],"is_beta":true,"boss_relics":[{"not_picked":["Runic Pyramid","Astrolabe"],"picked":"Black Blood"},{"not_picked":["Runic Cube","Black Star"],"picked":"Mark of Pain"}],"items_purged_floors":[2,19,36],"is_endless":false,"potions_floor_spawned":[6,8,14,18,24,31,38,48],"ascension_level":0}