{"gold_per_floor":[113,113,127,107,124,124,139,139,162,180,193,67,67,101,101,199,199,218,233,253,352,365,365,365,280,334,358,382,394,22,51,51,51],"floor_reached":33,"playtime":608,"items_purged":["Defend_R","Defend_R"],"score":269,"play_id":"17cb3466-1e87-4e89-abde-7a0d8a3816ed","local_time":"20190519215452","is_ascension_mode":false,"campfire_choices":[{"data":"Disarm","floor":6,"key":"SMITH"},{"data":"Thunderclap","floor":8,"key":"SMITH"},{"data":"Pommel Strike","floor":13,"key":"SMITH"},{"floor":15,"key":"REST"},{"floor":23,"key":"REST"},{"data":"Offering","floor":29,"key":"SMITH"},{"floor":32,"key":"REST"}],"neow_cost":"NONE","seed_source_timestamp":0,"circlet_count":0,"master_deck":["Strike_R","Strike_R","Strike_R","Strike_R","Strike_R","Defend_R","Bash","Pommel Strike+1","Disarm+1","Thunderclap+1","Shockwave","Flex","Pommel Strike","Offering+1","Disarm","Shrug It Off","Metallicize","Rage"],"relics":["Black Blood","NeowsBlessing","Regal Pillow","Vajra","Orichalcum","MawBank","Frozen Egg 2","Pear"],"potions_floor_usage":[],"damage_taken":[{"damage":0,"enemies":"2 Louse","floor":1,"turns":2},{"damage":0,"enemies":"Small Slimes","floor":3,"turns":1},{"damage":0,"enemies":"Cultist","floor":5,"turns":1},{"damage":24,"enemies":"Large Slime","floor":7,"turns":8},{"damage":14,"enemies":"3 Louse","floor":10,"turns":4},{"damage":11,"enemies":"Exordium Wildlife","floor":11,"turns":4},{"damage":17,"enemies":"Lagavulin","floor":14,"turns":5},{"damage":26,"enemies":"Slime Boss","floor":16,"turns":9},{"damage":22,"enemies":"3 Byrds","floor":18,"turns":4},{"damage":27,"enemies":"2 Thieves","floor":19,"turns":4},{"damage":24,"enemies":"Snake Plant","floor":20,"turns":3},{"damage":33,"enemies":"Shelled Parasite and Fungi","floor":22,"turns":5},{"damage":17,"enemies":"3 Cultists","floor":27,"turns":6},{"damage":10,"enemies":"Snecko","floor":28,"turns":7},{"damage":32,"enemies":"Slavers","floor":31,"turns":8},{"damage":105,"enemies":"Collector","floor":33,"turns":13}],"seed_played":"5342078618491084123","potions_obtained":[{"floor":4,"key":"Ancient Potion"},{"floor":7,"key":"Strength Potion"},{"floor":11,"key":"Ancient Potion"},{"floor":16,"key":"PowerPotion"},{"floor":18,"key":"Regen Potion"},{"floor":20,"key":"SteroidPotion"}],"is_trial":false,"path_per_floor":["M","?","M","?","M","R","M","R","T","M","M","$","R","E","R","B",null,"M","M","M","?","M","R","?","?","T","M","M","R","$","E","R","B"],"character_chosen":"IRONCLAD","items_purchased":["Pommel Strike","Rage","Frozen Egg 2"],"campfire_rested":3,"item_purchase_floors":[12,30,30],"current_hp_per_floor":[80,73,79,79,80,80,62,62,62,54,49,49,49,38,77,57,80,68,51,37,37,14,53,79,79,79,72,72,72,72,60,90,0],"gold":51,"neow_bonus":"THREE_ENEMY_KILL","is_prod":false,"is_daily":false,"chose_seed":false,"campfire_upgraded":4,"win_rate":0,"timestamp":1558324492,"path_taken":["M","?","M","?","M","R","M","R","T","M","M","$","R","E","R","BOSS","M","M","M","?","M","R","?","?","T","?","M","R","?","E","R","BOSS"],"build_version":"2019-01-23","purchased_purges":2,"victory":false,"max_hp_per_floor":[80,80,80,80,80,80,80,80,80,80,80,80,80,80,80,80,80,80,80,80,80,80,80,80,80,80,80,80,80,80,90,90,90],"card_choices":[{"not_picked":["Wild Strike","Body Slam","Ghostly Armor"],"picked":"SKIP","floor":1},{"not_picked":["Hemokinesis","Second Wind"],"picked":"Pommel Strike","floor":3},{"not_picked":["Thunderclap","Warcry"],"picked":"Disarm","floor":5},{"not_picked":["Warcry","Clash"],"picked":"Thunderclap","floor":7},{"not_picked":["Cleave","Clothesline"],"picked":"Shockwave","floor":10},{"not_picked":["Havoc","Seeing Red"],"picked":"Flex","floor":11},{"not_picked":["Heavy Blade","True Grit","Blood for Blood"],"picked":"SKIP","floor":14},{"not_picked":["Limit Break","Impervious"],"picked":"Offering","floor":16},{"not_picked":["Clash","Flex+1","Thunderclap+1"],"picked":"SKIP","floor":18},{"not_picked":["Sword Boomerang","True Grit","Havoc"],"picked":"SKIP","floor":19},{"not_picked":["Havoc+1","Clothesline"],"picked":"Disarm","floor":20},{"not_picked":["Pommel Strike","Thunderclap+1","Rampage"],"picked":"SKIP","floor":22},{"not_picked":["Sword Boomerang","Thunderclap+1"],"picked":"Shrug It Off","floor":27},{"not_picked":["Hemokinesis","Pommel Strike"],"picked":"Metallicize","floor":28},{"not_picked":["Sword Boomerang+1","Blood for Blood","Armaments+1"],"picked":"SKIP","floor":31}],"player_experience":746597,"relics_obtained":[{"floor":9,"key":"Regal Pillow"},{"floor":14,"key":"Vajra"},{"floor":26,"key":"MawBank"},{"floor":31,"key":"Pear"}],"event_choices":[{"cards_removed":["Defend_R"],"damage_healed":0,"gold_gain":0,"player_choice":"Card Removal","damage_taken":7,"max_hp_gain":0,"max_hp_loss":0,"event_name":"Golden Wing","floor":2,"gold_loss":0},{"damage_healed":0,"gold_gain":0,"player_choice":"Bought 1 Potion","damage_taken":0,"max_hp_gain":0,"max_hp_loss":0,"event_name":"The Woman in Blue","floor":4,"gold_loss":0},{"damage_healed":0,"gold_gain":99,"player_choice":"Stole From Cult","damage_taken":0,"max_hp_gain":0,"max_hp_loss":0,"event_name":"Nest","floor":21,"gold_loss":0},{"damage_healed":26,"gold_gain":0,"player_choice":"Heal","damage_taken":0,"max_hp_gain":0,"max_hp_loss":0,"event_name":"The Library","floor":24,"gold_loss":0},{"damage_healed":0,"gold_gain":0,"player_choice":"Obtained Relic","damage_taken":0,"relics_obtained":["Orichalcum"],"max_hp_gain":0,"max_hp_loss":0,"event_name":"Addict","floor":25,"gold_loss":85}],"is_beta":false,"boss_relics":[{"not_picked":["White Beast Statue","Orrery"],"picked":"Black Blood"}],"items_purged_floors":[12,30],"is_endless":false,"potions_floor_spawned":[7,11,14,16,18,20,31],"killed_by":"Collector","ascension_level":0}