{"path_per_floor":["M","?","?","?","M","R","M","M","T","$","M","R","M","M","R","B",null,"M","?","?","M","M","E","R","M","T","M","$","M","R","M","R","B",null,"M","M","?","$","M","R","M","R","T","?","R","M","T","$","R"],"character_chosen":"IRONCLAD","items_purchased":["Flex","Panache","Ornamental Fan","Apotheosis","Bag of Marbles","Paper Frog","Inflame"],"gold_per_floor":[111,111,111,286,307,307,320,333,333,26,47,47,61,80,80,201,201,221,121,165,178,203,246,246,260,335,356,16,41,41,59,59,189,189,212,237,303,107,131,131,150,150,150,483,483,493,568,34,34],"floor_reached":50,"campfire_rested":3,"playtime":2912,"current_hp_per_floor":[39,39,39,39,40,62,62,68,68,68,63,63,57,61,61,42,74,56,56,65,48,48,63,63,58,58,64,64,62,62,59,59,36,77,77,68,51,51,42,42,20,43,43,43,43,37,37,37,60],"items_purged":["Strike_R","Doubt","Defend_R"],"gold":34,"score":433,"play_id":"e6d0e925-1273-4f54-a838-43417b3a96bf","is_prod":false,"is_daily":false,"is_ascension_mode":false,"campfire_upgraded":7,"path_taken":["M","?","?","?","M","R","?","M","T","$","M","R","M","M","R","BOSS","M","?","?","?","M","E","R","M","T","?","$","M","R","M","R","BOSS","M","?","?","$","M","R","M","R","T","?","R","M","?","$","R","BOSS"],"build_version":"2018-02-15-BETA1","purchased_purges":3,"victory":false,"master_deck":["Strike_R","Bash","Shrug It Off","Whirlwind+1","Infernal Blade","Pommel Strike","Flex+1","Panache","Clash","Cleave","Pommel Strike","Offering","Pommel Strike","J.A.X.+1","Whirlwind+1","Spot Weakness","Anger","Flex+1","Rampage","Offering","Double Tap+1","Iron Wave+1","Clash+1","Heavy Blade+1","Cleave+1","Apotheosis+1","Inflame"],"max_hp_per_floor":[80,74,74,74,74,74,74,74,74,74,74,74,74,74,74,74,74,74,74,77,77,77,77,77,77,77,77,77,77,77,77,77,77,77,77,77,77,77,77,77,77,77,77,77,77,77,77,77,77],"relics":["Black Blood","Happy Flower","Red Mask","Toolbox","Mummified Hand","Ornamental Fan","Astrolabe","Charon\u0027s Ashes","Sundial","Smiling Mask","Bag of Marbles","Paper Frog"],"card_choices":[{"not_picked":["Rupture","Burning Pact"],"picked":"Shrug It Off"},{"not_picked":["Perfected Strike","Clash"],"picked":"Whirlwind"},{"not_picked":["Clash","Reaper"],"picked":"Infernal Blade"},{"not_picked":["Searing Blow","Disarm"],"picked":"Pommel Strike"},{"not_picked":["Burning Pact","Body Slam"],"picked":"Clash"},{"not_picked":["Sword Boomerang","Evolve"],"picked":"Cleave"},{"not_picked":["Wild Strike","Perfected Strike"],"picked":"Pommel Strike"},{"not_picked":["Reaper","Impervious"],"picked":"Offering"},{"not_picked":["Reckless Charge","Headbutt"],"picked":"Pommel Strike"},{"not_picked":["Headbutt","Flex"],"picked":"Whirlwind"},{"not_picked":["Intimidate","Dual Wield"],"picked":"Spot Weakness"},{"not_picked":["Impervious","Perfected Strike"],"picked":"Anger"},{"not_picked":["Whirlwind","Sword Boomerang"],"picked":"Flex"},{"not_picked":["Shrug It Off","Thunderclap"],"picked":"Rampage"},{"not_picked":["Juggernaut","Fiend Fire"],"picked":"Offering"},{"not_picked":["Anger","Corruption"],"picked":"Heavy Blade"},{"not_picked":["True Grit","Disarm"],"picked":"Cleave"}],"player_experience":45848,"potions_floor_usage":[16,18,33,41,50,50,50],"damage_taken":[{"damage":7,"enemies":"2 Louse","floor":1,"turns":3},{"damage":5,"enemies":"Jaw Worm","floor":5,"turns":5},{"damage":6,"enemies":"Cultist","floor":7,"turns":3},{"damage":0,"enemies":"Lots of Slimes","floor":8,"turns":1},{"damage":11,"enemies":"3 Louse","floor":11,"turns":2},{"damage":12,"enemies":"Blue Slaver","floor":13,"turns":2},{"damage":2,"enemies":"Large Slime","floor":14,"turns":5},{"damage":25,"enemies":"Slime Boss","floor":16,"turns":9},{"damage":28,"enemies":"Spheric Guardian","floor":18,"turns":4},{"damage":4,"enemies":"Masked Bandits","floor":20,"turns":2},{"damage":27,"enemies":"2 Thieves","floor":21,"turns":3},{"damage":10,"enemies":"Snecko","floor":22,"turns":4},{"damage":19,"enemies":"Gremlin Leader","floor":23,"turns":5},{"damage":15,"enemies":"Cultist and Chosen","floor":25,"turns":3},{"damage":4,"enemies":"Snake Plant","floor":27,"turns":1},{"damage":12,"enemies":"Centurion and Healer","floor":29,"turns":3},{"damage":13,"enemies":"Snecko","floor":31,"turns":4},{"damage":33,"enemies":"Automaton","floor":33,"turns":5},{"damage":7,"enemies":"Orb Walker","floor":35,"turns":1},{"damage":19,"enemies":"3 Shapes","floor":36,"turns":3},{"damage":27,"enemies":"Mysterious Sphere","floor":37,"turns":5},{"damage":19,"enemies":"Sphere and 2 Shapes","floor":39,"turns":2},{"damage":35,"enemies":"Spire Growth","floor":41,"turns":3},{"damage":20,"enemies":"3 Darklings","floor":46,"turns":2},{"damage":60,"enemies":"Time Eater","floor":50,"turns":6}],"event_choices":[{"event_name":"Golden Idol","player_choice":"Lose Max HP","floor":2,"damage_taken":0},{"event_name":"Bonfire Elementals","player_choice":"BASIC","floor":3,"damage_taken":0},{"event_name":"Liars Game","player_choice":"agreed","floor":4,"damage_taken":0},{"event_name":"Drug Dealer","player_choice":"Got JAXXED","floor":19,"damage_taken":0},{"event_name":"Masked Bandits","player_choice":"Fought over 121 gold","floor":20,"damage_taken":0},{"event_name":"Mysterious Sphere","player_choice":"Fight","floor":37,"damage_taken":0},{"event_name":"The Moai Head","player_choice":"Gave Idol","floor":44,"damage_taken":0}],"boss_relics":[{"not_picked":["Question Card","Cursed Key"],"picked":"Black Blood"},{"not_picked":["Runic Cube","Eternal Feather"],"picked":"Astrolabe"}],"potions_floor_spawned":[1,8,11,14,18,21,25,27,29,36,39,46],"seed_played":"-7138982920370301195","killed_by":"Time Eater","ascension_level":0,"is_trial":false}