{"path_per_floor":["M","?","?","M","T","E","M","E","T","R","M","R","$","M","R","B",null,"M","?","?","$","M","M","M","E","T","E","R","?","E","M","R","B",null,"M","$","?","M","?","M","M","M","T","M","E","M","?","$","R","B"],"character_chosen":"IRONCLAD","items_purchased":["Apotheosis","Self Forming Clay","Molten Egg 2","Bottled Flame","Champion Belt","War Paint","Anchor","Bird Faced Urn","Frozen Egg 2","Lantern"],"gold_per_floor":[144,144,144,189,189,279,324,414,414,414,459,459,17,62,62,362,362,407,322,522,22,67,112,157,247,297,387,387,387,477,522,522,822,822,867,867,867,912,912,957,1002,1047,1047,1092,1182,1227,1227,67,67,67],"floor_reached":51,"campfire_rested":6,"playtime":2934,"current_hp_per_floor":[80,80,80,80,80,56,66,46,46,70,74,80,80,80,80,67,80,80,80,80,80,80,80,80,76,76,80,80,64,60,66,80,80,80,80,80,80,80,80,79,80,77,77,80,78,80,80,80,80,68],"items_purged":[],"gold":67,"score":1024,"play_id":"0cb1bb8b-d1a3-47bc-b7e6-29d80f8ec2ee","local_time":"20180417194254","daily_mods":["Insanity","Midas","Hoarder"],"is_prod":false,"is_daily":true,"chose_seed":false,"is_ascension_mode":false,"campfire_upgraded":0,"timestamp":1523986974,"path_taken":["M","?","?","M","?","E","M","E","T","R","M","R","?","?","R","BOSS","M","?","?","$","M","M","M","E","T","E","R","?","E","M","R","BOSS","M","?","?","?","?","M","M","?","T","M","E","M","?","$","R","BOSS"],"build_version":"2018-04-16","seed_source_timestamp":0,"purchased_purges":0,"victory":true,"master_deck":["Infernal Blade","Twin Strike","Bludgeon","Heavy Blade","Fire Breathing","Pummel","Pommel Strike","Anger","Impervious","Perfected Strike","Hemokinesis","Bloodletting","Demon Form","Strike_R","Blood for Blood","Combust","Heavy Blade","Second Wind","Shockwave","Demon Form","Dropkick","Rampage","Clothesline","Twin Strike","Burning Pact","Ghostly Armor","Blood for Blood","Limit Break","Feed","Juggernaut","Demon Form","Searing Blow","Rupture","Pummel","Infernal Blade","Reaper","Havoc","Reckless Charge","Shockwave","Shockwave","Infernal Blade","Juggernaut","Headbutt","Berserk","Carnage","Infernal Blade","Fire Breathing","Shockwave","Feel No Pain","Dark Shackles","Dark Shackles+1","Dark Shackles+1","Immolate","Immolate","Immolate","Flex","Flex","Flex","Intimidate","Intimidate","Intimidate","Metallicize","Metallicize","Metallicize","Apotheosis","Apotheosis","Apotheosis","Inflame","Inflame","Offering","Offering","Offering","Pummel+1","Pummel+1","Pummel+1","Whirlwind+1","Whirlwind+1","Whirlwind+1","Battle Trance+1","Battle Trance+1","Battle Trance+1"],"max_hp_per_floor":[80,80,80,80,80,80,80,80,80,80,80,80,80,80,80,80,80,80,80,80,80,80,80,80,80,80,80,80,80,80,80,80,80,80,80,80,80,80,80,80,80,80,80,80,80,80,80,80,80,80],"relics":["Burning Blood","Toolbox","Bag of Marbles","Art of War","Thread and Needle","Self Forming Clay","Black Star","Mummified Hand","Molten Egg 2","Bottled Flame","Prayer Wheel","Orichalcum","Regal Pillow","Mercury Hourglass","Shuriken","Enchiridion","Happy Flower","Vajra","Velvet Choker","Ancient Tea Set","The Courier","Ornamental Fan","Champion Belt","War Paint","Anchor","Bird Faced Urn","Frozen Egg 2","Lantern"],"card_choices":[{"not_picked":["Perfected Strike","Thunderclap"],"picked":"Flex","floor":6},{"not_picked":["Clash","Iron Wave"],"picked":"Intimidate","floor":7},{"not_picked":["Body Slam","Flex"],"picked":"Metallicize","floor":8},{"not_picked":["Headbutt","True Grit"],"picked":"Inflame","floor":22},{"not_picked":["Dual Wield","Juggernaut"],"picked":"Offering","floor":25},{"not_picked":["Armaments","Spot Weakness"],"picked":"Pummel","floor":30},{"not_picked":["True Grit","Iron Wave"],"picked":"Whirlwind","floor":42},{"not_picked":["Blood for Blood","Evolve"],"picked":"Battle Trance","floor":45}],"player_experience":236553,"potions_floor_usage":[27,38,45],"damage_taken":[{"damage":5,"enemies":"2 Louse","floor":1,"turns":3},{"damage":4,"enemies":"Cultist","floor":4,"turns":3},{"damage":30,"enemies":"Gremlin Nob","floor":6,"turns":4},{"damage":0,"enemies":"Small Slimes","floor":7,"turns":2},{"damage":26,"enemies":"Lagavulin","floor":8,"turns":4},{"damage":2,"enemies":"Gremlin Gang","floor":11,"turns":3},{"damage":1,"enemies":"2 Fungi Beasts","floor":14,"turns":3},{"damage":19,"enemies":"The Guardian","floor":16,"turns":7},{"damage":5,"enemies":"Spheric Guardian","floor":18,"turns":3},{"damage":2,"enemies":"Chosen","floor":22,"turns":2},{"damage":6,"enemies":"Centurion and Healer","floor":23,"turns":4},{"damage":4,"enemies":"Cultist and Chosen","floor":24,"turns":4},{"damage":10,"enemies":"Slavers","floor":25,"turns":3},{"damage":5,"enemies":"Gremlin Leader","floor":27,"turns":5},{"damage":10,"enemies":"Book of Stabbing","floor":30,"turns":3},{"damage":0,"enemies":"Snake Plant","floor":31,"turns":2},{"damage":6,"enemies":"Champ","floor":33,"turns":6},{"damage":6,"enemies":"3 Shapes","floor":35,"turns":1},{"damage":1,"enemies":"3 Darklings","floor":38,"turns":2},{"damage":7,"enemies":"Maw","floor":40,"turns":4},{"damage":4,"enemies":"Flame Bruiser 2 Orb","floor":41,"turns":1},{"damage":9,"enemies":"4 Shapes","floor":42,"turns":2},{"damage":1,"enemies":"Spire Growth","floor":44,"turns":4},{"damage":8,"enemies":"Giant Head","floor":45,"turns":6},{"damage":0,"enemies":"Flame Bruiser 2 Orb","floor":46,"turns":2},{"damage":22,"enemies":"Time Eater","floor":50,"turns":7}],"event_choices":[{"event_name":"Match and Keep!","player_choice":"1 cards matched","floor":2,"damage_taken":0},{"event_name":"Transmorgrifier","player_choice":"Transform","floor":3,"damage_taken":0},{"event_name":"Addict","player_choice":"Obtained Relic","floor":19,"damage_taken":0},{"event_name":"The Joust","player_choice":"Bet on Owner","floor":20,"damage_taken":0},{"event_name":"Cursed Tome","player_choice":"Obtained Book","floor":29,"damage_taken":0},{"event_name":"Duplicator","player_choice":"Ignored","floor":39,"damage_taken":0},{"event_name":"SecretPortal","player_choice":"Rejected Portal.","floor":47,"damage_taken":0}],"boss_relics":[{"not_picked":["Eternal Feather","Black Blood"],"picked":"Black Star"},{"not_picked":["Astrolabe","Orrery"],"picked":"Velvet Choker"}],"potions_floor_spawned":[1,8,14,23,27,31,35,45],"seed_played":"5806895975017709107","ascension_level":0,"is_trial":false}