{"gold_per_floor":[362,35,35,49,199,199,210,245,292,292,292,306,322,337,337,431,431,456,456,481,235,248,248,262,12,12,12,12,12,35,50,50,148,148,168,43,43,43,66,106,125,0,0,35,59,59,98,78,78,78],"floor_reached":51,"playtime":2051,"items_purged":["Regret","Strike_G","Strike_G"],"score":1488,"play_id":"38385803-8a08-4503-be1e-68fa5cef2d09","local_time":"20190612000635","is_ascension_mode":true,"campfire_choices":[{"data":"Noxious Fumes","floor":6.0,"key":"SMITH"},{"floor":15,"key":"REST"},{"floor":23,"key":"REST"},{"data":"Neutralize","floor":27,"key":"SMITH"},{"floor":29,"key":"REST"},{"data":"Catalyst","floor":32,"key":"SMITH"},{"floor":46,"key":"REST"},{"floor":49,"key":"REST"}],"neow_cost":"CURSE","seed_source_timestamp":38935781186457,"circlet_count":0,"master_deck":["AscendersBane","Defend_G","Defend_G","Defend_G","Defend_G","Defend_G","Strike_G","Strike_G","Strike_G","Survivor","Neutralize+1","Noxious Fumes+1","All Out Attack","Backstab","Crippling Poison","Backflip","After Image","Bouncing Flask+1","PiercingWail","Blur","Crippling Poison","Leg Sweep","PiercingWail","Catalyst+1","After Image","Acrobatics+1","Madness","Madness","PiercingWail","After Image","Backflip+1","Shame","Catalyst","PiercingWail","PiercingWail"],"special_seed":0,"relics":["Ring of the Snake","Snake Skull","Omamori","Orichalcum","Vajra","Mummified Hand","Golden Idol","Sozu","Unceasing Top","Lantern","Letter Opener","Cursed Key","Kunai","Red Mask","Bottled Tornado","Smiling Mask","Shuriken"],"potions_floor_usage":[33],"damage_taken":[{"damage":8.0,"enemies":"Small Slimes","floor":1.0,"turns":4.0},{"damage":4.0,"enemies":"Jaw Worm","floor":4.0,"turns":5.0},{"damage":5.0,"enemies":"2 Louse","floor":7.0,"turns":3.0},{"damage":14.0,"enemies":"3 Sentries","floor":8.0,"turns":6.0},{"damage":0.0,"enemies":"Exordium Wildlife","floor":12.0,"turns":3.0},{"damage":2.0,"enemies":"Exordium Thugs","floor":13.0,"turns":5.0},{"damage":4,"enemies":"Red Slaver","floor":14,"turns":2},{"damage":11,"enemies":"The Guardian","floor":16,"turns":10},{"damage":5,"enemies":"Shell Parasite","floor":18,"turns":6},{"damage":8,"enemies":"3 Byrds","floor":20,"turns":4},{"damage":24,"enemies":"Cultist and Chosen","floor":22,"turns":6},{"damage":12,"enemies":"3 Cultists","floor":24,"turns":6},{"damage":0,"enemies":"Sentry and Sphere","floor":30,"turns":3},{"damage":5,"enemies":"Snecko","floor":31,"turns":5},{"damage":7,"enemies":"Collector","floor":33,"turns":7},{"damage":0,"enemies":"Orb Walker","floor":35,"turns":2},{"damage":0,"enemies":"3 Shapes","floor":39,"turns":3},{"damage":3,"enemies":"Reptomancer","floor":40,"turns":5},{"damage":0,"enemies":"Sphere and 2 Shapes","floor":41,"turns":3},{"damage":12,"enemies":"Giant Head","floor":44,"turns":7},{"damage":4,"enemies":"Maw","floor":45,"turns":7},{"damage":0,"enemies":"Nemesis","floor":47,"turns":5},{"damage":14,"enemies":"Donu and Deca","floor":50,"turns":8}],"seed_played":"713883452109355224","potions_obtained":[{"floor":1.0,"key":"Explosive Potion"},{"floor":8.0,"key":"FearPotion"},{"floor":13.0,"key":"AttackPotion"},{"floor":14,"key":"Energy Potion"}],"is_trial":false,"path_per_floor":["M","$","?","M","?","R","M","E","T","T","?","M","M","M","R","B",null,"M","?","M","$","M","R","M","$","T","R","$","R","M","M","R","B",null,"M","$","?","?","M","E","M","?","T","E","M","R","E","?","R","B",null],"character_chosen":"THE_SILENT","items_purchased":["Noxious Fumes","Snake Skull","PiercingWail","Blur","Leg Sweep","Lantern"],"campfire_rested":5,"item_purchase_floors":[2,2,21,21,25,25],"current_hp_per_floor":[51,51,46,42,42,42,37,23,23,23,23,23,21,17,36,25,56,51,51,43,43,19,38,26,26,26,26,26,45,45,40,40,33,58,58,58,46,46,46,43,43,43,43,31,27,46,46,46,65,51],"gold":78,"neow_bonus":"TWO_FIFTY_GOLD","is_prod":false,"is_daily":false,"chose_seed":false,"campfire_upgraded":3,"win_rate":0,"timestamp":1560290795,"path_taken":["M","$","?","M","?","R","M","E","T","?","?","M","M","?","R","BOSS","M","?","M","$","M","R","?","?","T","R","$","R","M","M","R","BOSS","M","?","?","?","?","E","M","?","T","E","M","R","E","?","R","BOSS"],"build_version":"2019-01-23","purchased_purges":3,"victory":true,"max_hp_per_floor":[66,66,66,66,66,66,66,66,66,66,66,66,66,66,66,66,66,66,66,66,66,66,66,66,66,66,66,66,66,66,66,66,66,66,66,66,66,66,66,66,66,66,66,66,66,66,66,66,66,66],"card_choices":[{"not_picked":["Terror","Concentrate"],"picked":"Dagger Throw","floor":1.0},{"not_picked":["Terror","Eviscerate"],"picked":"All Out Attack","floor":4.0},{"not_picked":["Poisoned Stab","Reflex","Sucker Punch"],"picked":"SKIP","floor":7.0},{"not_picked":["Dagger Spray","Setup"],"picked":"Backstab","floor":8.0},{"not_picked":["Finisher","Heel Hook","Quick Slash"],"picked":"SKIP","floor":12.0},{"not_picked":["Cloak And Dagger","Envenom"],"picked":"Crippling Poison","floor":13.0},{"not_picked":["Crippling Poison","Acrobatics"],"picked":"Backflip","floor":14},{"not_picked":["Venomology","Bullet Time"],"picked":"After Image","floor":16},{"not_picked":["Slice","Dagger Throw"],"picked":"Bouncing Flask+1","floor":18},{"not_picked":["Heel Hook+1","Outmaneuver","Slice"],"picked":"SKIP","floor":20},{"not_picked":["Predator","Blade Dance","Backstab"],"picked":"SKIP","floor":22},{"not_picked":["Outmaneuver","Acrobatics"],"picked":"Crippling Poison","floor":24},{"not_picked":["Bane","Poisoned Stab"],"picked":"PiercingWail","floor":30},{"not_picked":["Deadly Poison+1","Cloak And Dagger"],"picked":"Catalyst","floor":31},{"not_picked":["Bullet Time","Venomology"],"picked":"After Image","floor":33},{"not_picked":["Blade Dance+1","Riddle With Holes+1"],"picked":"Acrobatics+1","floor":35},{"not_picked":["Skewer","Infinite Blades"],"picked":"PiercingWail","floor":39},{"not_picked":["Prepared","Quick Slash"],"picked":"After Image","floor":40},{"not_picked":["Blur","Flying Knee+1"],"picked":"Backflip+1","floor":41},{"not_picked":["Slice","Outmaneuver+1"],"picked":"Catalyst","floor":44},{"not_picked":["Expertise","Dodge and Roll"],"picked":"PiercingWail","floor":45},{"not_picked":["Distraction","Concentrate"],"picked":"PiercingWail","floor":47}],"player_experience":746551,"relics_obtained":[{"floor":8.0,"key":"Orichalcum"},{"floor":9.0,"key":"Vajra"},{"floor":10.0,"key":"Mummified Hand"},{"floor":26,"key":"Letter Opener"},{"floor":40,"key":"Kunai"},{"floor":43,"key":"Bottled Tornado"},{"floor":44,"key":"Smiling Mask"},{"floor":47,"key":"Shuriken"}],"event_choices":[{"damage_healed":0.0,"max_hp_gain":0.0,"max_hp_loss":0.0,"gold_gain":0.0,"event_name":"Scrap Ooze","player_choice":"Success","floor":3.0,"gold_loss":0.0,"damage_taken":5.0,"relics_obtained":["Omamori"]},{"damage_healed":0.0,"max_hp_gain":0.0,"max_hp_loss":0.0,"gold_gain":150.0,"event_name":"Liars Game","player_choice":"AGREE","floor":5.0,"gold_loss":0.0,"damage_taken":0.0,"cards_obtained":["Doubt"]},{"damage_healed":0.0,"max_hp_gain":0.0,"max_hp_loss":0.0,"gold_gain":0.0,"event_name":"Golden Idol","player_choice":"Take Wound","floor":11.0,"gold_loss":0.0,"damage_taken":0.0,"relics_obtained":["Golden Idol"],"cards_obtained":["Injury"]},{"cards_removed":["Dagger Throw"],"damage_healed":0,"gold_gain":0,"player_choice":"Gave Card","damage_taken":0,"relics_obtained":["Unceasing Top"],"max_hp_gain":0,"max_hp_loss":0,"event_name":"WeMeetAgain","floor":19,"gold_loss":0},{"damage_healed":0,"gold_gain":0,"player_choice":"Embrace Madness","damage_taken":12,"max_hp_gain":0,"max_hp_loss":0,"event_name":"Winding Halls","floor":37,"gold_loss":0,"cards_obtained":["Madness","Madness"]},{"damage_healed":0,"gold_gain":0,"player_choice":"Ignored","damage_taken":0,"max_hp_gain":0,"max_hp_loss":0,"event_name":"SecretPortal","floor":38,"gold_loss":0},{"damage_healed":0,"gold_gain":0,"player_choice":"Paid","damage_taken":0,"relics_obtained":["Red Mask"],"max_hp_gain":0,"max_hp_loss":0,"event_name":"Tomb of Lord Red Mask","floor":42,"gold_loss":125},{"damage_healed":0,"gold_gain":0,"player_choice":"Bought 1 Potion","damage_taken":0,"max_hp_gain":0,"max_hp_loss":0,"event_name":"The Woman in Blue","floor":48,"gold_loss":0}],"is_beta":false,"boss_relics":[{"not_picked":["Empty Cage","Coffee Dripper"],"picked":"Sozu"},{"not_picked":["Runic Pyramid","WristBlade"],"picked":"Cursed Key"}],"items_purged_floors":[2,21,36],"is_endless":false,"potions_floor_spawned":[1,8,13,14,18,30,31,33,40,41,45],"ascension_level":17}