{"gold_per_floor":[109,139,150,162,172,5,16,16,41,76,11,25,56,67,67,169,169,189,189,189,189,208,208,208,208,208,91,119,119,138,152,152,152],"floor_reached":33,"playtime":28031,"items_purged":["Doubt"],"score":346,"play_id":"fb85aa4a-4e82-4b16-93c1-d0845d73cd0c","local_time":"20190407144925","is_ascension_mode":true,"campfire_choices":[{"data":"Chrysalis","floor":8.0,"key":"SMITH"},{"floor":15.0,"key":"REST"},{"floor":23.0,"key":"REST"},{"floor":25.0,"key":"REST"},{"floor":29.0,"key":"REST"},{"floor":32.0,"key":"REST"}],"neow_cost":"CURSE","seed_source_timestamp":992359187972920,"circlet_count":0,"master_deck":["Defend_G","Defend_G","Defend_G","Defend_G","Defend_G","Strike_G","Strike_G","Strike_G","Strike_G","Strike_G","Survivor","Neutralize","Blade Dance","Regret","Flying Knee","Skewer","Infinite Blades","Chrysalis+1","Backflip","Deflect","Catalyst","Bouncing Flask","Calculated Gamble","Envenom","Endless Agony","RitualDagger","Slice","Cloak And Dagger","Leg Sweep+1","Endless Agony+1","Deadly Poison"],"special_seed":0,"relics":["Ring of the Snake","Thread and Needle","Tiny Chest","Pen Nib","PreservedInsect","Art of War","WristBlade","The Specimen","Anchor","Nloth\u0027s Gift","MawBank","Blue Candle"],"potions_floor_usage":[33],"damage_taken":[{"damage":0.0,"enemies":"Jaw Worm","floor":1.0,"turns":8.0},{"damage":0.0,"enemies":"Cultist","floor":3.0,"turns":4.0},{"damage":5.0,"enemies":"Small Slimes","floor":4.0,"turns":4.0},{"damage":4.0,"enemies":"3 Louse","floor":5.0,"turns":4.0},{"damage":6.0,"enemies":"Red Slaver","floor":7.0,"turns":6.0},{"damage":6.0,"enemies":"Lagavulin","floor":10.0,"turns":6.0},{"damage":4.0,"enemies":"Blue Slaver","floor":12.0,"turns":5.0},{"damage":7.0,"enemies":"Gremlin Nob","floor":13.0,"turns":3.0},{"damage":10.0,"enemies":"Large Slime","floor":14.0,"turns":8.0},{"damage":5.0,"enemies":"The Guardian","floor":16.0,"turns":7.0},{"damage":27.0,"enemies":"3 Byrds","floor":18.0,"turns":5.0},{"damage":20.0,"enemies":"Chosen","floor":22.0,"turns":5.0},{"damage":20.0,"enemies":"Gremlin Leader","floor":28.0,"turns":6.0},{"damage":3.0,"enemies":"Shelled Parasite and Fungi","floor":30.0,"turns":6.0},{"damage":18.0,"enemies":"Snake Plant","floor":31.0,"turns":4.0},{"damage":65,"enemies":"Collector","floor":33,"turns":6}],"seed_played":"8389154156235276810","potions_obtained":[{"floor":1.0,"key":"FearPotion"},{"floor":5.0,"key":"Strength Potion"},{"floor":12.0,"key":"Explosive Potion"},{"floor":13.0,"key":"Regen Potion"},{"floor":16.0,"key":"Weak Potion"},{"floor":18.0,"key":"SkillPotion"},{"floor":28.0,"key":"Block Potion"},{"floor":31.0,"key":"GhostInAJar"}],"is_trial":false,"path_per_floor":["M","?","M","M","M","$","M","R","T","E","?","M","E","M","R","B",null,"M","T","?","?","M","R","?","R","T","$","E","R","M","M","R","B"],"character_chosen":"THE_SILENT","items_purchased":["Chrysalis","Cloak And Dagger"],"campfire_rested":5,"item_purchase_floors":[6,27],"current_hp_per_floor":[70,70,70,65,61,61,55,55,55,49,49,45,38,43,64,59,67,40,40,34,34,14,35,35,56,56,56,36,57,54,36,57,0],"gold":152,"neow_bonus":"ONE_RARE_RELIC","is_prod":false,"is_daily":false,"chose_seed":false,"campfire_upgraded":1,"win_rate":0,"timestamp":1554612565,"path_taken":["M","?","M","M","M","$","M","R","T","E","?","M","E","M","R","BOSS","M","?","?","?","M","R","?","R","T","$","E","R","?","M","R","BOSS"],"build_version":"2019-01-23","purchased_purges":1,"victory":false,"max_hp_per_floor":[70,70,70,70,70,70,70,70,70,70,70,70,70,70,70,70,70,70,70,70,70,70,70,70,70,70,70,70,70,70,70,70,70],"card_choices":[{"not_picked":["Prepared","Expertise"],"picked":"Blade Dance","floor":1.0},{"not_picked":["PiercingWail","Outmaneuver"],"picked":"Flying Knee","floor":3.0},{"not_picked":["Venomology","All Out Attack"],"picked":"Skewer","floor":4.0},{"not_picked":["Outmaneuver","Cloak And Dagger"],"picked":"Infinite Blades","floor":5.0},{"not_picked":["Flying Knee","Concentrate"],"picked":"Backflip","floor":7.0},{"not_picked":["Escape Plan","Sucker Punch"],"picked":"Deflect","floor":10.0},{"not_picked":["Blur","Poisoned Stab"],"picked":"Catalyst","floor":12.0},{"not_picked":["Blade Dance","Sucker Punch"],"picked":"Bouncing Flask","floor":13.0},{"not_picked":["Venomology","Backflip"],"picked":"Calculated Gamble","floor":14.0},{"not_picked":["Die Die Die","Malaise"],"picked":"Envenom","floor":16.0},{"not_picked":["Dagger Throw+1","Expertise"],"picked":"Endless Agony","floor":18.0},{"not_picked":["Masterful Stab","Finisher"],"picked":"Slice","floor":22.0},{"not_picked":["Wraith Form v2","Backflip+1"],"picked":"Leg Sweep+1","floor":28.0},{"not_picked":["Deflect+1","Cloak And Dagger"],"picked":"Endless Agony+1","floor":30.0},{"not_picked":["Concentrate+1","PiercingWail"],"picked":"Deadly Poison","floor":31.0}],"player_experience":1182774,"relics_obtained":[{"floor":9.0,"key":"Pen Nib"},{"floor":10.0,"key":"PreservedInsect"},{"floor":13.0,"key":"Art of War"},{"floor":19.0,"key":"The Specimen"},{"floor":26.0,"key":"MawBank"},{"floor":28.0,"key":"Blue Candle"}],"event_choices":[{"damage_healed":0.0,"max_hp_gain":0.0,"max_hp_loss":0.0,"gold_gain":0.0,"event_name":"Big Fish","player_choice":"Box","floor":2.0,"gold_loss":0.0,"damage_taken":0.0,"relics_obtained":["Tiny Chest"],"cards_obtained":["Regret"]},{"damage_healed":0.0,"max_hp_gain":0.0,"max_hp_loss":0.0,"gold_gain":0.0,"event_name":"WeMeetAgain","player_choice":"Paid Gold","floor":11.0,"gold_loss":65.0,"damage_taken":0.0,"relics_obtained":["The Courier"]},{"damage_healed":0.0,"max_hp_gain":0.0,"max_hp_loss":0.0,"gold_gain":0.0,"event_name":"Nest","player_choice":"Joined the Cult","floor":20.0,"gold_loss":0.0,"damage_taken":6.0,"cards_obtained":["RitualDagger"]},{"damage_healed":0.0,"max_hp_gain":0.0,"max_hp_loss":0.0,"gold_gain":0.0,"event_name":"The Mausoleum","player_choice":"Opened","floor":21.0,"gold_loss":0.0,"damage_taken":0.0,"relics_obtained":["Anchor"]},{"damage_healed":0.0,"max_hp_gain":0.0,"max_hp_loss":0.0,"gold_gain":0.0,"event_name":"N\u0027loth","player_choice":"Traded Relic","floor":24.0,"relics_lost":["The Courier"],"gold_loss":0.0,"damage_taken":0.0,"relics_obtained":["Nloth\u0027s Gift"]}],"is_beta":false,"boss_relics":[{"not_picked":["Ectoplasm","Snecko Eye"],"picked":"WristBlade"}],"items_purged_floors":[27],"is_endless":false,"potions_floor_spawned":[1,5,12,13,16,18,28,31],"killed_by":"Collector","ascension_level":5}