{"gold_per_floor":[118,118,137,157,157,191,210,210,235,235,267,267,277,296,296,370,370,380,397,408,426,526,561,561,56,56,56,56,73,73,73,73,148,148,167,184,84,84,129,457,290,323,347,347,361,374,374,374,374,374],"floor_reached":51,"playtime":2950,"items_purged":["Strike_G","Normality"],"score":1378,"play_id":"6daea0a3-73e6-448a-b439-796d6e83636e","local_time":"20190515123234","is_ascension_mode":true,"campfire_choices":[{"floor":8.0,"key":"REST"},{"data":"Dash","floor":10.0,"key":"SMITH"},{"data":"Footwork","floor":12.0,"key":"SMITH"},{"data":"Underhanded Strike","floor":15.0,"key":"SMITH"},{"data":"Tactician","floor":24.0,"key":"SMITH"},{"floor":28.0,"key":"REST"},{"data":"Reflex","floor":30.0,"key":"SMITH"},{"data":"Underhanded Strike","floor":32.0,"key":"SMITH"},{"floor":44,"key":"REST"},{"data":"Reflex","floor":47,"key":"SMITH"},{"data":"Crippling Poison","floor":49,"key":"SMITH"}],"neow_cost":"NONE","seed_source_timestamp":1769201827015019,"circlet_count":0,"master_deck":["AscendersBane","Defend_G","Defend_G","Defend_G","Defend_G","Strike_G","Strike_G","Strike_G","Survivor","Neutralize","Dagger Spray","Underhanded Strike+1","Underhanded Strike+1","Underhanded Strike","Dash+1","Acrobatics","Footwork+1","Reflex+1","Underhanded Strike","Night Terror","Underhanded Strike","Tactician+1","Unload","Caltrops","Acrobatics+1","Phantasmal Killer","Blur","Dash+1","Crippling Poison+1","Acrobatics+1","Night Terror","Reflex+1","Injury","Acrobatics"],"special_seed":0,"relics":["Snecko Eye","Oddly Smooth Stone","Bag of Marbles","Snake Skull","Bag of Preparation","Cursed Key","Thread and Needle","Bottled Lightning","Strawberry","Prayer Wheel","Bottled Flame","Runic Pyramid","Tough Bandages","Old Coin","Gremlin Horn","Regal Pillow"],"potions_floor_usage":[50,50],"damage_taken":[{"damage":2.0,"enemies":"2 Louse","floor":1.0,"turns":3.0},{"damage":0.0,"enemies":"Small Slimes","floor":3.0,"turns":3.0},{"damage":0.0,"enemies":"Jaw Worm","floor":4.0,"turns":4.0},{"damage":25.0,"enemies":"Gremlin Nob","floor":6.0,"turns":5.0},{"damage":0.0,"enemies":"2 Fungi Beasts","floor":7.0,"turns":3.0},{"damage":10.0,"enemies":"3 Sentries","floor":11.0,"turns":8.0},{"damage":0.0,"enemies":"Looter","floor":13.0,"turns":2.0},{"damage":0.0,"enemies":"Exordium Wildlife","floor":14.0,"turns":3.0},{"damage":3.0,"enemies":"The Guardian","floor":16.0,"turns":12.0},{"damage":0.0,"enemies":"Shell Parasite","floor":18.0,"turns":3.0},{"damage":7.0,"enemies":"2 Thieves","floor":19.0,"turns":3.0},{"damage":5.0,"enemies":"Sentry and Sphere","floor":20.0,"turns":6.0},{"damage":0.0,"enemies":"Snake Plant","floor":21.0,"turns":2.0},{"damage":1.0,"enemies":"Colosseum Slavers","floor":22.0,"turns":3.0},{"damage":0.0,"enemies":"Colosseum Nobs","floor":22.0,"turns":2.0},{"damage":6.0,"enemies":"Gremlin Leader","floor":23.0,"turns":6.0},{"damage":15.0,"enemies":"Cultist and Chosen","floor":29.0,"turns":5.0},{"damage":27.0,"enemies":"Automaton","floor":33.0,"turns":12.0},{"damage":0.0,"enemies":"3 Shapes","floor":35.0,"turns":2.0},{"damage":0.0,"enemies":"Orb Walker","floor":36.0,"turns":3.0},{"damage":13.0,"enemies":"2 Orb Walkers","floor":39.0,"turns":5.0},{"damage":21.0,"enemies":"Giant Head","floor":40.0,"turns":9.0},{"damage":0.0,"enemies":"Reptomancer","floor":42.0,"turns":2.0},{"damage":0,"enemies":"Jaw Worm Horde","floor":45,"turns":2},{"damage":0,"enemies":"4 Shapes","floor":46,"turns":6},{"damage":37,"enemies":"Donu and Deca","floor":50,"turns":8}],"seed_played":"4643328924014296708","potions_obtained":[{"floor":7.0,"key":"SkillPotion"},{"floor":11.0,"key":"Ancient Potion"},{"floor":16.0,"key":"Fire Potion"},{"floor":19.0,"key":"Swift Potion"},{"floor":21.0,"key":"Poison Potion"},{"floor":29.0,"key":"FearPotion"}],"is_trial":false,"path_per_floor":["M","?","M","M","?","E","M","R","T","R","E","R","M","M","R","B",null,"M","M","M","M","?","E","R","$","T","?","R","M","R","$","R","B",null,"M","M","$","?","?","E","$","E","T","R","M","M","R","?","R","B",null],"character_chosen":"THE_SILENT","items_purchased":["Prayer Wheel","Caltrops","Night Terror"],"campfire_rested":3,"item_purchase_floors":[25,25,41],"current_hp_per_floor":[57,52,52,52,52,27,27,46,46,46,36,36,36,36,36,33,58,58,51,46,46,45,46,46,46,46,25,48,33,33,33,33,6,60,60,60,60,60,47,26,26,26,26,63,63,63,63,63,63,26],"gold":374,"neow_bonus":"BOSS_RELIC","is_prod":false,"is_daily":false,"chose_seed":false,"campfire_upgraded":8,"win_rate":0,"timestamp":1557945154,"path_taken":["M","?","M","M","?","E","M","R","T","R","E","R","M","M","R","BOSS","M","M","M","M","?","E","R","$","T","?","R","M","R","$","R","BOSS","M","M","$","?","?","E","$","E","T","R","M","M","R","?","R","BOSS"],"build_version":"2019-01-23","purchased_purges":2,"victory":true,"max_hp_per_floor":[66,66,66,66,66,66,66,66,66,66,66,66,66,66,66,66,66,66,66,66,66,66,73,73,73,73,78,78,78,78,78,78,78,78,78,78,78,74,74,74,74,74,74,74,74,74,74,74,74,74],"card_choices":[{"not_picked":["Flying Knee","Quick Slash"],"picked":"Dagger Spray","floor":1.0},{"not_picked":["Dagger Spray","Blade Dance"],"picked":"Underhanded Strike","floor":3.0},{"not_picked":["Dagger Spray","Prepared"],"picked":"Underhanded Strike","floor":4.0},{"not_picked":["Backflip","Flechettes"],"picked":"Dash","floor":6.0},{"not_picked":["Glass Knife","Well Laid Plans"],"picked":"Acrobatics","floor":7.0},{"not_picked":["Endless Agony","Finisher"],"picked":"Footwork","floor":11.0},{"not_picked":["Well Laid Plans","Blade Dance"],"picked":"Reflex","floor":13.0},{"not_picked":["Skewer","Bane"],"picked":"Underhanded Strike","floor":14.0},{"not_picked":["Die Die Die","A Thousand Cuts"],"picked":"Night Terror","floor":16.0},{"not_picked":["Bane","Poisoned Stab"],"picked":"Underhanded Strike","floor":18.0},{"not_picked":["Quick Slash","Prepared","Cloak And Dagger"],"picked":"SKIP","floor":19.0},{"not_picked":["Quick Slash","Prepared","Cloak And Dagger"],"picked":"SKIP","floor":19.0},{"not_picked":["Bane","Burst","Deflect"],"picked":"SKIP","floor":20.0},{"not_picked":["Underhanded Strike","Blade Dance"],"picked":"Tactician","floor":21.0},{"not_picked":["All Out Attack","Deadly Poison"],"picked":"Unload","floor":23.0},{"not_picked":["Dagger Spray","Bane"],"picked":"Acrobatics+1","floor":29.0},{"not_picked":["Poisoned Stab","Prepared","Grand Finale"],"picked":"SKIP","floor":29.0},{"not_picked":["Corpse Explosion","Storm of Steel"],"picked":"Phantasmal Killer","floor":33.0},{"not_picked":["Dodge and Roll","Outmaneuver+1"],"picked":"Blur","floor":35.0},{"not_picked":["Flying Knee","Quick Slash","Poisoned Stab+1"],"picked":"SKIP","floor":35.0},{"not_picked":["Caltrops+1","Bouncing Flask"],"picked":"Dash+1","floor":36.0},{"not_picked":["Backflip","Flying Knee","Noxious Fumes"],"picked":"SKIP","floor":36.0},{"not_picked":["Poisoned Stab","Flying Knee"],"picked":"Crippling Poison","floor":39.0},{"not_picked":["Deadly Poison+1","Noxious Fumes"],"picked":"Acrobatics+1","floor":40.0},{"not_picked":["Backflip","Blade Dance"],"picked":"Reflex","floor":42.0},{"not_picked":["Cloak And Dagger","Storm of Steel","Finisher"],"picked":"SKIP","floor":45},{"not_picked":["PiercingWail","Dodge and Roll+1","Poisoned Stab+1"],"picked":"SKIP","floor":45},{"not_picked":["Flying Knee","Setup"],"picked":"Acrobatics","floor":46},{"not_picked":["Caltrops","Cloak And Dagger+1","Sucker Punch"],"picked":"SKIP","floor":46}],"player_experience":907257,"relics_obtained":[{"floor":6.0,"key":"Bag of Marbles"},{"floor":9.0,"key":"Snake Skull"},{"floor":11.0,"key":"Bag of Preparation"},{"floor":22.0,"key":"Thread and Needle"},{"floor":22.0,"key":"Bottled Lightning"},{"floor":23.0,"key":"Strawberry"},{"floor":26.0,"key":"Bottled Flame"},{"floor":39.0,"key":"Tough Bandages"},{"floor":40.0,"key":"Old Coin"},{"floor":42.0,"key":"Gremlin Horn"},{"floor":43,"key":"Regal Pillow"}],"event_choices":[{"damage_healed":0.0,"max_hp_gain":0.0,"max_hp_loss":0.0,"gold_gain":0.0,"event_name":"Scrap Ooze","player_choice":"Success","floor":2.0,"gold_loss":0.0,"damage_taken":5.0,"relics_obtained":["Oddly Smooth Stone"]},{"damage_healed":0.0,"max_hp_gain":0.0,"max_hp_loss":0.0,"gold_gain":0.0,"cards_transformed":["Strike_G"],"event_name":"Living Wall","player_choice":"Change","floor":5.0,"gold_loss":0.0,"damage_taken":0.0,"cards_obtained":["Underhanded Strike"]},{"damage_healed":0.0,"max_hp_gain":0.0,"max_hp_loss":0.0,"gold_gain":0.0,"event_name":"Colosseum","player_choice":"Fight","floor":22.0,"gold_loss":0.0,"damage_taken":0.0},{"damage_healed":0.0,"max_hp_gain":0.0,"max_hp_loss":0.0,"gold_gain":0.0,"event_name":"Colosseum","player_choice":"Fought Nobs","floor":22.0,"gold_loss":0.0,"damage_taken":0.0},{"damage_healed":0.0,"max_hp_gain":5.0,"max_hp_loss":0.0,"gold_gain":0.0,"event_name":"Forgotten Altar","player_choice":"Shed Blood","floor":27.0,"gold_loss":0.0,"damage_taken":26.0},{"damage_healed":0.0,"max_hp_gain":0.0,"max_hp_loss":4.0,"gold_gain":0.0,"event_name":"Winding Halls","player_choice":"Max HP","floor":38.0,"gold_loss":0.0,"damage_taken":0.0},{"damage_healed":0.0,"max_hp_gain":0.0,"max_hp_loss":0.0,"gold_gain":0.0,"event_name":"Mysterious Sphere","player_choice":"Fight","floor":39.0,"gold_loss":0.0,"damage_taken":0.0},{"cards_removed":["Defend_G"],"damage_healed":0,"gold_gain":0,"player_choice":"Removed Skill","damage_taken":0,"max_hp_gain":0,"max_hp_loss":0,"event_name":"Falling","floor":48,"gold_loss":0}],"is_beta":false,"boss_relics":[{"not_picked":["Ectoplasm","Fusion Hammer"],"picked":"Cursed Key"},{"not_picked":["White Beast Statue","Astrolabe"],"picked":"Runic Pyramid"}],"items_purged_floors":[25,37],"is_endless":false,"potions_floor_spawned":[7,11,13,16,19,21,22,23,29,35,36,42,46],"ascension_level":16}