{"gold_per_floor":[149,51,71,71,89,89,89,89,171,196,196,213,213,213,213,317,317,306,306,320,320,320],"floor_reached":22,"playtime":75626,"items_purged":[],"score":311,"play_id":"0d0ef3c7-a967-41a8-bf29-de7fbc705f17","local_time":"20190520144601","is_ascension_mode":true,"campfire_choices":[{"data":"Setup","floor":6.0,"key":"SMITH"},{"data":"Enlightenment","floor":8.0,"key":"SMITH"},{"data":"Leg Sweep","floor":11.0,"key":"SMITH"},{"data":"Predator","floor":13.0,"key":"SMITH"},{"data":"Dagger Throw","floor":15.0,"key":"SMITH"}],"neow_cost":"NONE","seed_source_timestamp":144717709318774,"circlet_count":0,"master_deck":["Defend_G","Defend_G","Defend_G","Defend_G","Defend_G","Strike_G","Strike_G","Strike_G","Strike_G","Survivor","Neutralize","Predator+1","Enlightenment+1","Setup+1","Leg Sweep+1","Dagger Throw+1","After Image","Decay","Doubt","Flying Knee+1","Prepared+1","After Image"],"special_seed":0,"relics":["Ring of the Snake","Tiny Chest","Tough Bandages","Singing Bowl","Anchor","Calling Bell","Incense Burner","Matryoshka","Bag of Marbles"],"potions_floor_usage":[],"damage_taken":[{"damage":3.0,"enemies":"Jaw Worm","floor":1.0,"turns":6.0},{"damage":0.0,"enemies":"Small Slimes","floor":3.0,"turns":3.0},{"damage":0.0,"enemies":"Cultist","floor":5.0,"turns":3.0},{"damage":7.0,"enemies":"Large Slime","floor":12.0,"turns":9.0},{"damage":0.0,"enemies":"The Guardian","floor":16.0,"turns":16.0},{"damage":0.0,"enemies":"2 Thieves","floor":18.0,"turns":4.0},{"damage":15,"enemies":"3 Byrds","floor":20,"turns":10},{"damage":51,"enemies":"Snecko","floor":22,"turns":8}],"seed_played":"-9185622451130943470","potions_obtained":[{"floor":1.0,"key":"GamblersBrew"},{"floor":3.0,"key":"GhostInAJar"}],"is_trial":false,"path_per_floor":["M","$","M","?","M","R","?","R","T","T","R","M","R","?","R","B",null,"M","?","M","?","M"],"character_chosen":"THE_SILENT","items_purchased":["Enlightenment"],"campfire_rested":0,"item_purchase_floors":[2],"current_hp_per_floor":[60,60,60,53,53,53,50,50,50,50,50,43,43,43,43,43,63,63,63,48,48,0],"gold":320,"neow_bonus":"RANDOM_COMMON_RELIC","is_prod":false,"is_daily":false,"chose_seed":false,"campfire_upgraded":5,"win_rate":0,"timestamp":1558327561,"path_taken":["M","$","M","?","M","R","?","R","T","?","R","M","R","?","R","BOSS","M","?","M","?","M"],"build_version":"2019-01-23","purchased_purges":0,"victory":false,"max_hp_per_floor":[70,70,70,70,70,70,70,70,70,70,70,70,70,70,70,70,70,70,70,70,70,70],"card_choices":[{"not_picked":["Outmaneuver","Skewer"],"picked":"Predator","floor":1.0},{"not_picked":["Prepared","Backflip"],"picked":"Setup","floor":3.0},{"not_picked":["Finisher","Outmaneuver"],"picked":"Leg Sweep","floor":5.0},{"not_picked":["Backflip","Predator"],"picked":"Dagger Throw","floor":12.0},{"not_picked":["Malaise","Grand Finale"],"picked":"After Image","floor":16.0},{"not_picked":["Acrobatics+1","Quick Slash"],"picked":"Flying Knee+1","floor":18.0},{"not_picked":["Dagger Throw","Outmaneuver"],"picked":"Prepared+1","floor":20}],"player_experience":1773490,"relics_obtained":[{"floor":9.0,"key":"Singing Bowl"},{"floor":10.0,"key":"Anchor"},{"floor":17.0,"key":"Incense Burner"},{"floor":17.0,"key":"Matryoshka"},{"floor":17.0,"key":"Bag of Marbles"}],"event_choices":[{"cards_removed":["Strike_G"],"damage_healed":0.0,"max_hp_gain":0.0,"max_hp_loss":0.0,"gold_gain":0.0,"event_name":"Golden Wing","player_choice":"Card Removal","floor":4.0,"gold_loss":0.0,"damage_taken":7.0},{"damage_healed":0.0,"max_hp_gain":0.0,"max_hp_loss":0.0,"gold_gain":0.0,"event_name":"Scrap Ooze","player_choice":"Success","floor":7.0,"gold_loss":0.0,"damage_taken":3.0,"relics_obtained":["Tough Bandages"]},{"damage_healed":0.0,"max_hp_gain":0.0,"max_hp_loss":0.0,"gold_gain":0.0,"event_name":"Shining Light","player_choice":"Ignored","floor":14.0,"gold_loss":0.0,"damage_taken":0.0},{"cards_removed":["Normality"],"damage_healed":0.0,"max_hp_gain":0.0,"max_hp_loss":0.0,"gold_gain":0.0,"event_name":"Back to Basics","player_choice":"Elegance","floor":19.0,"gold_loss":0.0,"damage_taken":0.0},{"damage_healed":0,"gold_gain":0,"player_choice":"Copied","damage_taken":0,"max_hp_gain":0,"max_hp_loss":0,"event_name":"Duplicator","floor":21,"gold_loss":0,"cards_obtained":["After Image"]}],"is_beta":false,"boss_relics":[{"not_picked":["Runic Pyramid","Philosopher\u0027s Stone"],"picked":"Calling Bell"}],"items_purged_floors":[],"is_endless":false,"potions_floor_spawned":[1,3],"killed_by":"Snecko","ascension_level":8}