{"gold_per_floor":[113,113,113,134,309,348,348,33,102,102,120,140,140,164,164,283,283,308,308],"floor_reached":19,"playtime":1356,"items_purged":["Doubt"],"score":211,"play_id":"fa2aade3-a0d7-44f9-abf9-24bbd1505a9a","local_time":"20190202004156","is_ascension_mode":true,"campfire_choices":[{"data":"Reinforced Body","floor":7,"key":"SMITH"},{"data":"Buffer","floor":13,"key":"SMITH"},{"data":"Consume","floor":15,"key":"SMITH"}],"neow_cost":"NONE","seed_source_timestamp":285348925453732,"circlet_count":0,"master_deck":["Strike_B+1","Strike_B","Strike_B+1","Strike_B","Defend_B","Defend_B","Defend_B","Defend_B","Zap","Dualcast","Melter","Tempest","Reinforced Body+1","Loop","Buffer+1","Rebound","Consume+1","Amplify","Self Repair"],"relics":["Cracked Core","NeowsBlessing","Calipers","Golden Idol","Whetstone","Chemical X","Pear","Inserter"],"potions_floor_usage":[12,19],"damage_taken":[{"damage":0,"enemies":"2 Louse","floor":1,"turns":1},{"damage":0,"enemies":"Small Slimes","floor":4,"turns":1},{"damage":0,"enemies":"3 Sentries","floor":6,"turns":1},{"damage":0,"enemies":"Cultist","floor":11,"turns":2},{"damage":10,"enemies":"Lots of Slimes","floor":12,"turns":3},{"damage":0,"enemies":"Exordium Wildlife","floor":14,"turns":2},{"damage":22,"enemies":"Slime Boss","floor":16,"turns":10},{"damage":22,"enemies":"2 Thieves","floor":18,"turns":4},{"damage":79,"enemies":"3 Byrds","floor":19,"turns":5}],"seed_played":"-2913291556444396096","potions_obtained":[{"floor":1,"key":"Fire Potion"},{"floor":6,"key":"Regen Potion"},{"floor":12,"key":"Dexterity Potion"},{"floor":16,"key":"Dexterity Potion"}],"is_trial":false,"path_per_floor":["M","?","?","M","?","E","R","$","T","?","M","M","R","M","R","B",null,"M","M"],"character_chosen":"DEFECT","items_purchased":["Chemical X","Loop"],"campfire_rested":0,"item_purchase_floors":[8,8],"current_hp_per_floor":[75,68,68,68,68,68,68,68,78,78,78,68,68,68,68,46,85,63,0],"gold":308,"neow_bonus":"THREE_ENEMY_KILL","is_prod":false,"is_daily":false,"chose_seed":false,"campfire_upgraded":3,"win_rate":0,"timestamp":1549028516,"path_taken":["M","?","?","M","?","E","R","$","T","?","M","?","R","M","R","BOSS","M","M"],"build_version":"2019-01-23","purchased_purges":1,"victory":false,"max_hp_per_floor":[75,75,75,75,75,75,75,75,85,85,85,85,85,85,85,85,85,85,85],"card_choices":[{"not_picked":["Recycle","Turbo"],"picked":"Melter","floor":1},{"not_picked":["Hologram","Go for the Eyes"],"picked":"Tempest","floor":4},{"not_picked":["Turbo","Redo"],"picked":"Reinforced Body","floor":6},{"not_picked":["Genetic Algorithm","Hologram"],"picked":"Buffer","floor":11},{"not_picked":["Hologram","Chill"],"picked":"Rebound","floor":12},{"not_picked":["Chaos","Aggregate"],"picked":"Consume","floor":14},{"not_picked":["Fission","Creative AI"],"picked":"Amplify","floor":16},{"not_picked":["Sweeping Beam","Reprogram+1"],"picked":"Self Repair","floor":18}],"player_experience":215044,"relics_obtained":[{"floor":6,"key":"Whetstone"},{"floor":9,"key":"Pear"}],"event_choices":[{"damage_healed":0,"gold_gain":0,"player_choice":"Success","damage_taken":7,"relics_obtained":["Calipers"],"max_hp_gain":0,"max_hp_loss":0,"event_name":"Scrap Ooze","floor":2,"gold_loss":0},{"damage_healed":0,"gold_gain":0,"player_choice":"Take Wound","damage_taken":0,"relics_obtained":["Golden Idol"],"max_hp_gain":0,"max_hp_loss":0,"event_name":"Golden Idol","floor":3,"gold_loss":0,"cards_obtained":["Injury"]},{"damage_healed":0,"gold_gain":175,"player_choice":"AGREE","damage_taken":0,"max_hp_gain":0,"max_hp_loss":0,"event_name":"Liars Game","floor":5,"gold_loss":0,"cards_obtained":["Doubt"]},{"cards_removed":["Injury"],"damage_healed":0,"gold_gain":0,"player_choice":"Purged","damage_taken":0,"max_hp_gain":0,"max_hp_loss":0,"event_name":"Purifier","floor":10,"gold_loss":0}],"is_beta":false,"boss_relics":[{"not_picked":["Black Star","Philosopher\u0027s Stone"],"picked":"Inserter"}],"items_purged_floors":[8],"is_endless":false,"potions_floor_spawned":[1,6,12,16],"killed_by":"3 Byrds","ascension_level":2}