{"gold_per_floor":[110,110,160,176,176,188,231,243,280,323,335,379,391,363,375,459,471,494,6,26,40,0,0,35,53,53,53,53,71,82,111,111,183,183,201,201,76,88,5,5,35,35],"floor_reached":42,"playtime":1453,"items_purged":["Strike_B","Regret"],"score":884,"play_id":"de97f926-7e2e-47f8-bdf9-3120da05206d","local_time":"20190611000241","is_ascension_mode":true,"campfire_choices":[{"data":"Zap","floor":6,"key":"SMITH"},{"data":"Dualcast","floor":8,"key":"SMITH"},{"floor":11,"key":"REST"},{"floor":13,"key":"REST"},{"data":"White Noise","floor":15,"key":"SMITH"},{"data":"Rip and Tear","floor":23,"key":"SMITH"},{"data":"Barrage","floor":27,"key":"SMITH"},{"data":"Force Field","floor":32,"key":"SMITH"},{"data":"Stack","floor":40,"key":"SMITH"}],"neow_cost":"NONE","seed_source_timestamp":120682651943349,"circlet_count":0,"master_deck":["AscendersBane","Strike_B","Strike_B","Strike_B","Defend_B","Defend_B","Defend_B","Defend_B","Zap+1","Dualcast+1","Electrodynamics","Sweeping Beam","White Noise+1","Static Discharge+1","Electrodynamics+1","Capacitor+1","Capacitor+1","Turbo","Conserve Battery","Force Field+1","Rip and Tear+1","Self Repair+1","Barrage+1","Stack+1","Meteor Strike","Conserve Battery","Rainbow","Barrage+1","Cold Snap","Cold Snap","Loop+1"],"relics":["FrozenCore","NeowsBlessing","Anchor","MawBank","Bronze Scales","Centennial Puzzle","Vajra","Frozen Egg 2","Cursed Key","Orichalcum","Happy Flower","Pen Nib","Strawberry","NlothsMask","Mummified Hand","Dodecahedron"],"potions_floor_usage":[10,12,16,16,24,29,31],"damage_taken":[{"damage":0,"enemies":"2 Louse","floor":1,"turns":1},{"damage":0,"enemies":"Cultist","floor":4,"turns":1},{"damage":0,"enemies":"Gremlin Nob","floor":7,"turns":1},{"damage":15,"enemies":"Lagavulin","floor":10,"turns":6},{"damage":22,"enemies":"Gremlin Nob","floor":12,"turns":3},{"damage":6,"enemies":"Hexaghost","floor":16,"turns":9},{"damage":0,"enemies":"3 Byrds","floor":18,"turns":2},{"damage":4,"enemies":"Shell Parasite","floor":20,"turns":4},{"damage":0,"enemies":"3 Cultists","floor":21,"turns":3},{"damage":15,"enemies":"Slavers","floor":24,"turns":4},{"damage":21,"enemies":"Chosen and Byrds","floor":25,"turns":5},{"damage":3,"enemies":"Centurion and Healer","floor":29,"turns":3},{"damage":13,"enemies":"Snake Plant","floor":30,"turns":3},{"damage":5,"enemies":"Gremlin Leader","floor":31,"turns":5},{"damage":42,"enemies":"Champ","floor":33,"turns":11},{"damage":0,"enemies":"3 Shapes","floor":35,"turns":3},{"damage":23,"enemies":"3 Darklings","floor":38,"turns":3},{"damage":59,"enemies":"Giant Head","floor":41,"turns":9},{"damage":12,"enemies":"Spire Growth","floor":42,"turns":2}],"seed_played":"8553554115704042397","potions_obtained":[{"floor":4,"key":"Poison Potion"},{"floor":7,"key":"Energy Potion"},{"floor":12,"key":"Ancient Potion"},{"floor":14,"key":"SpeedPotion"},{"floor":18,"key":"Block Potion"},{"floor":21,"key":"LiquidBronze"},{"floor":25,"key":"PowerPotion"},{"floor":29,"key":"Ancient Potion"},{"floor":38,"key":"Ancient Potion"}],"is_trial":false,"path_per_floor":["M","?","?","M","T","R","E","R","T","E","R","E","R","?","R","B",null,"M","$","M","M","$","R","E","M","T","R","?","M","M","E","R","B",null,"M","?","$","M","$","R","E","M"],"character_chosen":"DEFECT","items_purchased":["Orichalcum","Capacitor+1","Happy Flower","Turbo","Rip and Tear","Cold Snap","Loop+1","PowerPotion"],"campfire_rested":2,"item_purchase_floors":[19,19,19,19,22,37,39,39],"current_hp_per_floor":[64,38,38,38,38,38,38,38,38,23,44,22,43,43,43,37,63,63,63,59,59,59,59,44,33,40,40,40,47,44,49,49,17,63,73,73,73,60,60,60,11,0],"gold":35,"neow_bonus":"THREE_ENEMY_KILL","is_prod":false,"is_daily":false,"chose_seed":false,"campfire_upgraded":7,"win_rate":0,"timestamp":1560204161,"path_taken":["M","?","?","?","?","R","E","R","T","E","R","E","R","?","R","BOSS","M","$","?","M","?","R","E","M","T","R","?","?","M","E","R","BOSS","M","?","?","M","$","R","E","M"],"build_version":"2019-01-23","purchased_purges":2,"victory":false,"max_hp_per_floor":[71,71,71,71,71,71,71,71,71,71,71,71,71,71,71,71,71,71,71,71,71,71,71,71,71,78,78,78,78,78,78,78,78,78,78,78,78,78,78,78,78,78],"card_choices":[{"not_picked":["Rebound","Turbo","Lockon"],"picked":"SKIP","floor":1},{"not_picked":["Turbo","Genetic Algorithm"],"picked":"Electrodynamics","floor":4},{"not_picked":["Streamline","Turbo"],"picked":"Sweeping Beam","floor":7},{"not_picked":["Redo","Storm"],"picked":"White Noise","floor":10},{"not_picked":["Steam","Lockon"],"picked":"Static Discharge","floor":12},{"not_picked":["Hyperbeam","Multi-Cast"],"picked":"Electrodynamics+1","floor":16},{"not_picked":["Ball Lightning","Redo"],"picked":"Capacitor+1","floor":18},{"not_picked":["Compile Driver","Go for the Eyes"],"picked":"Conserve Battery","floor":20},{"not_picked":["Chaos+1","Steam+1"],"picked":"Force Field","floor":21},{"not_picked":["Recycle","Compile Driver"],"picked":"Self Repair+1","floor":24},{"not_picked":["Turbo","Compile Driver"],"picked":"Barrage","floor":25},{"not_picked":["Go for the Eyes","FTL"],"picked":"Stack","floor":29},{"not_picked":["Steam","Leap"],"picked":"Meteor Strike","floor":30},{"not_picked":["Steam","Redo"],"picked":"Conserve Battery","floor":31},{"not_picked":["Thunder Strike","Multi-Cast"],"picked":"Rainbow","floor":33},{"not_picked":["Redo+1","Go for the Eyes+1"],"picked":"Barrage+1","floor":35},{"not_picked":["Turbo","Compile Driver"],"picked":"Cold Snap","floor":38},{"not_picked":["Sweeping Beam","Ball Lightning","Gash"],"picked":"SKIP","floor":41}],"player_experience":738460,"relics_obtained":[{"floor":5,"key":"MawBank"},{"floor":7,"key":"Bronze Scales"},{"floor":9,"key":"Centennial Puzzle"},{"floor":10,"key":"Vajra"},{"floor":12,"key":"Frozen Egg 2"},{"floor":24,"key":"Pen Nib"},{"floor":26,"key":"Strawberry"},{"floor":31,"key":"Mummified Hand"},{"floor":41,"key":"Dodecahedron"}],"event_choices":[{"damage_healed":0,"gold_gain":0,"player_choice":"Success","damage_taken":26,"relics_obtained":["Anchor"],"max_hp_gain":0,"max_hp_loss":0,"event_name":"Scrap Ooze","floor":2,"gold_loss":0},{"damage_healed":0,"gold_gain":50,"player_choice":"Pray","damage_taken":0,"max_hp_gain":0,"max_hp_loss":0,"event_name":"Golden Shrine","floor":3,"gold_loss":0},{"damage_healed":0,"gold_gain":0,"player_choice":"Bought 3 Potions","damage_taken":0,"max_hp_gain":0,"max_hp_loss":0,"event_name":"The Woman in Blue","floor":14,"gold_loss":0},{"damage_healed":0,"gold_gain":0,"player_choice":"Trade","damage_taken":0,"relics_obtained":["NlothsMask"],"max_hp_gain":0,"max_hp_loss":0,"event_name":"FaceTrader","floor":28,"gold_loss":0},{"damage_healed":0,"gold_gain":0,"player_choice":"Ignored","damage_taken":0,"max_hp_gain":0,"max_hp_loss":0,"event_name":"Tomb of Lord Red Mask","floor":36,"gold_loss":0}],"is_beta":false,"boss_relics":[{"not_picked":["Busted Crown","Eternal Feather"],"picked":"Cursed Key"},{"not_picked":["Fusion Hammer","White Beast Statue"],"picked":"FrozenCore"}],"items_purged_floors":[19,37],"is_endless":false,"potions_floor_spawned":[4,7,12,18,21,25,29,38,41],"killed_by":"Spire Growth","ascension_level":15}