{"gold_per_floor":[113,19,194,194,208,208,221,221,221,221,231,231,231,265,265,366,366,386,168,168,181,7,41,59,59,59,59,59,59],"floor_reached":29,"playtime":1927,"items_purged":["Strike_R"],"score":289,"play_id":"937afcd0-7fa0-47f5-a48d-0239f293416e","local_time":"20190601235751","is_ascension_mode":false,"campfire_choices":[{"floor":6.0,"key":"RECALL"},{"data":"Flash of Steel","floor":8.0,"key":"SMITH"},{"data":"Flex","floor":10.0,"key":"SMITH"},{"data":"Burning Pact","floor":12.0,"key":"SMITH"},{"data":"Bash","floor":15.0,"key":"SMITH"},{"floor":27,"key":"REST"}],"neow_cost":"NONE","seed_source_timestamp":281560722522608,"circlet_count":0,"master_deck":["Strike_R","Strike_R","Strike_R","Defend_R","Defend_R","Defend_R","Defend_R","Bash+1","Heavy Blade","Flex+1","Flash of Steel+1","Burning Pact+1","Feed","Flash of Steel","Second Wind"],"special_seed":0,"relics":["Burning Blood","Shuriken","Lizard Tail","Centennial Puzzle","Girya","Bag of Marbles"],"potions_floor_usage":[23,28,29],"damage_taken":[{"damage":6.0,"enemies":"Cultist","floor":1.0,"turns":3.0},{"damage":6.0,"enemies":"Jaw Worm","floor":5.0,"turns":2.0},{"damage":0.0,"enemies":"2 Louse","floor":7.0,"turns":2.0},{"damage":2.0,"enemies":"2 Fungi Beasts","floor":11.0,"turns":3.0},{"damage":32.0,"enemies":"Gremlin Nob","floor":14.0,"turns":4.0},{"damage":0.0,"enemies":"Slime Boss","floor":16.0,"turns":6.0},{"damage":34.0,"enemies":"3 Byrds","floor":18.0,"turns":7.0},{"damage":9.0,"enemies":"Chosen","floor":21.0,"turns":5.0},{"damage":29,"enemies":"Gremlin Leader","floor":23,"turns":5},{"damage":42,"enemies":"Snake Plant","floor":24,"turns":3},{"damage":28,"enemies":"Colosseum Slavers","floor":28,"turns":3},{"damage":77,"enemies":"Slavers","floor":29,"turns":4}],"seed_played":"5004197878314915107","potions_obtained":[{"floor":7.0,"key":"PowerPotion"},{"floor":11.0,"key":"Ancient Potion"},{"floor":16.0,"key":"Dexterity Potion"},{"floor":18.0,"key":"Explosive Potion"},{"floor":24,"key":"Explosive Potion"}],"is_trial":false,"path_per_floor":["M","$","?","?","M","R","M","R","T","R","M","R","?","E","R","B",null,"M","$","?","M","$","E","M","?","T","R","?","E"],"character_chosen":"IRONCLAD","items_purchased":["Flash of Steel","Centennial Puzzle","Flash of Steel","Second Wind"],"campfire_rested":1,"item_purchase_floors":[2,19,22,22],"current_hp_per_floor":[80,80,80,80,80,80,80,80,80,80,80,80,80,54,54,60,80,55,55,82,82,82,59,26,26,26,52,30,0],"gold":59,"neow_bonus":"THREE_CARDS","is_prod":false,"is_daily":false,"chose_seed":false,"campfire_upgraded":4,"win_rate":0,"timestamp":1559397471,"path_taken":["M","$","?","?","?","R","M","R","T","R","M","R","?","E","R","BOSS","M","$","?","M","$","E","M","?","T","R","?","E"],"build_version":"2019-01-23","purchased_purges":1,"victory":false,"max_hp_per_floor":[80,80,80,80,80,80,80,80,80,80,80,80,80,80,80,80,80,83,83,83,86,86,86,89,89,89,89,89,89],"card_choices":[{"not_picked":["Clash","Armaments"],"picked":"Heavy Blade","floor":0.0},{"not_picked":["Anger","Wild Strike"],"picked":"Flex","floor":1.0},{"not_picked":["Iron Wave","Fire Breathing","Cleave"],"picked":"SKIP","floor":5.0},{"not_picked":["Body Slam","Reckless Charge","Exhume"],"picked":"SKIP","floor":7.0},{"not_picked":["Sword Boomerang","Twin Strike"],"picked":"Burning Pact","floor":11.0},{"not_picked":["Clothesline","Intimidate","Rupture"],"picked":"SKIP","floor":14.0},{"not_picked":["Berserk","Brutality"],"picked":"Feed","floor":16.0},{"not_picked":["Havoc+1","Twin Strike+1","Perfected Strike+1"],"picked":"SKIP","floor":18.0},{"not_picked":["Flex","True Grit+1","Cleave"],"picked":"SKIP","floor":21.0},{"not_picked":["Intimidate","Pommel Strike","Pummel+1"],"picked":"SKIP","floor":23},{"not_picked":["Shrug It Off","Sword Boomerang","Clothesline"],"picked":"SKIP","floor":24}],"player_experience":2041995,"relics_obtained":[{"floor":14.0,"key":"Shuriken"},{"floor":23,"key":"Girya"},{"floor":26,"key":"Bag of Marbles"}],"event_choices":[{"damage_healed":0.0,"max_hp_gain":0.0,"max_hp_loss":0.0,"gold_gain":175.0,"event_name":"Liars Game","player_choice":"AGREE","floor":3.0,"gold_loss":0.0,"damage_taken":0.0,"cards_obtained":["Doubt"]},{"cards_removed":["Doubt"],"damage_healed":0.0,"max_hp_gain":0.0,"max_hp_loss":0.0,"gold_gain":0.0,"event_name":"Purifier","player_choice":"Purged","floor":4.0,"gold_loss":0.0,"damage_taken":0.0},{"cards_removed":["Strike_R"],"damage_healed":0.0,"max_hp_gain":0.0,"max_hp_loss":0.0,"gold_gain":0.0,"event_name":"Living Wall","player_choice":"Forget","floor":13.0,"gold_loss":0.0,"damage_taken":0.0},{"damage_healed":27.0,"max_hp_gain":0.0,"max_hp_loss":0.0,"gold_gain":0.0,"event_name":"The Library","player_choice":"Heal","floor":20.0,"gold_loss":0.0,"damage_taken":0.0},{"damage_healed":0,"gold_gain":0,"player_choice":"Ignored","damage_taken":0,"max_hp_gain":0,"max_hp_loss":0,"event_name":"The Mausoleum","floor":25,"gold_loss":0},{"damage_healed":0,"gold_gain":0,"player_choice":"Fight","damage_taken":0,"max_hp_gain":0,"max_hp_loss":0,"event_name":"Colosseum","floor":28,"gold_loss":0},{"damage_healed":0,"gold_gain":0,"player_choice":"Fled From Nobs","damage_taken":0,"max_hp_gain":0,"max_hp_loss":0,"event_name":"Colosseum","floor":28,"gold_loss":0}],"is_beta":false,"boss_relics":[{"not_picked":["Runic Cube","Runic Dome"],"picked":"Lizard Tail"}],"items_purged_floors":[19],"is_endless":false,"potions_floor_spawned":[7,11,16,18,24,28],"killed_by":"Slavers","ascension_level":0}