{"gold_per_floor":[111,127,8,19,19,47,62,93,163,163,163,163],"floor_reached":12,"playtime":2698,"items_purged":[],"score":88,"play_id":"f8f1df7e-e933-4602-9bbe-6a9251d0d9b3","local_time":"20190101214257","is_ascension_mode":false,"campfire_choices":[{"floor":10.0,"key":"REST"}],"neow_cost":"NONE","seed_source_timestamp":0,"circlet_count":0,"master_deck":["Defend_G","Defend_G","Defend_G","Defend_G","Defend_G","Strike_G","Strike_G","Strike_G","Strike_G","Strike_G","Survivor","Neutralize","Underhanded Strike","Predator","Enlightenment","Terror","Flying Knee","Deadly Poison","Poisoned Stab","Bane","Catalyst"],"special_seed":0,"relics":["Ring of the Snake","Snake Skull","Prayer Wheel","Potion Belt","Dodecahedron"],"potions_floor_usage":[],"damage_taken":[{"damage":1.0,"enemies":"Jaw Worm","floor":1.0,"turns":5.0},{"damage":0.0,"enemies":"Small Slimes","floor":2.0,"turns":3.0},{"damage":0.0,"enemies":"Cultist","floor":4.0,"turns":4.0},{"damage":29.0,"enemies":"Lagavulin","floor":6.0,"turns":8.0},{"damage":2.0,"enemies":"Looter","floor":7.0,"turns":3.0},{"damage":31.0,"enemies":"3 Sentries","floor":8.0,"turns":7.0},{"damage":0,"enemies":"Exordium Wildlife","floor":12,"turns":1}],"seed_played":"6050469219617605107","potions_obtained":[{"floor":1.0,"key":"SteroidPotion"},{"floor":2.0,"key":"GamblersBrew"},{"floor":6.0,"key":"SteroidPotion"}],"is_trial":false,"path_per_floor":["M","M","$","M","?","E","M","E","T","R","?","M"],"character_chosen":"THE_SILENT","items_purchased":["Enlightenment","Terror"],"campfire_rested":1,"item_purchase_floors":[3,3],"current_hp_per_floor":[76,76,76,76,76,47,45,14,14,37,37,37],"gold":163,"neow_bonus":"TEN_PERCENT_HP_BONUS","is_prod":false,"is_daily":false,"chose_seed":false,"campfire_upgraded":0,"win_rate":0.0,"timestamp":1546339377,"path_taken":["M","M","$","M","?","E","M","E","T","R","?","?"],"build_version":"2018-12-20","purchased_purges":0,"victory":false,"max_hp_per_floor":[77,77,77,77,77,77,77,77,77,77,77,77],"card_choices":[{"not_picked":["Endless Agony","Masterful Stab"],"picked":"Underhanded Strike","floor":1.0},{"not_picked":["PiercingWail","Dagger Throw"],"picked":"Predator","floor":2.0},{"not_picked":["Eviscerate","Quick Slash"],"picked":"Flying Knee","floor":4.0},{"not_picked":["Acrobatics","Quick Slash"],"picked":"Deadly Poison","floor":6.0},{"not_picked":["Infinite Blades","Deadly Poison"],"picked":"Poisoned Stab","floor":7.0},{"not_picked":["Quick Slash","Well Laid Plans"],"picked":"Bane","floor":7.0},{"not_picked":["Deflect","Terror"],"picked":"Catalyst","floor":8.0}],"player_experience":44067,"relics_obtained":[{"floor":6.0,"key":"Prayer Wheel"},{"floor":8.0,"key":"Potion Belt"},{"floor":9.0,"key":"Dodecahedron"}],"event_choices":[{"damage_healed":0.0,"max_hp_gain":0.0,"max_hp_loss":0.0,"gold_gain":0.0,"event_name":"Big Fish","player_choice":"Box","floor":5.0,"gold_loss":0.0,"damage_taken":0.0,"relics_obtained":["Snake Skull"],"cards_obtained":["Regret"]},{"cards_removed":["Regret"],"damage_healed":0.0,"max_hp_gain":0.0,"max_hp_loss":0.0,"gold_gain":0.0,"event_name":"Wheel of Change","player_choice":"Card Removal","floor":11.0,"gold_loss":0.0,"damage_taken":0.0}],"is_beta":false,"boss_relics":[],"items_purged_floors":[],"is_endless":false,"potions_floor_spawned":[1,2,6,7],"killed_by":"Exordium Wildlife","ascension_level":0}