{"gold_per_floor":[114,189,36,49,9,9,38,96,148,148,180,180,199,124,124,228,228,168,168,168,68,68,68,68,68,68,68,68,68,46,46,46,46],"floor_reached":33,"playtime":1446,"items_purged":["Strike_R","Strike_R"],"score":390,"play_id":"db6f198c-91a2-4289-8700-81a1eb725f36","local_time":"20190617221448","is_ascension_mode":true,"campfire_choices":[{"data":"Evolve","floor":6,"key":"SMITH"},{"data":"Bludgeon","floor":10,"key":"SMITH"},{"floor":12,"key":"REST"},{"data":"Juggernaut","floor":15,"key":"SMITH"},{"floor":23,"key":"REST"},{"data":"Feed","floor":25,"key":"SMITH"},{"floor":32,"key":"REST"}],"neow_cost":"NONE","seed_source_timestamp":0,"circlet_count":0,"master_deck":["Strike_R","Strike_R","Strike_R","Defend_R","Defend_R","Defend_R","Defend_R","Bash","Shockwave","Bludgeon+1","Evolve+1","Inflame","Juggernaut+1","Cleave","Iron Wave","Limit Break","Sentinel+1","Iron Wave","RitualDagger","Feed+1","Flame Barrier+1","Shrug It Off+1","Body Slam+1"],"special_seed":0,"relics":["Burning Blood","Regal Pillow","Happy Flower","Pear","Orichalcum","PreservedInsect","Ectoplasm","Red Mask","Anchor","Toxic Egg 2"],"potions_floor_usage":[7,8,11,18,28,33],"damage_taken":[{"damage":0,"enemies":"Small Slimes","floor":1,"turns":5},{"damage":0,"enemies":"2 Louse","floor":4,"turns":2},{"damage":20,"enemies":"Gremlin Nob","floor":7,"turns":4},{"damage":37,"enemies":"3 Sentries","floor":8,"turns":7},{"damage":24,"enemies":"Lagavulin","floor":11,"turns":4},{"damage":7,"enemies":"Jaw Worm","floor":13,"turns":3},{"damage":35,"enemies":"The Guardian","floor":16,"turns":10},{"damage":19,"enemies":"2 Thieves","floor":18,"turns":3},{"damage":61,"enemies":"Masked Bandits","floor":19,"turns":5},{"damage":6,"enemies":"Spheric Guardian","floor":24,"turns":3},{"damage":9,"enemies":"Book of Stabbing","floor":28,"turns":3},{"damage":33,"enemies":"Cultist and Chosen","floor":29,"turns":6},{"damage":6,"enemies":"Snecko","floor":31,"turns":4},{"damage":103,"enemies":"Automaton","floor":33,"turns":8}],"seed_played":"-549675336973759860","potions_obtained":[{"floor":1,"key":"SteroidPotion"},{"floor":7,"key":"Weak Potion"},{"floor":8,"key":"Energy Potion"},{"floor":13,"key":"SpeedPotion"},{"floor":18,"key":"BloodPotion"},{"floor":24,"key":"AttackPotion"},{"floor":28,"key":"FairyPotion"}],"is_trial":false,"path_per_floor":["?","?","$","?","?","?","?","M"],"character_chosen":"IRONCLAD","items_purchased":["Bludgeon","Inflame","Shrug It Off+1"],"campfire_rested":3,"item_purchase_floors":[3,5,30],"current_hp_per_floor":[78,67,67,73,73,73,59,38,38,38,20,62,61,61,61,32,76,63,8,2,2,2,44,44,44,44,44,41,14,14,18,61,0],"gold":46,"neow_bonus":"RANDOM_COMMON_RELIC","is_prod":false,"is_daily":false,"chose_seed":false,"campfire_upgraded":4,"win_rate":0,"timestamp":1560802488,"path_taken":["M","?","$","M","$","R","E","?","T","R","E","R","M","?","R","BOSS","M","?","?","$","?","R","M","R","T","?","E","M","$","?","R","BOSS"],"build_version":"2019-01-23","purchased_purges":2,"victory":false,"max_hp_per_floor":[80,80,80,80,80,80,80,90,90,90,90,90,90,90,90,90,90,90,90,90,90,90,90,90,90,90,90,90,90,90,94,94,94],"card_choices":[{"not_picked":["Warcry","Second Wind"],"picked":"Shockwave","floor":1},{"not_picked":["Warcry","Sword Boomerang"],"picked":"Evolve","floor":4},{"not_picked":["Sever Soul","Heavy Blade"],"picked":"Juggernaut","floor":7},{"not_picked":["Whirlwind","Shrug It Off"],"picked":"Cleave","floor":8},{"not_picked":["Blood for Blood","Dropkick","Sever Soul"],"picked":"SKIP","floor":11},{"not_picked":["Heavy Blade","Flex"],"picked":"Iron Wave","floor":13},{"not_picked":["Demon Form","Berserk"],"picked":"Limit Break","floor":16},{"not_picked":["Armaments+1","Searing Blow"],"picked":"Sentinel+1","floor":18},{"not_picked":["Clothesline","Wild Strike"],"picked":"Iron Wave","floor":19},{"not_picked":["Anger","Twin Strike"],"picked":"Feed","floor":24},{"not_picked":["Rupture","Flex"],"picked":"Flame Barrier","floor":28},{"not_picked":["Uppercut","Cleave+1","Pommel Strike"],"picked":"SKIP","floor":29},{"not_picked":["Inflame","Twin Strike+1"],"picked":"Body Slam+1","floor":31}],"player_experience":46651,"relics_obtained":[{"floor":7,"key":"Happy Flower"},{"floor":8,"key":"Pear"},{"floor":9,"key":"Orichalcum"},{"floor":11,"key":"PreservedInsect"},{"floor":19,"key":"Red Mask"},{"floor":26,"key":"Anchor"},{"floor":28,"key":"Toxic Egg 2"}],"event_choices":[{"damage_healed":0,"gold_gain":75,"player_choice":"Gather Gold","damage_taken":11,"max_hp_gain":0,"max_hp_loss":0,"event_name":"World of Goop","floor":2,"gold_loss":0},{"damage_healed":0,"gold_gain":0,"player_choice":"Searched \u00271\u0027 times","damage_taken":0,"max_hp_gain":0,"max_hp_loss":0,"event_name":"Dead Adventurer","floor":8,"gold_loss":0},{"damage_healed":0,"gold_gain":0,"player_choice":"Fought Bandits","damage_taken":0,"max_hp_gain":0,"max_hp_loss":0,"event_name":"Masked Bandits","floor":19,"gold_loss":0},{"damage_healed":0,"gold_gain":0,"player_choice":"Joined the Cult","damage_taken":6,"max_hp_gain":0,"max_hp_loss":0,"event_name":"Nest","floor":20,"gold_loss":0,"cards_obtained":["RitualDagger"]},{"damage_healed":0,"gold_gain":0,"player_choice":"Ignored","damage_taken":0,"max_hp_gain":0,"max_hp_loss":0,"event_name":"The Mausoleum","floor":22,"gold_loss":0},{"damage_healed":0,"gold_gain":0,"player_choice":"Ignored","damage_taken":0,"max_hp_gain":0,"max_hp_loss":0,"event_name":"Vampires","floor":27,"gold_loss":0}],"is_beta":false,"boss_relics":[{"not_picked":["Tiny House","White Beast Statue"],"picked":"Ectoplasm"}],"items_purged_floors":[14,21],"is_endless":false,"potions_floor_spawned":[1,7,8,13,18,24,28],"killed_by":"Automaton","ascension_level":9}