{"gold_per_floor":[115,126,146,164,164,164,183,206,206,206,117,451,470,486,486,486],"floor_reached":16,"playtime":2510,"items_purged":[],"score":104,"play_id":"43a23c49-f150-490d-98b6-de786758160b","local_time":"20181227221306","is_ascension_mode":false,"campfire_choices":[{"data":"Cleave","floor":6,"key":"SMITH"},{"floor":10,"key":"REST"},{"floor":15,"key":"REST"}],"neow_cost":"","seed_source_timestamp":0,"circlet_count":0,"master_deck":["Strike_R","Strike_R","Strike_R","Strike_R","Strike_R","Defend_R","Defend_R","Defend_R","Defend_R","Bash","Cleave+1","Berserk","Clash","Perfected Strike","Rampage","Searing Blow","Fire Breathing","Armaments","Anger","Rage","Thunderclap"],"special_seed":0,"relics":["Burning Blood","Odd Mushroom","Matryoshka","Old Coin"],"potions_floor_usage":[16,16,16],"damage_taken":[{"damage":5.0,"enemies":"Cultist","floor":1.0,"turns":4.0},{"damage":10.0,"enemies":"2 Louse","floor":2.0,"turns":3.0},{"damage":11.0,"enemies":"Jaw Worm","floor":3.0,"turns":2.0},{"damage":15.0,"enemies":"Blue Slaver","floor":4.0,"turns":4.0},{"damage":15,"enemies":"Large Slime","floor":7,"turns":5},{"damage":8,"enemies":"The Mushroom Lair","floor":8,"turns":3},{"damage":35,"enemies":"Gremlin Nob","floor":12,"turns":4},{"damage":7,"enemies":"2 Fungi Beasts","floor":13,"turns":2},{"damage":7,"enemies":"Exordium Wildlife","floor":14,"turns":4},{"damage":70,"enemies":"The Guardian","floor":16,"turns":8}],"seed_played":"2242223971894431688","potions_obtained":[{"floor":2.0,"key":"Explosive Potion"},{"floor":8,"key":"SkillPotion"},{"floor":12,"key":"Dexterity Potion"},{"floor":13,"key":"Weak Potion"},{"floor":14,"key":"Swift Potion"}],"is_trial":false,"path_per_floor":["M","M","M","M","M","$","R","M","?","T","R","$","E","M","M","R","B"],"character_chosen":"IRONCLAD","items_purchased":["Fire Breathing","Armaments"],"campfire_rested":2,"item_purchase_floors":[11,11],"current_hp_per_floor":[80,76,71,62,62,62,53,51,51,75,75,46,45,44,68,0],"gold":486,"neow_bonus":"","is_prod":false,"is_daily":false,"chose_seed":false,"campfire_upgraded":1,"win_rate":0.0,"timestamp":1545909186,"path_taken":["M","M","M","?","$","R","M","?","T","R","$","E","M","M","R","BOSS"],"build_version":"2018-12-20","purchased_purges":0,"victory":false,"max_hp_per_floor":[80,80,80,80,80,80,80,80,80,80,80,80,80,80,80,80],"card_choices":[{"not_picked":["Thunderclap","Feel No Pain"],"picked":"Cleave","floor":1.0},{"not_picked":["Flex","Seeing Red"],"picked":"Berserk","floor":2.0},{"not_picked":["Combust","True Grit"],"picked":"Clash","floor":3.0},{"not_picked":["True Grit","Clash"],"picked":"Perfected Strike","floor":4.0},{"not_picked":["Thunderclap","Twin Strike"],"picked":"Rampage","floor":7},{"not_picked":["Body Slam","Warcry"],"picked":"Searing Blow","floor":8},{"not_picked":["Combust","Armaments"],"picked":"Anger","floor":12},{"not_picked":["Pommel Strike","Reaper"],"picked":"Rage","floor":13},{"not_picked":["Flex","Fire Breathing"],"picked":"Thunderclap","floor":14}],"player_experience":0,"relics_obtained":[{"floor":8,"key":"Odd Mushroom"},{"floor":9,"key":"Matryoshka"},{"floor":12,"key":"Old Coin"}],"event_choices":[{"damage_healed":0,"gold_gain":0,"player_choice":"Fought Mushrooms","damage_taken":0,"max_hp_gain":0,"max_hp_loss":0,"event_name":"Mushrooms","floor":8,"gold_loss":0}],"is_beta":false,"boss_relics":[],"items_purged_floors":[],"is_endless":false,"potions_floor_spawned":[2,8,12,13,14],"killed_by":"The Guardian","ascension_level":0}