{"gold_per_floor":[117,12,12,28,28,60,60,88,88,99,112,147,147,158,158,255,255,271,281,311,311,14,14,48,66,66,78,111,111,122,157,157,261,261,274,327,347,447,463,463,478,504,572,572,600,600,458,476,476,476],"floor_reached":50,"playtime":7042,"items_purged":[],"score":876,"play_id":"d25bc174-8137-4d3c-b420-fbb2e41d6418","local_time":"20190516232533","is_ascension_mode":true,"campfire_choices":[{"data":"Accuracy","floor":7.0,"key":"SMITH"},{"data":"Noxious Fumes","floor":13.0,"key":"SMITH"},{"data":"1","floor":15.0,"key":"LIFT"},{"floor":23.0,"key":"REST"},{"data":"Setup","floor":29.0,"key":"SMITH"},{"data":"Noxious Fumes","floor":32.0,"key":"SMITH"},{"floor":40.0,"key":"REST"},{"floor":44.0,"key":"REST"},{"data":"A Thousand Cuts","floor":46.0,"key":"SMITH"},{"data":"Deadly Poison","floor":49.0,"key":"SMITH"}],"neow_cost":"NONE","seed_source_timestamp":365293592126386,"circlet_count":0,"master_deck":["Defend_G","Defend_G+1","Defend_G+1","Defend_G","Defend_G","Strike_G","Strike_G","Strike_G","Strike_G","Survivor","Neutralize","Accuracy+1","Infinite Blades+1","Deadly Poison+1","Backstab","Dash","Noxious Fumes+1","Blade Dance","Setup+1","Dagger Throw","Noxious Fumes+1","Corpse Explosion","Infinite Blades+1","Bane+1","Cloak And Dagger","Footwork","Well Laid Plans+1","Malaise","Slice+1","Deadly Poison+1","Slice+1","Caltrops","A Thousand Cuts+1","Backstab+1","Flying Knee","Blade Dance+1","Dagger Spray+1","Prepared","Blur+1","Acrobatics+1","Finisher+1","Accuracy+1","Catalyst+1"],"special_seed":0,"relics":["Ring of the Serpent","NeowsBlessing","Turnip","War Paint","Girya","Dream Catcher","Lizard Tail","Red Mask","Bird Faced Urn","PreservedInsect","Mummified Hand","Pen Nib","Bronze Scales","Calipers","Tingsha","Paper Crane","Ninja Scroll","Centennial Puzzle","Darkstone Periapt"],"potions_floor_usage":[],"damage_taken":[{"damage":0.0,"enemies":"Cultist","floor":1.0,"turns":1.0},{"damage":0.0,"enemies":"Jaw Worm","floor":4.0,"turns":1.0},{"damage":0.0,"enemies":"Gremlin Nob","floor":6.0,"turns":1.0},{"damage":7.0,"enemies":"Lagavulin","floor":8.0,"turns":7.0},{"damage":0.0,"enemies":"Small Slimes","floor":10.0,"turns":3.0},{"damage":0.0,"enemies":"2 Fungi Beasts","floor":11.0,"turns":3.0},{"damage":1.0,"enemies":"Gremlin Nob","floor":12.0,"turns":4.0},{"damage":0.0,"enemies":"Gremlin Gang","floor":14.0,"turns":4.0},{"damage":7.0,"enemies":"The Guardian","floor":16.0,"turns":8.0},{"damage":6.0,"enemies":"3 Byrds","floor":18.0,"turns":2.0},{"damage":3.0,"enemies":"Spheric Guardian","floor":19.0,"turns":5.0},{"damage":45.0,"enemies":"Masked Bandits","floor":20.0,"turns":4.0},{"damage":49.0,"enemies":"Book of Stabbing","floor":24.0,"turns":6.0},{"damage":4.0,"enemies":"Centurion and Healer","floor":25.0,"turns":6.0},{"damage":6.0,"enemies":"Sentry and Sphere","floor":27.0,"turns":5.0},{"damage":3.0,"enemies":"Slavers","floor":28.0,"turns":3.0},{"damage":3.0,"enemies":"Cultist and Chosen","floor":30.0,"turns":5.0},{"damage":0.0,"enemies":"Gremlin Leader","floor":31.0,"turns":5.0},{"damage":53.0,"enemies":"Collector","floor":33.0,"turns":6.0},{"damage":6.0,"enemies":"3 Shapes","floor":35.0,"turns":4.0},{"damage":63.0,"enemies":"2 Orb Walkers","floor":36.0,"turns":4.0},{"damage":7.0,"enemies":"3 Darklings","floor":37.0,"turns":4.0},{"damage":0.0,"enemies":"Mind Bloom Boss Battle","floor":38.0,"turns":4.0},{"damage":16.0,"enemies":"Transient","floor":39.0,"turns":5.0},{"damage":12.0,"enemies":"4 Shapes","floor":41.0,"turns":3.0},{"damage":24.0,"enemies":"Reptomancer","floor":42.0,"turns":5.0},{"damage":18.0,"enemies":"Giant Head","floor":45.0,"turns":6.0},{"damage":5.0,"enemies":"Sphere and 2 Shapes","floor":48.0,"turns":3.0},{"damage":85,"enemies":"Awakened One","floor":50,"turns":6}],"seed_played":"4025378956117362685","potions_obtained":[{"floor":1.0,"key":"SpeedPotion"},{"floor":5.0,"key":"Weak Potion"},{"floor":5.0,"key":"Fire Potion"},{"floor":6.0,"key":"Dexterity Potion"},{"floor":10.0,"key":"GhostInAJar"},{"floor":14.0,"key":"Block Potion"},{"floor":16.0,"key":"Block Potion"},{"floor":25.0,"key":"Ancient Potion"},{"floor":27.0,"key":"Explosive Potion"},{"floor":28.0,"key":"GhostInAJar"},{"floor":33.0,"key":"Dexterity Potion"},{"floor":36.0,"key":"SkillPotion"},{"floor":37.0,"key":"Strength Potion"},{"floor":38.0,"key":"Block Potion"},{"floor":41.0,"key":"GhostInAJar"}],"is_trial":false,"path_per_floor":["M","$","?","M","?","E","R","E","T","M","M","E","R","M","R","B",null,"M","M","?","?","$","R","E","M","T","M","E","R","M","E","R","B",null,"M","?","M","?","M","R","M","E","T","R","E","R","?","M","R","B"],"character_chosen":"THE_SILENT","items_purchased":["Infinite Blades","Deadly Poison","Bird Faced Urn"],"campfire_rested":3,"item_purchase_floors":[2,2,22],"current_hp_per_floor":[63,63,63,63,63,63,63,56,56,56,56,55,55,55,55,48,65,59,56,11,11,11,32,30,40,40,48,53,53,58,68,68,21,58,68,15,20,32,30,51,45,37,37,58,56,56,56,63,63,0],"gold":476,"neow_bonus":"THREE_ENEMY_KILL","is_prod":false,"is_daily":false,"chose_seed":false,"campfire_upgraded":6,"win_rate":0,"timestamp":1558013133,"path_taken":["M","?","?","M","?","E","R","E","T","M","M","E","R","?","R","BOSS","M","M","?","?","$","R","E","?","T","M","E","R","M","E","R","BOSS","M","?","M","?","M","R","M","E","T","R","E","R","?","M","R","BOSS"],"build_version":"2019-01-23","purchased_purges":0,"victory":false,"max_hp_per_floor":[70,70,70,70,70,70,70,70,70,70,70,70,70,70,70,70,70,70,70,70,70,70,70,70,70,70,70,70,70,70,70,70,70,70,70,70,70,70,70,70,70,70,70,70,70,70,70,70,70,70],"card_choices":[{"not_picked":["Dagger Throw","Dodge and Roll"],"picked":"Accuracy","floor":1.0},{"not_picked":["Bane","Blade Dance"],"picked":"Backstab","floor":4.0},{"not_picked":["Slice","Escape Plan"],"picked":"Dash","floor":6.0},{"not_picked":["Flechettes","Storm of Steel"],"picked":"Noxious Fumes","floor":8.0},{"not_picked":["Well Laid Plans","Calculated Gamble"],"picked":"Blade Dance","floor":10.0},{"not_picked":["Escape Plan","PiercingWail"],"picked":"Setup","floor":11.0},{"not_picked":["Dagger Spray","Outmaneuver"],"picked":"Dagger Throw","floor":12.0},{"not_picked":["Predator","Slice"],"picked":"Noxious Fumes","floor":14.0},{"not_picked":["Tools of the Trade","Malaise"],"picked":"Corpse Explosion","floor":16.0},{"not_picked":["Poisoned Stab","Slice+1"],"picked":"Infinite Blades+1","floor":18.0},{"not_picked":["Tactician","Dodge and Roll"],"picked":"Bane+1","floor":19.0},{"not_picked":["PiercingWail+1","Sucker Punch"],"picked":"Cloak And Dagger","floor":20.0},{"not_picked":["PiercingWail+1","Skewer+1"],"picked":"Footwork","floor":23.0},{"not_picked":["Escape Plan+1","Underhanded Strike"],"picked":"Well Laid Plans+1","floor":24.0},{"not_picked":["Outmaneuver+1","Dash"],"picked":"Malaise","floor":25.0},{"not_picked":["Outmaneuver","Calculated Gamble"],"picked":"Slice+1","floor":27.0},{"not_picked":["Terror+1","Quick Slash"],"picked":"Deadly Poison+1","floor":28.0},{"not_picked":["Underhanded Strike","Dodge and Roll"],"picked":"Slice+1","floor":30.0},{"not_picked":["Blade Dance","Endless Agony"],"picked":"Caltrops","floor":31.0},{"not_picked":["Venomology","Malaise"],"picked":"A Thousand Cuts","floor":33.0},{"not_picked":["Reflex","Poisoned Stab+1"],"picked":"Backstab+1","floor":35.0},{"not_picked":["Acrobatics+1","Blur"],"picked":"Flying Knee","floor":36.0},{"not_picked":["PiercingWail","Deadly Poison"],"picked":"Blade Dance+1","floor":37.0},{"not_picked":["Reflex+1","Skewer"],"picked":"Dagger Spray+1","floor":38.0},{"not_picked":["Dash","Reflex"],"picked":"Prepared","floor":39.0},{"not_picked":["Dash","Bane"],"picked":"Blur+1","floor":40.0},{"not_picked":["Outmaneuver+1","Sucker Punch"],"picked":"Acrobatics+1","floor":41.0},{"not_picked":["Calculated Gamble+1","Underhanded Strike+1"],"picked":"Finisher+1","floor":42.0},{"not_picked":["Heel Hook+1","Dagger Spray+1"],"picked":"Accuracy+1","floor":44.0},{"not_picked":["Heel Hook","Escape Plan","Outmaneuver"],"picked":"SKIP","floor":45.0},{"not_picked":["Slice","Dodge and Roll"],"picked":"Catalyst+1","floor":48.0}],"player_experience":1722998,"relics_obtained":[{"floor":6.0,"key":"Turnip"},{"floor":8.0,"key":"War Paint"},{"floor":9.0,"key":"Girya"},{"floor":12.0,"key":"Dream Catcher"},{"floor":20.0,"key":"Red Mask"},{"floor":24.0,"key":"PreservedInsect"},{"floor":26.0,"key":"Mummified Hand"},{"floor":28.0,"key":"Pen Nib"},{"floor":31.0,"key":"Bronze Scales"},{"floor":36.0,"key":"Calipers"},{"floor":38.0,"key":"Tingsha"},{"floor":42.0,"key":"Paper Crane"},{"floor":43.0,"key":"Ninja Scroll"},{"floor":45.0,"key":"Centennial Puzzle"}],"event_choices":[{"damage_healed":0.0,"max_hp_gain":0.0,"max_hp_loss":0.0,"gold_gain":0.0,"event_name":"Living Wall","player_choice":"Grow","floor":3.0,"gold_loss":0.0,"damage_taken":0.0,"cards_upgraded":["Infinite Blades"]},{"damage_healed":0.0,"max_hp_gain":0.0,"max_hp_loss":0.0,"gold_gain":0.0,"event_name":"Lab","player_choice":"Got Potions","floor":5.0,"gold_loss":0.0,"damage_taken":0.0},{"damage_healed":0.0,"max_hp_gain":0.0,"max_hp_loss":0.0,"gold_gain":0.0,"event_name":"Masked Bandits","player_choice":"Fought Bandits","floor":20.0,"gold_loss":0.0,"damage_taken":0.0},{"cards_removed":["Strike_G"],"damage_healed":0.0,"max_hp_gain":0.0,"max_hp_loss":0.0,"gold_gain":0.0,"event_name":"Bonfire Elementals","player_choice":"Offered Basic","floor":21.0,"gold_loss":0.0,"damage_taken":0.0},{"damage_healed":0.0,"max_hp_gain":0.0,"max_hp_loss":0.0,"gold_gain":0.0,"event_name":"Mysterious Sphere","player_choice":"Fight","floor":36.0,"gold_loss":0.0,"damage_taken":0.0},{"damage_healed":0.0,"max_hp_gain":0.0,"max_hp_loss":0.0,"gold_gain":0.0,"event_name":"MindBloom","player_choice":"Fight","floor":38.0,"gold_loss":0.0,"damage_taken":0.0},{"damage_healed":0.0,"max_hp_gain":0.0,"max_hp_loss":0.0,"gold_gain":0.0,"event_name":"WeMeetAgain","player_choice":"Paid Gold","floor":47.0,"gold_loss":142.0,"damage_taken":0.0,"relics_obtained":["Darkstone Periapt"]}],"is_beta":false,"boss_relics":[{"not_picked":["Velvet Choker","Runic Dome"],"picked":"Lizard Tail"},{"not_picked":["Eternal Feather","Pandora\u0027s Box"],"picked":"Ring of the Serpent"}],"items_purged_floors":[],"is_endless":false,"potions_floor_spawned":[1,6,10,14,16,25,27,28,33,36,37,38,41],"killed_by":"Awakened One","ascension_level":7}