{"gold_per_floor":[117,117,132,146,146,146,177,177,177,177,197,372,387,76,76,76],"floor_reached":16,"playtime":8680,"items_purged":["Defend_R"],"score":145,"play_id":"0539b53c-1249-4a3d-8a64-ad1eef630a63","local_time":"20190302234449","is_ascension_mode":true,"campfire_choices":[{"data":"Whirlwind","floor":6,"key":"SMITH"},{"data":"Ghostly Armor","floor":8,"key":"SMITH"},{"data":"Twin Strike","floor":10,"key":"SMITH"},{"data":"Corruption","floor":15,"key":"SMITH"}],"neow_cost":"NONE","seed_source_timestamp":73142778203443,"circlet_count":0,"master_deck":["Strike_R","Strike_R","Strike_R","Strike_R","Defend_R","Defend_R","Defend_R","Bash+1","Shrug It Off","Twin Strike+1","Whirlwind+1","Ghostly Armor+1","Anger","Doubt","Reaper","Corruption+1"],"relics":["Burning Blood","Mummified Hand","Champion Belt","Unceasing Top","Medical Kit"],"potions_floor_usage":[11],"damage_taken":[{"damage":6,"enemies":"Cultist","floor":1,"turns":4},{"damage":4,"enemies":"Small Slimes","floor":3,"turns":4},{"damage":7,"enemies":"Jaw Worm","floor":4,"turns":4},{"damage":24,"enemies":"Gremlin Nob","floor":7,"turns":4},{"damage":5,"enemies":"Exordium Wildlife","floor":11,"turns":5},{"damage":14,"enemies":"Lots of Slimes","floor":13,"turns":3},{"damage":57,"enemies":"Slime Boss","floor":16,"turns":11}],"seed_played":"-3760244458685466968","potions_obtained":[{"floor":3,"key":"Explosive Potion"}],"is_trial":false,"path_per_floor":["M","?","M","M","T","R","E","R","T","R","M","?","M","$","R","B"],"character_chosen":"IRONCLAD","items_purchased":["Corruption","Medical Kit"],"campfire_rested":0,"item_purchase_floors":[14,14],"current_hp_per_floor":[72,72,74,73,73,73,55,55,55,55,56,56,48,48,48,0],"gold":76,"neow_bonus":"UPGRADE_CARD","is_prod":false,"is_daily":false,"chose_seed":false,"campfire_upgraded":4,"win_rate":0,"timestamp":1551530689,"path_taken":["M","?","M","?","?","R","E","R","T","R","M","?","M","?","R","BOSS"],"build_version":"2019-01-23","purchased_purges":1,"victory":false,"max_hp_per_floor":[80,80,80,80,80,80,80,80,80,80,80,80,80,80,80,80],"card_choices":[{"not_picked":["Warcry","Perfected Strike"],"picked":"Shrug It Off","floor":1},{"not_picked":["Shrug It Off","Wild Strike"],"picked":"Twin Strike","floor":3},{"not_picked":["Evolve","Warcry"],"picked":"Whirlwind","floor":4},{"not_picked":["Spot Weakness","Searing Blow"],"picked":"Ghostly Armor","floor":7},{"not_picked":["Sword Boomerang","Intimidate"],"picked":"Anger","floor":11},{"not_picked":["Warcry","Second Wind"],"picked":"Reaper","floor":13}],"player_experience":818293,"relics_obtained":[{"floor":5,"key":"Mummified Hand"},{"floor":7,"key":"Champion Belt"},{"floor":9,"key":"Unceasing Top"}],"event_choices":[{"cards_removed":["Strike_R"],"damage_healed":0,"gold_gain":0,"player_choice":"Offered Basic","damage_taken":0,"max_hp_gain":0,"max_hp_loss":0,"event_name":"Bonfire Elementals","floor":2,"gold_loss":0},{"damage_healed":0,"gold_gain":175,"player_choice":"AGREE","damage_taken":0,"max_hp_gain":0,"max_hp_loss":0,"event_name":"Liars Game","floor":12,"gold_loss":0,"cards_obtained":["Doubt"]}],"is_beta":false,"boss_relics":[],"items_purged_floors":[14],"is_endless":false,"potions_floor_spawned":[3],"killed_by":"Slime Boss","ascension_level":9}