{"gold_per_floor":[115,115,126,126,2,2,277,277,277,291,291,308,170,170,170,243,243,262,262,275,9,9,9,29,29,78,90,90,118,129,155,155,231,231,249,249,0,100,146,146,163,163,186,63,93,3,3,19,19,19],"floor_reached":51,"playtime":17195,"items_purged":["Defend_R","Regret","Writhe"],"score":1162,"play_id":"724caf08-433a-4586-939b-a7c64e718690","local_time":"20190330214437","is_ascension_mode":true,"campfire_choices":[{"data":"Flex","floor":6.0,"key":"SMITH"},{"data":"Bash","floor":8.0,"key":"SMITH"},{"data":"Infernal Blade","floor":11.0,"key":"SMITH"},{"data":"Rampage","floor":15.0,"key":"SMITH"},{"data":"Demon Form","floor":23,"key":"SMITH"},{"data":"Heavy Blade","floor":25,"key":"SMITH"},{"floor":32,"key":"REST"},{"data":"Double Tap","floor":40,"key":"SMITH"},{"data":"Inflame","floor":47,"key":"SMITH"},{"data":"Corruption","floor":49,"key":"SMITH"}],"neow_cost":"NONE","seed_source_timestamp":333641410460791,"circlet_count":0,"master_deck":["AscendersBane","Defend_R+1","Defend_R+1","Defend_R+1","Bash+1","Dropkick","Shrug It Off+1","Flex+1","Infernal Blade+1","Rampage+1","Double Tap+1","Power Through","Heavy Blade+1","Demon Form+1","Battle Trance","Spot Weakness","Feel No Pain","Body Slam","Ghostly Armor","Body Slam+1","Flex+1","Iron Wave","Feed","Impervious","Wild Strike+1","Writhe","Corruption+1","Jack Of All Trades","Dark Embrace","Inflame+1","Flex","Shrug It Off"],"special_seed":0,"relics":["Burning Blood","War Paint","Pear","Runic Pyramid","Oddly Smooth Stone","Boot","Meat on the Bone","Centennial Puzzle","Velvet Choker","Red Mask","Bird Faced Urn","Girya","Pen Nib","Mummified Hand"],"potions_floor_usage":[16,24,30,31,33,45,50,50],"damage_taken":[{"damage":2.0,"enemies":"Jaw Worm","floor":1.0,"turns":3.0},{"damage":1.0,"enemies":"Cultist","floor":3.0,"turns":3.0},{"damage":3.0,"enemies":"Small Slimes","floor":10.0,"turns":3.0},{"damage":10.0,"enemies":"Gremlin Gang","floor":12.0,"turns":5.0},{"damage":25,"enemies":"The Guardian","floor":16,"turns":7},{"damage":5,"enemies":"Chosen","floor":18,"turns":4},{"damage":6,"enemies":"3 Byrds","floor":20,"turns":5},{"damage":32,"enemies":"Snake Plant","floor":24,"turns":4},{"damage":30,"enemies":"Shelled Parasite and Fungi","floor":27,"turns":4},{"damage":9,"enemies":"Slavers","floor":29,"turns":7},{"damage":7,"enemies":"Sentry and Sphere","floor":30,"turns":4},{"damage":11,"enemies":"Book of Stabbing","floor":31,"turns":3},{"damage":12,"enemies":"Champ","floor":33,"turns":9},{"damage":10,"enemies":"Orb Walker","floor":35,"turns":4},{"damage":22,"enemies":"Mind Bloom Boss Battle","floor":38,"turns":5},{"damage":20,"enemies":"2 Orb Walkers","floor":39,"turns":4},{"damage":38,"enemies":"3 Darklings","floor":41,"turns":8},{"damage":12,"enemies":"Nemesis","floor":45,"turns":7},{"damage":8,"enemies":"4 Shapes","floor":48,"turns":4},{"damage":56,"enemies":"Donu and Deca","floor":50,"turns":7}],"seed_played":"-11814971067365039","potions_obtained":[{"floor":1.0,"key":"PowerPotion"},{"floor":12.0,"key":"Dexterity Potion"},{"floor":18,"key":"Regen Potion"},{"floor":29,"key":"EssenceOfSteel"},{"floor":30,"key":"EssenceOfSteel"},{"floor":33,"key":"SpeedPotion"},{"floor":39,"key":"Dexterity Potion"},{"floor":41,"key":"Weak Potion"},{"floor":48,"key":"PowerPotion"}],"is_trial":false,"path_per_floor":["M","?","M","?","$","R","?","R","T","M","R","M","$","?","R","B",null,"M","?","M","$","?","R","M","R","T","M","?","E","M","E","R","B",null,"M","?","?","?","?","R","M","?","T","$","E","$","R","M","R","B",null],"character_chosen":"IRONCLAD","items_purchased":["Flex","Rampage","Demon Form","Battle Trance","Corruption","Jack Of All Trades","Inflame","Flex"],"campfire_rested":1,"item_purchase_floors":[5,13,21,21,44,44,46,46],"current_hp_per_floor":[76,76,80,64,64,64,64,64,64,67,67,63,63,70,70,51,80,81,81,81,81,81,81,67,67,67,43,43,40,51,58,85,79,87,83,83,83,67,56,56,38,61,61,61,61,61,61,68,68,44],"gold":19,"neow_bonus":"TRANSFORM_CARD","is_prod":false,"is_daily":false,"chose_seed":false,"campfire_upgraded":9,"win_rate":0,"timestamp":1553942677,"path_taken":["M","?","?","?","$","R","?","R","T","M","R","?","$","?","R","BOSS","M","?","M","$","?","R","M","R","T","?","?","E","?","E","R","BOSS","M","?","?","?","?","R","M","?","T","?","E","$","R","M","R","BOSS"],"build_version":"2019-01-23","purchased_purges":3,"victory":true,"max_hp_per_floor":[80,80,80,80,80,80,80,80,80,80,80,80,80,90,90,90,90,90,90,90,90,90,90,90,90,90,90,90,90,90,90,90,90,90,90,90,90,90,93,93,93,93,93,93,93,93,93,96,96,96],"card_choices":[{"not_picked":["Whirlwind","Twin Strike"],"picked":"Dropkick","floor":1.0},{"not_picked":["Pommel Strike","Armaments"],"picked":"Shrug It Off","floor":3.0},{"not_picked":["Warcry","Hemokinesis"],"picked":"Infernal Blade","floor":10.0},{"not_picked":["Perfected Strike","Warcry","Havoc"],"picked":"SKIP","floor":12.0},{"not_picked":["Berserk","Barricade"],"picked":"Double Tap","floor":16},{"not_picked":["Body Slam","Clash"],"picked":"Power Through","floor":18},{"not_picked":["Battle Trance","True Grit"],"picked":"Heavy Blade","floor":20},{"not_picked":["Havoc","Clothesline"],"picked":"Body Slam","floor":24},{"not_picked":["Hemokinesis+1","Havoc"],"picked":"Ghostly Armor","floor":27},{"not_picked":["Armaments","Evolve"],"picked":"Body Slam+1","floor":29},{"not_picked":["Sentinel","Juggernaut"],"picked":"Flex+1","floor":30},{"not_picked":["Havoc","Dropkick"],"picked":"Iron Wave","floor":31},{"not_picked":["Brutality","Dark Embrace"],"picked":"Feed","floor":33},{"not_picked":["Wild Strike","Twin Strike","Iron Wave"],"picked":"SKIP","floor":35},{"not_picked":["Seeing Red","Anger"],"picked":"Impervious","floor":39},{"not_picked":["Pommel Strike","Warcry"],"picked":"Wild Strike+1","floor":41},{"not_picked":["Carnage","Flame Barrier"],"picked":"Dark Embrace","floor":45},{"not_picked":["Iron Wave","Thunderclap"],"picked":"Shrug It Off","floor":48}],"player_experience":1113132,"relics_obtained":[{"floor":9.0,"key":"War Paint"},{"floor":26,"key":"Boot"},{"floor":29,"key":"Meat on the Bone"},{"floor":31,"key":"Centennial Puzzle"},{"floor":38,"key":"Bird Faced Urn"},{"floor":39,"key":"Girya"},{"floor":43,"key":"Pen Nib"},{"floor":45,"key":"Mummified Hand"}],"event_choices":[{"cards_removed":["Strike_R"],"damage_healed":0.0,"max_hp_gain":0.0,"max_hp_loss":0.0,"gold_gain":0.0,"event_name":"Purifier","player_choice":"Purged","floor":2.0,"gold_loss":0.0,"damage_taken":0.0},{"damage_healed":0.0,"max_hp_gain":0.0,"max_hp_loss":0.0,"gold_gain":0.0,"event_name":"Shining Light","player_choice":"Entered Light","floor":4.0,"gold_loss":0.0,"damage_taken":16.0,"cards_upgraded":["Defend_R","Defend_R"]},{"damage_healed":0.0,"max_hp_gain":0.0,"max_hp_loss":0.0,"gold_gain":275.0,"event_name":"Golden Shrine","player_choice":"Desecrate","floor":7.0,"gold_loss":0.0,"damage_taken":0.0,"cards_obtained":["Regret"]},{"damage_healed":0.0,"max_hp_gain":0.0,"max_hp_loss":0.0,"gold_gain":0.0,"event_name":"Scrap Ooze","player_choice":"Success","floor":14.0,"gold_loss":0.0,"damage_taken":3.0,"relics_obtained":["Pear"]},{"damage_healed":0,"gold_gain":0,"player_choice":"Opened","damage_taken":0,"relics_obtained":["Oddly Smooth Stone"],"max_hp_gain":0,"max_hp_loss":0,"event_name":"The Mausoleum","floor":19,"gold_loss":0,"cards_obtained":["Writhe"]},{"damage_healed":0,"gold_gain":0,"cards_transformed":["Strike_R","Strike_R"],"player_choice":"Became Test Subject","damage_taken":0,"max_hp_gain":0,"max_hp_loss":0,"event_name":"Drug Dealer","floor":22,"gold_loss":0,"cards_obtained":["Spot Weakness","Feel No Pain"]},{"cards_removed":["Strike_R"],"damage_healed":0,"gold_gain":0,"player_choice":"Purged","damage_taken":0,"max_hp_gain":0,"max_hp_loss":0,"event_name":"Purifier","floor":28,"gold_loss":0},{"cards_removed":["Sword Boomerang"],"damage_healed":0,"gold_gain":0,"player_choice":"Removed Attack","damage_taken":0,"max_hp_gain":0,"max_hp_loss":0,"event_name":"Falling","floor":36,"gold_loss":0},{"damage_healed":0,"gold_gain":0,"player_choice":"Paid","damage_taken":0,"relics_obtained":["Red Mask"],"max_hp_gain":0,"max_hp_loss":0,"event_name":"Tomb of Lord Red Mask","floor":37,"gold_loss":249},{"damage_healed":0,"gold_gain":0,"player_choice":"Fight","damage_taken":0,"max_hp_gain":0,"max_hp_loss":0,"event_name":"MindBloom","floor":38,"gold_loss":0},{"damage_healed":0,"gold_gain":0,"player_choice":"Fight","damage_taken":0,"max_hp_gain":0,"max_hp_loss":0,"event_name":"Mysterious Sphere","floor":39,"gold_loss":0},{"damage_healed":23,"gold_gain":0,"player_choice":"Writhe","damage_taken":0,"max_hp_gain":0,"max_hp_loss":0,"event_name":"Winding Halls","floor":42,"gold_loss":0,"cards_obtained":["Writhe"]}],"is_beta":false,"boss_relics":[{"not_picked":["Black Blood","Eternal Feather"],"picked":"Runic Pyramid"},{"not_picked":["Pandora\u0027s Box","Empty Cage"],"picked":"Velvet Choker"}],"items_purged_floors":[5,13,21],"is_endless":false,"potions_floor_spawned":[1,12,18,29,30,33,39,41,48],"ascension_level":13}