{"gold_per_floor":[219,232,232,251,251,251,279,298,371,402,1,26,26,42,42,138,138,149,149,149,181,196,196,39,56,56,56,81,4,32,45,45,148,148,158,158,171,29,44,44,71,71,139,158,183,193,193,212,212,212],"floor_reached":51,"playtime":4749,"items_purged":[],"score":788,"play_id":"b78508ce-43c5-4c32-bb4c-b6aa127d2596","local_time":"20190204012107","is_ascension_mode":true,"campfire_choices":[{"data":"Combust","floor":6,"key":"SMITH"},{"floor":15,"key":"REST"},{"data":"Apotheosis","floor":23,"key":"SMITH"},{"floor":27,"key":"REST"},{"data":"Decay","floor":32,"key":"PURGE"},{"data":"Enlightenment","floor":40,"key":"SMITH"},{"floor":42,"key":"REST"},{"data":"Barricade","floor":47,"key":"SMITH"},{"data":"Impervious","floor":49,"key":"SMITH"}],"neow_cost":"NONE","seed_source_timestamp":53034492565481,"circlet_count":0,"master_deck":["Strike_R","Strike_R","Strike_R","Defend_R","Defend_R","Bash","True Grit+1","Shrug It Off","Combust+1","Iron Wave","Seeing Red","Combust","Heavy Blade","Rupture","Apotheosis+1","Twin Strike","Power Through","Impervious","Infernal Blade","Cleave","Reaper","Pommel Strike","Wild Strike","Inflame","Flex+1","Barricade+1","Dual Wield+1","Bloodletting+1","Enlightenment+1","Cleave","Impervious+1","Thunderclap+1","Inflame+1","Spot Weakness+1"],"relics":["Burning Blood","Peace Pipe","Ornamental Fan","Omamori","Happy Flower","Calipers","Calling Bell","Champion Belt","Meat on the Bone","Bronze Scales","Enchiridion","Red Mask","Anchor","Turnip","Ancient Tea Set","Bag of Marbles","Snecko Eye","War Paint","The Courier","Strawberry"],"potions_floor_usage":[12,14,16,16,28,30,31,37,37,50,50],"damage_taken":[{"damage":4,"enemies":"2 Louse","floor":1,"turns":3},{"damage":4,"enemies":"Cultist","floor":2,"turns":4},{"damage":4,"enemies":"Jaw Worm","floor":4,"turns":5},{"damage":17,"enemies":"3 Sentries","floor":7,"turns":6},{"damage":2,"enemies":"Exordium Wildlife","floor":8,"turns":2},{"damage":34,"enemies":"Lagavulin","floor":10,"turns":6},{"damage":23,"enemies":"3 Sentries","floor":12,"turns":5},{"damage":16,"enemies":"Gremlin Gang","floor":14,"turns":2},{"damage":23,"enemies":"Hexaghost","floor":16,"turns":8},{"damage":22,"enemies":"Spheric Guardian","floor":18,"turns":5},{"damage":3,"enemies":"Masked Bandits","floor":21,"turns":3},{"damage":3,"enemies":"Chosen","floor":22,"turns":4},{"damage":23,"enemies":"Snecko","floor":25,"turns":6},{"damage":32,"enemies":"Book of Stabbing","floor":28,"turns":5},{"damage":37,"enemies":"Gremlin Leader","floor":30,"turns":5},{"damage":0,"enemies":"Snake Plant","floor":31,"turns":3},{"damage":66,"enemies":"Champ","floor":33,"turns":9},{"damage":3,"enemies":"Orb Walker","floor":35,"turns":4},{"damage":37,"enemies":"3 Darklings","floor":37,"turns":5},{"damage":6,"enemies":"Maw","floor":39,"turns":6},{"damage":41,"enemies":"Reptomancer","floor":41,"turns":7},{"damage":5,"enemies":"Spire Growth","floor":44,"turns":5},{"damage":17,"enemies":"3 Darklings","floor":46,"turns":4},{"damage":14,"enemies":"Jaw Worm Horde","floor":48,"turns":2},{"damage":73,"enemies":"Donu and Deca","floor":50,"turns":8}],"seed_played":"8575680231114495356","potions_obtained":[{"floor":1,"key":"SteroidPotion"},{"floor":2,"key":"LiquidBronze"},{"floor":12,"key":"BloodPotion"},{"floor":14,"key":"Energy Potion"},{"floor":22,"key":"GamblersBrew"},{"floor":25,"key":"BloodPotion"},{"floor":28,"key":"SteroidPotion"},{"floor":31,"key":"EssenceOfSteel"},{"floor":33,"key":"AttackPotion"},{"floor":41,"key":"LiquidBronze"},{"floor":46,"key":"SkillPotion"},{"floor":48,"key":"AttackPotion"}],"is_trial":false,"path_per_floor":["M","M","?","M","?","R","E","M","T","E","$","E","?","M","R","B",null,"M","?","?","?","M","R","$","M","T","R","E","$","E","M","R","B",null,"M","$","M","$","M","R","E","R","T","M","T","M","R","M","R","B",null],"character_chosen":"IRONCLAD","items_purchased":["Rupture","Apotheosis","Happy Flower","Anchor","Inflame","Enlightenment","Cleave"],"campfire_rested":3,"item_purchase_floors":[11,11,11,24,29,38,38],"current_hp_per_floor":[80,80,80,80,80,80,69,73,73,45,45,28,21,19,43,26,80,64,64,48,51,54,54,54,55,55,79,67,67,48,66,66,34,80,80,80,49,49,55,55,32,56,56,67,74,63,63,79,79,32],"gold":212,"neow_bonus":"HUNDRED_GOLD","is_prod":false,"is_daily":false,"chose_seed":false,"campfire_upgraded":5,"win_rate":0,"timestamp":1549203667,"path_taken":["M","M","?","M","?","R","E","?","T","E","$","E","?","M","R","BOSS","M","?","?","?","?","R","$","?","T","R","E","$","E","M","R","BOSS","M","?","M","$","M","R","E","R","T","M","?","?","R","M","R","BOSS"],"build_version":"2019-01-23","purchased_purges":0,"victory":true,"max_hp_per_floor":[80,80,80,80,80,80,80,80,80,80,80,80,80,80,80,80,80,80,80,80,80,80,80,80,80,80,80,80,80,80,80,80,80,80,80,80,80,80,80,80,80,80,80,80,87,87,87,87,87,87],"card_choices":[{"not_picked":["Burning Pact","Iron Wave"],"picked":"True Grit","floor":1},{"not_picked":["Pummel","Thunderclap"],"picked":"Shrug It Off","floor":2},{"not_picked":["Warcry","Perfected Strike"],"picked":"Combust","floor":4},{"not_picked":["Armaments","Fiend Fire"],"picked":"Seeing Red","floor":7},{"not_picked":["Wild Strike","Sever Soul"],"picked":"Combust","floor":8},{"not_picked":["Perfected Strike","Headbutt"],"picked":"Heavy Blade","floor":10},{"not_picked":["Carnage","Wild Strike"],"picked":"Twin Strike","floor":12},{"not_picked":["Headbutt","Clash"],"picked":"Power Through","floor":14},{"not_picked":["Demon Form","Feed"],"picked":"Impervious","floor":16},{"not_picked":["Whirlwind","Clothesline"],"picked":"Infernal Blade","floor":18},{"not_picked":["Headbutt","True Grit"],"picked":"Cleave","floor":21},{"not_picked":["Sword Boomerang+1","Body Slam"],"picked":"Reaper","floor":22},{"not_picked":["Sword Boomerang","Iron Wave+1"],"picked":"Pommel Strike","floor":25},{"not_picked":["Intimidate","Headbutt"],"picked":"Wild Strike","floor":28},{"not_picked":["Headbutt","Burning Pact"],"picked":"Flex","floor":30},{"not_picked":["Sword Boomerang","Warcry","Havoc"],"picked":"SKIP","floor":31},{"not_picked":["Impervious","Offering"],"picked":"Barricade","floor":33},{"not_picked":["Pommel Strike","Flex"],"picked":"Dual Wield+1","floor":35},{"not_picked":["Wild Strike","Twin Strike"],"picked":"Bloodletting+1","floor":37},{"not_picked":["Burning Pact","Clash+1","Bloodletting+1"],"picked":"SKIP","floor":39},{"not_picked":["Pommel Strike+1","Warcry"],"picked":"Impervious","floor":41},{"not_picked":["Evolve","Wild Strike"],"picked":"Thunderclap+1","floor":44},{"not_picked":["Ghostly Armor+1","Clothesline"],"picked":"Inflame+1","floor":46},{"not_picked":["Warcry+1","Thunderclap"],"picked":"Spot Weakness+1","floor":48}],"player_experience":252330,"relics_obtained":[{"floor":7,"key":"Peace Pipe"},{"floor":9,"key":"Ornamental Fan"},{"floor":10,"key":"Omamori"},{"floor":12,"key":"Calipers"},{"floor":17,"key":"Champion Belt"},{"floor":17,"key":"Meat on the Bone"},{"floor":17,"key":"Bronze Scales"},{"floor":20,"key":"Enchiridion"},{"floor":21,"key":"Red Mask"},{"floor":26,"key":"Turnip"},{"floor":28,"key":"Ancient Tea Set"},{"floor":30,"key":"Bag of Marbles"},{"floor":41,"key":"War Paint"},{"floor":43,"key":"The Courier"},{"floor":45,"key":"Strawberry"}],"event_choices":[{"cards_removed":["Defend_R"],"damage_healed":0,"gold_gain":0,"player_choice":"Forget","damage_taken":0,"max_hp_gain":0,"max_hp_loss":0,"event_name":"Living Wall","floor":3,"gold_loss":0},{"damage_healed":0,"gold_gain":0,"cards_transformed":["Defend_R"],"player_choice":"Transformed","damage_taken":0,"max_hp_gain":0,"max_hp_loss":0,"event_name":"Transmorgrifier","floor":5,"gold_loss":0,"cards_obtained":["Iron Wave"]},{"cards_removed":["Strike_R"],"damage_healed":0,"gold_gain":0,"player_choice":"Card Removal","damage_taken":7,"max_hp_gain":0,"max_hp_loss":0,"event_name":"Golden Wing","floor":13,"gold_loss":0},{"cards_removed":["Strike_R"],"damage_healed":0,"gold_gain":0,"player_choice":"Elegance","damage_taken":0,"max_hp_gain":0,"max_hp_loss":0,"event_name":"Back to Basics","floor":19,"gold_loss":0},{"damage_healed":0,"gold_gain":0,"player_choice":"Obtained Book","damage_taken":16,"max_hp_gain":0,"max_hp_loss":0,"event_name":"Cursed Tome","floor":20,"gold_loss":0},{"damage_healed":0,"gold_gain":0,"player_choice":"Fought Bandits","damage_taken":0,"max_hp_gain":0,"max_hp_loss":0,"event_name":"Masked Bandits","floor":21,"gold_loss":0}],"is_beta":false,"boss_relics":[{"not_picked":["Eternal Feather","White Beast Statue"],"picked":"Calling Bell"},{"not_picked":["Empty Cage","Runic Dome"],"picked":"Snecko Eye"}],"items_purged_floors":[],"is_endless":false,"potions_floor_spawned":[1,2,12,14,22,25,28,31,33,41,46,48],"ascension_level":3}