{"gold_per_floor":[115,115,115,128,147,147,174,174,174,174,199,199,232,246,246,246],"floor_reached":16,"playtime":7474,"items_purged":[],"score":165,"play_id":"63ee4861-6511-45f9-bb3e-de23591307f3","local_time":"20190224225613","is_ascension_mode":true,"campfire_choices":[{"floor":8,"key":"REST"},{"data":"Shrug It Off","floor":10,"key":"SMITH"},{"floor":12,"key":"REST"},{"floor":15,"key":"REST"}],"neow_cost":"NONE","seed_source_timestamp":278310679227158,"circlet_count":0,"master_deck":["Strike_R","Strike_R","Strike_R","Strike_R","Strike_R","Defend_R","Defend_R","Defend_R","Defend_R","Bash","Pommel Strike","Combust+1","Regret","Rampage","Shrug It Off+1","Cleave","Fire Breathing","Whirlwind","Bludgeon"],"relics":["Burning Blood","Shuriken","Bag of Marbles","Bottled Lightning","Singing Bowl","Mummified Hand","Lantern"],"potions_floor_usage":[7,13,16,16],"damage_taken":[{"damage":7,"enemies":"Jaw Worm","floor":1,"turns":5},{"damage":14,"enemies":"2 Louse","floor":4,"turns":3},{"damage":4,"enemies":"Small Slimes","floor":5,"turns":3},{"damage":15,"enemies":"Gremlin Nob","floor":7,"turns":3},{"damage":50,"enemies":"Lagavulin","floor":11,"turns":8},{"damage":30,"enemies":"Gremlin Nob","floor":13,"turns":4},{"damage":3,"enemies":"Looter","floor":14,"turns":3},{"damage":47,"enemies":"The Guardian","floor":16,"turns":7}],"seed_played":"-1519961581115148733","potions_obtained":[{"floor":1,"key":"Fire Potion"},{"floor":7,"key":"SkillPotion"},{"floor":11,"key":"SteroidPotion"},{"floor":14,"key":"AttackPotion"}],"is_trial":false,"path_per_floor":["M","?","?","M","M","?","E","R","T","R","E","R","E","M","R","B"],"character_chosen":"IRONCLAD","items_purchased":[],"campfire_rested":3,"item_purchase_floors":[],"current_hp_per_floor":[71,71,71,63,65,47,38,62,62,62,18,42,18,21,45,0],"gold":246,"neow_bonus":"THREE_CARDS","is_prod":false,"is_daily":false,"chose_seed":false,"campfire_upgraded":1,"win_rate":0,"timestamp":1551009373,"path_taken":["M","?","?","M","M","?","E","R","T","R","E","R","E","M","R","BOSS"],"build_version":"2019-01-23","purchased_purges":0,"victory":false,"max_hp_per_floor":[80,80,80,80,80,80,80,80,80,80,80,80,80,80,80,80],"card_choices":[{"not_picked":["Havoc","Intimidate"],"picked":"Pommel Strike","floor":0},{"not_picked":["Entrench","Heavy Blade"],"picked":"Combust","floor":1},{"not_picked":["Pommel Strike","Disarm"],"picked":"Rampage","floor":4},{"not_picked":["Clothesline","Heavy Blade"],"picked":"Shrug It Off","floor":5},{"not_picked":["True Grit","Pommel Strike"],"picked":"Cleave","floor":7},{"not_picked":["Shrug It Off","Dual Wield"],"picked":"Fire Breathing","floor":11},{"not_picked":["Pommel Strike","Shrug It Off"],"picked":"Whirlwind","floor":13},{"not_picked":["Uppercut","Thunderclap"],"picked":"Bludgeon","floor":14}],"player_experience":787456,"relics_obtained":[{"floor":7,"key":"Bottled Lightning"},{"floor":9,"key":"Singing Bowl"},{"floor":11,"key":"Mummified Hand"},{"floor":13,"key":"Lantern"}],"event_choices":[{"damage_healed":0,"gold_gain":0,"player_choice":"Box","damage_taken":0,"relics_obtained":["Shuriken"],"max_hp_gain":0,"max_hp_loss":0,"event_name":"Big Fish","floor":2,"gold_loss":0,"cards_obtained":["Regret"]},{"damage_healed":0,"gold_gain":0,"player_choice":"Grow","damage_taken":0,"max_hp_gain":0,"max_hp_loss":0,"event_name":"Living Wall","floor":3,"gold_loss":0,"cards_upgraded":["Combust"]},{"damage_healed":0,"gold_gain":0,"player_choice":"Success","damage_taken":18,"relics_obtained":["Bag of Marbles"],"max_hp_gain":0,"max_hp_loss":0,"event_name":"Scrap Ooze","floor":6,"gold_loss":0}],"is_beta":false,"boss_relics":[],"items_purged_floors":[],"is_endless":false,"potions_floor_spawned":[1,7,11,14],"killed_by":"The Guardian","ascension_level":8}