{"gold_per_floor":[10,185,185,13,31,31,59,59,59,59,78,103,103,117,117,246,246,259,278,302,327,277,277,315,315,361,374,395,395,395,414,414,544,544,565,565,898,898,914,914,914,914,914,914,926,940,940,184,184,184],"floor_reached":50,"playtime":18383,"items_purged":["Defend_G"],"score":638,"play_id":"0bf0cafd-340f-423a-85e4-6d7da8a624af","local_time":"20190407065306","is_ascension_mode":true,"campfire_choices":[{"data":"Apotheosis","floor":6.0,"key":"SMITH"},{"data":"Forethought","floor":8.0,"key":"SMITH"},{"floor":15.0,"key":"REST"},{"floor":23,"key":"REST"},{"floor":25,"key":"REST"},{"floor":30,"key":"REST"},{"floor":32,"key":"REST"},{"data":"A Thousand Cuts","floor":40,"key":"SMITH"},{"data":"Crippling Poison","floor":44,"key":"SMITH"},{"floor":47,"key":"REST"},{"floor":49,"key":"REST"}],"neow_cost":"NO_GOLD","seed_source_timestamp":0,"circlet_count":0,"master_deck":["Defend_G","Defend_G","Defend_G","Strike_G+1","Strike_G","Strike_G","Survivor","Neutralize","Mind Blast","Forethought+1","Choke","Apotheosis+1","Cloak And Dagger","Blade Dance","Leg Sweep","Grand Finale","Injury","Backstab+1","A Thousand Cuts+1","Terror","Heel Hook+1","Crippling Poison+1","Blade Dance+1","Poisoned Stab+1","Deadly Poison+1","Bane","Blade Dance","Phantasmal Killer","Backstab+1","Cloak And Dagger+1","Dagger Throw+1","Poisoned Stab","Deflect+1","Finisher","Noxious Fumes","Dark Shackles","Setup","Leg Sweep","Bane","Poisoned Stab"],"special_seed":0,"relics":["Ring of the Snake","Ornamental Fan","Thread and Needle","Juzu Bracelet","Paper Crane","Sozu","Pen Nib","Bag of Preparation","Astrolabe","Whetstone","Bottled Lightning","Art of War"],"potions_floor_usage":[],"damage_taken":[{"damage":0.0,"enemies":"2 Louse","floor":1.0,"turns":4.0},{"damage":1.0,"enemies":"Jaw Worm","floor":5.0,"turns":3.0},{"damage":6.0,"enemies":"3 Sentries","floor":7.0,"turns":5.0},{"damage":8.0,"enemies":"Small Slimes","floor":11.0,"turns":4.0},{"damage":4.0,"enemies":"Lagavulin","floor":12.0,"turns":8.0},{"damage":0.0,"enemies":"Gremlin Gang","floor":14.0,"turns":6.0},{"damage":13.0,"enemies":"The Guardian","floor":16.0,"turns":17.0},{"damage":3.0,"enemies":"2 Thieves","floor":18.0,"turns":3.0},{"damage":11,"enemies":"3 Byrds","floor":19,"turns":5},{"damage":15,"enemies":"Snake Plant","floor":20,"turns":3},{"damage":4,"enemies":"Centurion and Healer","floor":21,"turns":5},{"damage":36,"enemies":"Book of Stabbing","floor":24,"turns":6},{"damage":4,"enemies":"Shelled Parasite and Fungi","floor":27,"turns":5},{"damage":17,"enemies":"Snake Plant","floor":28,"turns":3},{"damage":2,"enemies":"Chosen and Byrds","floor":31,"turns":5},{"damage":51,"enemies":"Collector","floor":33,"turns":8},{"damage":0,"enemies":"Orb Walker","floor":35,"turns":3},{"damage":1,"enemies":"3 Shapes","floor":39,"turns":3},{"damage":18,"enemies":"3 Darklings","floor":45,"turns":5},{"damage":6,"enemies":"Spire Growth","floor":46,"turns":4},{"damage":82,"enemies":"Time Eater","floor":50,"turns":9}],"seed_played":"5094053575550745165","potions_obtained":[{"floor":5.0,"key":"PowerPotion"},{"floor":11.0,"key":"Explosive Potion"},{"floor":14.0,"key":"SteroidPotion"}],"is_trial":false,"path_per_floor":["M","?","?","$","M","R","E","R","T","?","M","E","?","M","R","B",null,"M","M","M","M","?","R","E","R","T","M","M","?","R","M","R","B",null,"M","?","?","?","M","R","?","?","T","R","M","M","R","$","R","B"],"character_chosen":"THE_SILENT","items_purchased":["Apotheosis","Bottled Lightning","Dark Shackles","Setup","Leg Sweep","Bane","Poisoned Stab","Art of War"],"campfire_rested":7,"item_purchase_floors":[4,48,48,48,48,48,48,48],"current_hp_per_floor":[70,70,70,70,69,69,63,63,63,63,55,51,51,51,70,57,67,64,53,38,34,34,55,19,40,40,36,19,19,40,38,59,8,55,55,55,55,70,69,69,69,69,69,69,51,45,66,66,70,0],"gold":184,"neow_bonus":"RANDOM_COLORLESS_2","is_prod":false,"is_daily":false,"chose_seed":false,"campfire_upgraded":4,"win_rate":0,"timestamp":1554583986,"path_taken":["M","?","?","$","M","R","E","R","T","?","M","E","?","M","R","BOSS","M","M","M","M","?","R","E","R","T","M","M","?","R","M","R","BOSS","M","?","?","?","M","R","?","?","T","R","M","M","R","$","R","BOSS"],"build_version":"2019-01-23","purchased_purges":1,"victory":false,"max_hp_per_floor":[70,70,70,70,70,70,70,70,70,70,70,70,70,70,70,70,70,70,70,70,70,70,70,70,70,70,70,70,70,70,70,70,70,70,70,70,70,70,70,70,70,70,70,70,70,70,70,70,70,70],"card_choices":[{"not_picked":["Bane","Calculated Gamble"],"picked":"Choke","floor":1.0},{"not_picked":["Accuracy","Backflip"],"picked":"Cloak And Dagger","floor":5.0},{"not_picked":["Dagger Spray","Underhanded Strike"],"picked":"Blade Dance","floor":7.0},{"not_picked":["Dodge and Roll","Setup"],"picked":"Leg Sweep","floor":11.0},{"not_picked":["PiercingWail","Acrobatics"],"picked":"Grand Finale","floor":12.0},{"not_picked":["Backflip","Poisoned Stab"],"picked":"Backstab","floor":14.0},{"not_picked":["Corpse Explosion","Wraith Form v2"],"picked":"A Thousand Cuts","floor":16.0},{"not_picked":["Underhanded Strike+1","Leg Sweep"],"picked":"Terror","floor":18.0},{"not_picked":["Bane","Poisoned Stab+1"],"picked":"Heel Hook+1","floor":19},{"not_picked":["Dodge and Roll","Flechettes"],"picked":"Crippling Poison","floor":20},{"not_picked":["Poisoned Stab","Dagger Throw+1"],"picked":"Blade Dance+1","floor":21},{"not_picked":["Doppelganger","Cloak And Dagger"],"picked":"Poisoned Stab+1","floor":24},{"not_picked":["Bane","Flechettes"],"picked":"Deadly Poison+1","floor":27},{"not_picked":["Dagger Throw","Eviscerate"],"picked":"Bane","floor":28},{"not_picked":["PiercingWail","Heel Hook"],"picked":"Blade Dance","floor":31},{"not_picked":["Night Terror","Storm of Steel"],"picked":"Phantasmal Killer","floor":33},{"not_picked":["Dagger Spray+1","Outmaneuver"],"picked":"Poisoned Stab","floor":35},{"not_picked":["Skewer+1","Flechettes"],"picked":"Deflect+1","floor":39},{"not_picked":["Eviscerate","Tactician"],"picked":"Finisher","floor":45},{"not_picked":["Underhanded Strike+1","All Out Attack+1"],"picked":"Noxious Fumes","floor":46}],"player_experience":1164391,"relics_obtained":[{"floor":7.0,"key":"Ornamental Fan"},{"floor":9.0,"key":"Thread and Needle"},{"floor":12.0,"key":"Paper Crane"},{"floor":24,"key":"Pen Nib"},{"floor":26,"key":"Bag of Preparation"},{"floor":43,"key":"Whetstone"}],"event_choices":[{"damage_healed":0.0,"max_hp_gain":0.0,"max_hp_loss":0.0,"gold_gain":175.0,"event_name":"Liars Game","player_choice":"AGREE","floor":2.0,"gold_loss":0.0,"damage_taken":0.0,"cards_obtained":["Doubt"]},{"cards_removed":["Doubt"],"damage_healed":0.0,"max_hp_gain":0.0,"max_hp_loss":0.0,"gold_gain":0.0,"event_name":"Living Wall","player_choice":"Forget","floor":3.0,"gold_loss":0.0,"damage_taken":0.0},{"damage_healed":0.0,"max_hp_gain":0.0,"max_hp_loss":0.0,"gold_gain":0.0,"event_name":"Big Fish","player_choice":"Box","floor":10.0,"gold_loss":0.0,"damage_taken":0.0,"relics_obtained":["Juzu Bracelet"],"cards_obtained":["Regret"]},{"damage_healed":0.0,"max_hp_gain":0.0,"max_hp_loss":0.0,"gold_gain":0.0,"event_name":"Golden Idol","player_choice":"Take Wound","floor":13.0,"gold_loss":0.0,"damage_taken":0.0,"relics_obtained":["Golden Idol"],"cards_obtained":["Injury"]},{"damage_healed":0,"gold_gain":0,"player_choice":"Bet on Murderer","damage_taken":0,"max_hp_gain":0,"max_hp_loss":0,"event_name":"The Joust","floor":22,"gold_loss":50},{"cards_removed":["Regret"],"damage_healed":0,"gold_gain":0,"player_choice":"Elegance","damage_taken":0,"max_hp_gain":0,"max_hp_loss":0,"event_name":"Back to Basics","floor":29,"gold_loss":0},{"damage_healed":0,"gold_gain":0,"player_choice":"Ignored","damage_taken":0,"max_hp_gain":0,"max_hp_loss":0,"event_name":"Mysterious Sphere","floor":36,"gold_loss":0},{"damage_healed":0,"gold_gain":333,"player_choice":"Gave Idol","damage_taken":0,"max_hp_gain":0,"max_hp_loss":0,"event_name":"The Moai Head","floor":37,"relics_lost":["Golden Idol"],"gold_loss":0},{"damage_healed":18,"gold_gain":0,"player_choice":"Writhe","damage_taken":0,"max_hp_gain":0,"max_hp_loss":0,"event_name":"Winding Halls","floor":38,"gold_loss":0,"cards_obtained":["Writhe"]},{"cards_removed":["Writhe"],"damage_healed":0,"gold_gain":0,"player_choice":"Purged","damage_taken":0,"max_hp_gain":0,"max_hp_loss":0,"event_name":"Purifier","floor":41,"gold_loss":0},{"damage_healed":0,"gold_gain":0,"player_choice":"Ignored","damage_taken":0,"max_hp_gain":0,"max_hp_loss":0,"event_name":"Tomb of Lord Red Mask","floor":42,"gold_loss":0}],"is_beta":false,"boss_relics":[{"not_picked":["Ring of the Serpent","Velvet Choker"],"picked":"Sozu"},{"not_picked":["Black Star","Busted Crown"],"picked":"Astrolabe"}],"items_purged_floors":[48],"is_endless":false,"potions_floor_spawned":[5,11,14,20,24,28,31,33,45,46],"killed_by":"Time Eater","ascension_level":5}