{"gold_per_floor":[117,392,14,31,42,73,73,48,48,48,48,60,60,72,72,72],"floor_reached":16,"playtime":576,"items_purged":["Regret"],"score":190,"play_id":"36ba72ed-a452-402b-b550-934fa214c698","local_time":"20190618155316","is_ascension_mode":true,"campfire_choices":[{"data":"Neutralize","floor":7,"key":"SMITH"},{"data":"Footwork","floor":10,"key":"SMITH"},{"data":"Noxious Fumes","floor":13,"key":"SMITH"},{"floor":15,"key":"REST"}],"neow_cost":"NONE","seed_source_timestamp":1405164618703,"circlet_count":0,"master_deck":["AscendersBane","Defend_G","Defend_G","Defend_G","Defend_G","Defend_G","Strike_G","Strike_G","Strike_G","Strike_G","Strike_G","Survivor","Neutralize+1","Footwork+1","Noxious Fumes+1","Noxious Fumes","Deadly Poison","Dodge and Roll","Deflect"],"relics":["Ring of the Snake","Vajra","TwistedFunnel","Dodecahedron","Dream Catcher","FaceOfCleric"],"potions_floor_usage":[6,15],"damage_taken":[{"damage":1,"enemies":"Small Slimes","floor":1,"turns":3},{"damage":0,"enemies":"Cultist","floor":4,"turns":4},{"damage":2,"enemies":"Jaw Worm","floor":5,"turns":4},{"damage":30,"enemies":"Gremlin Nob","floor":6,"turns":4},{"damage":0,"enemies":"Large Slime","floor":12,"turns":5},{"damage":0,"enemies":"3 Louse","floor":14,"turns":4},{"damage":54,"enemies":"Slime Boss","floor":16,"turns":9}],"seed_played":"-2486040734626141664","potions_obtained":[{"floor":1,"key":"Ancient Potion"},{"floor":5,"key":"Poison Potion"},{"floor":14,"key":"Fruit Juice"}],"is_trial":false,"path_per_floor":["M","?","$","M","M","E","R","$","T","R","?","M","R","M","R","B"],"character_chosen":"THE_SILENT","items_purchased":["TwistedFunnel","Noxious Fumes","Dodge and Roll"],"campfire_rested":1,"item_purchase_floors":[3,3,8],"current_hp_per_floor":[58,58,58,58,56,26,26,26,26,26,26,27,27,28,54,0],"gold":72,"neow_bonus":"RANDOM_COMMON_RELIC","is_prod":false,"is_daily":false,"chose_seed":false,"campfire_upgraded":3,"win_rate":0,"timestamp":1560865996,"path_taken":["M","?","$","M","?","E","R","$","T","R","?","?","R","M","R","BOSS"],"build_version":"2019-01-23","purchased_purges":1,"victory":false,"max_hp_per_floor":[66,66,66,66,66,66,66,66,66,66,66,67,67,68,73,73],"card_choices":[{"not_picked":["Heel Hook","Catalyst"],"picked":"Footwork","floor":1},{"not_picked":["Acrobatics","Quick Slash"],"picked":"Noxious Fumes","floor":4},{"not_picked":["Caltrops","All Out Attack","Prepared"],"picked":"SKIP","floor":5},{"not_picked":["Bouncing Flask","Flying Knee"],"picked":"Deadly Poison","floor":6},{"not_picked":["Poisoned Stab","Bane"],"picked":"Deflect","floor":12},{"not_picked":["Blade Dance","Terror","Poisoned Stab"],"picked":"SKIP","floor":14}],"player_experience":783693,"relics_obtained":[{"floor":6,"key":"Dodecahedron"},{"floor":9,"key":"Dream Catcher"}],"event_choices":[{"damage_healed":0,"gold_gain":275,"player_choice":"Desecrate","damage_taken":0,"max_hp_gain":0,"max_hp_loss":0,"event_name":"Golden Shrine","floor":2,"gold_loss":0,"cards_obtained":["Regret"]},{"damage_healed":0,"gold_gain":0,"player_choice":"Trade","damage_taken":0,"relics_obtained":["FaceOfCleric"],"max_hp_gain":0,"max_hp_loss":0,"event_name":"FaceTrader","floor":11,"gold_loss":0}],"is_beta":false,"boss_relics":[],"items_purged_floors":[3],"is_endless":false,"potions_floor_spawned":[1,5,14],"killed_by":"Slime Boss","ascension_level":18}