{"gold_per_floor":[115,40,56,56,81,106,106,106,106,135,145,162,179,104,104,181,181,181,181,181,6,6,6,6,6,6,6,6],"floor_reached":28,"playtime":1074,"items_purged":["Strike_R"],"score":433,"play_id":"968552c5-6a59-480c-a541-df153fcc0089","local_time":"20190529163237","is_ascension_mode":true,"campfire_choices":[{"data":"Inflame","floor":7.0,"key":"SMITH"},{"data":"Heavy Blade","floor":15.0,"key":"SMITH"},{"floor":23.0,"key":"REST"}],"neow_cost":"NONE","seed_source_timestamp":1008436127251706,"circlet_count":0,"master_deck":["AscendersBane","Strike_R","Strike_R","Defend_R","Defend_R","Defend_R","Defend_R","Bash+1","Dropkick","Flame Barrier+1","Inflame+1","Thunderclap","Dropkick","Heavy Blade+1","Inflame","Limit Break","Sword Boomerang+1","Spot Weakness+1","Limit Break","Uppercut","Battle Trance","Disarm"],"special_seed":0,"relics":["Burning Blood","Pen Nib","Dodecahedron","Blue Candle","Pocketwatch","Ectoplasm","Oddly Smooth Stone"],"potions_floor_usage":[28],"damage_taken":[{"damage":4.0,"enemies":"Jaw Worm","floor":1.0,"turns":4.0},{"damage":4.0,"enemies":"2 Louse","floor":3.0,"turns":3.0},{"damage":45.0,"enemies":"3 Sentries","floor":6.0,"turns":12.0},{"damage":24.0,"enemies":"Gremlin Nob","floor":10.0,"turns":4.0},{"damage":0.0,"enemies":"Cultist","floor":11.0,"turns":2.0},{"damage":0.0,"enemies":"Blue Slaver","floor":12.0,"turns":3.0},{"damage":12.0,"enemies":"Exordium Wildlife","floor":13.0,"turns":3.0},{"damage":15.0,"enemies":"The Guardian","floor":16.0,"turns":7.0},{"damage":24.0,"enemies":"3 Byrds","floor":18.0,"turns":5.0},{"damage":27.0,"enemies":"Shell Parasite","floor":19.0,"turns":3.0},{"damage":13.0,"enemies":"Cultist and Chosen","floor":20.0,"turns":5.0},{"damage":32.0,"enemies":"Snecko","floor":22.0,"turns":5.0},{"damage":12.0,"enemies":"3 Cultists","floor":24.0,"turns":3.0},{"damage":24.0,"enemies":"Shelled Parasite and Fungi","floor":25.0,"turns":3.0},{"damage":18.0,"enemies":"Cultist and Chosen","floor":27.0,"turns":4.0},{"damage":21,"enemies":"Slavers","floor":28,"turns":1}],"seed_played":"8528911718670614635","potions_obtained":[{"floor":6.0,"key":"Weak Potion"},{"floor":11.0,"key":"PowerPotion"},{"floor":12.0,"key":"BloodPotion"},{"floor":13.0,"key":"Regen Potion"},{"floor":19.0,"key":"Regen Potion"},{"floor":22.0,"key":"Energy Potion"},{"floor":24.0,"key":"Energy Potion"}],"is_trial":false,"path_per_floor":["M","$","M","?","T","E","R","?","T","E","M","M","M","?","R","B",null,"M","M","M","$","M","R","M","M","T","M","E"],"character_chosen":"IRONCLAD","items_purchased":["Limit Break"],"campfire_rested":1,"item_purchase_floors":[21],"current_hp_per_floor":[70,70,72,72,72,33,33,33,33,15,21,27,21,21,21,19,61,43,22,49,49,23,45,39,21,21,9,0],"gold":6,"neow_bonus":"UPGRADE_CARD","is_prod":false,"is_daily":false,"chose_seed":false,"campfire_upgraded":2,"win_rate":0,"timestamp":1559169157,"path_taken":["M","$","M","?","?","E","R","?","T","E","M","?","M","?","R","BOSS","M","M","M","$","M","R","M","M","T","M","E"],"build_version":"2019-01-23","purchased_purges":1,"victory":false,"max_hp_per_floor":[75,75,75,75,75,75,75,75,75,75,75,75,75,75,75,75,75,75,75,75,75,75,75,75,75,75,75,75],"card_choices":[{"not_picked":["Headbutt","Seeing Red"],"picked":"Dropkick","floor":1.0},{"not_picked":["Warcry","Cleave"],"picked":"Flame Barrier","floor":3.0},{"not_picked":["Sword Boomerang","Exhume"],"picked":"Inflame","floor":6.0},{"not_picked":["Pommel Strike","Hemokinesis"],"picked":"Thunderclap","floor":10.0},{"not_picked":["Clothesline","Whirlwind"],"picked":"Dropkick","floor":11.0},{"not_picked":["Flex","Bloodletting"],"picked":"Heavy Blade","floor":12.0},{"not_picked":["Pommel Strike","Evolve"],"picked":"Inflame","floor":13.0},{"not_picked":["Juggernaut","Dark Embrace"],"picked":"Limit Break","floor":16.0},{"not_picked":["Cleave","Headbutt"],"picked":"Sword Boomerang+1","floor":18.0},{"not_picked":["Uppercut","Burning Pact"],"picked":"Spot Weakness+1","floor":19.0},{"not_picked":["Wild Strike+1","Heavy Blade","Corruption"],"picked":"SKIP","floor":20.0},{"not_picked":["Anger","Clash","Warcry"],"picked":"SKIP","floor":22.0},{"not_picked":["Anger+1","Power Through"],"picked":"Uppercut","floor":24.0},{"not_picked":["Juggernaut","Entrench"],"picked":"Battle Trance","floor":25.0},{"not_picked":["Shockwave","Cleave"],"picked":"Disarm","floor":27.0}],"player_experience":929402,"relics_obtained":[{"floor":5.0,"key":"Pen Nib"},{"floor":6.0,"key":"Dodecahedron"},{"floor":9.0,"key":"Blue Candle"},{"floor":10.0,"key":"Pocketwatch"},{"floor":26.0,"key":"Oddly Smooth Stone"}],"event_choices":[{"damage_healed":0.0,"max_hp_gain":0.0,"max_hp_loss":0.0,"gold_gain":0.0,"event_name":"Living Wall","player_choice":"Grow","floor":4.0,"gold_loss":0.0,"damage_taken":0.0,"cards_upgraded":["Flame Barrier"]},{"cards_removed":["Strike_R"],"damage_healed":0.0,"max_hp_gain":0.0,"max_hp_loss":0.0,"gold_gain":0.0,"event_name":"Bonfire Elementals","player_choice":"Offered Basic","floor":8.0,"gold_loss":0.0,"damage_taken":0.0},{"cards_removed":["Strike_R"],"damage_healed":0.0,"max_hp_gain":0.0,"max_hp_loss":0.0,"gold_gain":0.0,"event_name":"The Cleric","player_choice":"Card Removal","floor":14.0,"gold_loss":75.0,"damage_taken":0.0}],"is_beta":false,"boss_relics":[{"not_picked":["Tiny House","Velvet Choker"],"picked":"Ectoplasm"}],"items_purged_floors":[2],"is_endless":false,"potions_floor_spawned":[6,11,12,13,19,22,24],"killed_by":"Slavers","ascension_level":17}