{"gold_per_floor":[119,133,153,171,185,185,218,218,218,241,241,268,8,43,43,114,114,128,128,147,18,34,34,34,34,105,105,30,58,78,22,22,97,97,117,133,133,147,147,147,158,158,209,225,8,43,58,72,72,72],"floor_reached":51,"playtime":2715,"items_purged":["Strike_R","Writhe"],"score":1251,"play_id":"7b12d47f-92ad-4f0a-9e2b-5e740ac52d9a","local_time":"20190514010840","is_ascension_mode":true,"campfire_choices":[{"data":"Bash","floor":6.0,"key":"SMITH"},{"data":"Metallicize","floor":8.0,"key":"SMITH"},{"data":"Flex","floor":11.0,"key":"SMITH"},{"floor":15.0,"key":"REST"},{"data":"Panacea","floor":23.0,"key":"SMITH"},{"data":"Limit Break","floor":25.0,"key":"SMITH"},{"data":"Sword Boomerang","floor":27.0,"key":"SMITH"},{"data":"Evolve","floor":32.0,"key":"SMITH"},{"data":"Disarm","floor":40.0,"key":"SMITH"},{"data":"Flame Barrier","floor":42.0,"key":"SMITH"},{"data":"Feel No Pain","floor":49.0,"key":"SMITH"}],"neow_cost":"NONE","seed_source_timestamp":0,"circlet_count":0,"master_deck":["AscendersBane","Strike_R","Strike_R","Strike_R","Strike_R","Defend_R","Defend_R+1","Defend_R","Defend_R+1","Bash+1","Sword Boomerang+1","Pommel Strike","Shrug It Off","Wild Strike","Dropkick","Metallicize+1","Flex+1","Pommel Strike","Limit Break+1","Panacea+1","Berserk","Second Wind","Flex+1","Wild Strike","Evolve+1","Flame Barrier+1","Burning Pact","Wild Strike","Exhume","Disarm+1","True Grit+1","Shrug It Off","Whirlwind+1","Feel No Pain+1","Shockwave"],"special_seed":0,"relics":["Burning Blood","War Paint","Gremlin Horn","FossilizedHelix","Odd Mushroom","Bird Faced Urn","Letter Opener","Coffee Dripper","Self Forming Clay","Calipers","Sozu","Bag of Marbles","Bronze Scales"],"potions_floor_usage":[],"damage_taken":[{"damage":0.0,"enemies":"Cultist","floor":1.0,"turns":3.0},{"damage":11.0,"enemies":"Jaw Worm","floor":2.0,"turns":4.0},{"damage":4.0,"enemies":"Small Slimes","floor":3.0,"turns":3.0},{"damage":2.0,"enemies":"3 Louse","floor":4.0,"turns":5.0},{"damage":18.0,"enemies":"Blue Slaver","floor":5.0,"turns":4.0},{"damage":19.0,"enemies":"Lagavulin","floor":7.0,"turns":7.0},{"damage":12.0,"enemies":"The Mushroom Lair","floor":10.0,"turns":4.0},{"damage":23.0,"enemies":"3 Sentries","floor":12.0,"turns":10.0},{"damage":12.0,"enemies":"Gremlin Nob","floor":14.0,"turns":4.0},{"damage":19.0,"enemies":"The Guardian","floor":16.0,"turns":9.0},{"damage":6.0,"enemies":"2 Thieves","floor":18.0,"turns":4.0},{"damage":11.0,"enemies":"Spheric Guardian","floor":20.0,"turns":5.0},{"damage":11.0,"enemies":"Snake Plant","floor":22.0,"turns":3.0},{"damage":8.0,"enemies":"Colosseum Slavers","floor":24.0,"turns":5.0},{"damage":6.0,"enemies":"Gremlin Leader","floor":29.0,"turns":4.0},{"damage":0.0,"enemies":"Cultist and Chosen","floor":30.0,"turns":4.0},{"damage":57.0,"enemies":"Automaton","floor":33.0,"turns":9.0},{"damage":18.0,"enemies":"Orb Walker","floor":35.0,"turns":4.0},{"damage":27.0,"enemies":"3 Shapes","floor":36.0,"turns":4.0},{"damage":31.0,"enemies":"Sphere and 2 Shapes","floor":38.0,"turns":9.0},{"damage":0.0,"enemies":"Spire Growth","floor":41.0,"turns":5.0},{"damage":11.0,"enemies":"3 Darklings","floor":44.0,"turns":5.0},{"damage":30.0,"enemies":"Giant Head","floor":46.0,"turns":7.0},{"damage":0.0,"enemies":"4 Shapes","floor":47.0,"turns":4.0},{"damage":29.0,"enemies":"Transient","floor":48.0,"turns":5.0},{"damage":13,"enemies":"Time Eater","floor":50,"turns":12}],"seed_played":"-3012824135634188081","potions_obtained":[{"floor":1.0,"key":"Fire Potion"},{"floor":5.0,"key":"Strength Potion"},{"floor":12.0,"key":"SkillPotion"},{"floor":18.0,"key":"SneckoOil"},{"floor":20.0,"key":"SkillPotion"},{"floor":29.0,"key":"AttackPotion"}],"is_trial":false,"path_per_floor":["M","M","M","M","M","R","E","R","T","?","R","E","$","E","R","B",null,"M","?","M","$","M","R","?","R","T","R","$","E","M","$","R","B",null,"M","M","?","M","?","R","M","R","T","M","$","E","M","M","R","B",null],"character_chosen":"IRONCLAD","items_purchased":["Limit Break","Panacea","Wild Strike","Evolve","Wild Strike","Feel No Pain","Shockwave"],"campfire_rested":1,"item_purchase_floors":[13,13,21,21,31,45,45],"current_hp_per_floor":[74,69,71,75,63,63,50,50,50,44,44,27,27,23,45,34,65,67,46,43,43,38,38,38,38,38,38,38,44,54,54,54,9,62,52,33,49,28,28,28,38,38,38,39,39,23,37,18,18,17],"gold":72,"neow_bonus":"RANDOM_COMMON_RELIC","is_prod":false,"is_daily":false,"chose_seed":false,"campfire_upgraded":10,"win_rate":0,"timestamp":1557817720,"path_taken":["M","M","M","M","?","R","E","R","T","?","R","E","$","E","R","BOSS","M","?","M","$","M","R","?","R","T","R","?","E","?","$","R","BOSS","M","?","?","M","?","R","M","R","T","M","$","E","?","M","R","BOSS"],"build_version":"2019-01-23","purchased_purges":2,"victory":true,"max_hp_per_floor":[75,75,75,75,75,75,75,75,75,75,75,75,75,75,75,75,75,75,80,80,80,80,80,80,80,80,80,80,80,80,80,80,80,80,80,80,80,80,80,80,80,80,80,80,80,80,80,80,80,80],"card_choices":[{"not_picked":["Power Through","Flex"],"picked":"Sword Boomerang","floor":1.0},{"not_picked":["Searing Blow","Havoc"],"picked":"Pommel Strike","floor":2.0},{"not_picked":["Evolve","Twin Strike"],"picked":"Shrug It Off","floor":3.0},{"not_picked":["True Grit","Fiend Fire"],"picked":"Wild Strike","floor":4.0},{"not_picked":["Iron Wave","Perfected Strike"],"picked":"Dropkick","floor":5.0},{"not_picked":["Armaments","Warcry"],"picked":"Metallicize","floor":7.0},{"not_picked":["Pommel Strike","Ghostly Armor"],"picked":"Flex","floor":10.0},{"not_picked":["Hemokinesis","Body Slam"],"picked":"Pommel Strike","floor":12.0},{"not_picked":["Combust","Anger","Infernal Blade"],"picked":"SKIP","floor":14.0},{"not_picked":["Brutality","Bludgeon"],"picked":"Berserk","floor":16.0},{"not_picked":["Seeing Red","Wild Strike+1"],"picked":"Second Wind","floor":18.0},{"not_picked":["Body Slam","Heavy Blade"],"picked":"Flex+1","floor":20.0},{"not_picked":["Armaments","Hemokinesis+1","Entrench"],"picked":"SKIP","floor":22.0},{"not_picked":["Heavy Blade+1","Metallicize"],"picked":"Flame Barrier","floor":29.0},{"not_picked":["Reckless Charge","Second Wind"],"picked":"Burning Pact","floor":30.0},{"not_picked":["Bludgeon","Brutality"],"picked":"Exhume","floor":33.0},{"not_picked":["Havoc","Uppercut"],"picked":"Disarm","floor":35.0},{"not_picked":["Dropkick","True Grit","Havoc"],"picked":"SKIP","floor":36.0},{"not_picked":["Dropkick","Havoc"],"picked":"True Grit","floor":36.0},{"not_picked":["Cleave","Flex","Fiend Fire"],"picked":"SKIP","floor":38.0},{"not_picked":["Heavy Blade","Inflame"],"picked":"Shrug It Off","floor":41.0},{"not_picked":["Spot Weakness","Inflame"],"picked":"Whirlwind+1","floor":44.0},{"not_picked":["Spot Weakness","Fire Breathing+1","Ghostly Armor+1"],"picked":"SKIP","floor":46.0},{"not_picked":["Cleave","Shockwave","Flex+1"],"picked":"SKIP","floor":47.0},{"not_picked":["Shockwave+1","Searing Blow","Flex"],"picked":"SKIP","floor":48.0}],"player_experience":897465,"relics_obtained":[{"floor":7.0,"key":"Gremlin Horn"},{"floor":9.0,"key":"FossilizedHelix"},{"floor":10.0,"key":"Odd Mushroom"},{"floor":12.0,"key":"Bird Faced Urn"},{"floor":14.0,"key":"Letter Opener"},{"floor":26.0,"key":"Self Forming Clay"},{"floor":29.0,"key":"Calipers"},{"floor":43.0,"key":"Bag of Marbles"},{"floor":46.0,"key":"Bronze Scales"}],"event_choices":[{"damage_healed":0.0,"max_hp_gain":0.0,"max_hp_loss":0.0,"gold_gain":0.0,"event_name":"Mushrooms","player_choice":"Fought Mushrooms","floor":10.0,"gold_loss":0.0,"damage_taken":0.0},{"damage_healed":0.0,"max_hp_gain":5.0,"max_hp_loss":0.0,"gold_gain":0.0,"event_name":"Forgotten Altar","player_choice":"Shed Blood","floor":19.0,"gold_loss":0.0,"damage_taken":26.0},{"damage_healed":0.0,"max_hp_gain":0.0,"max_hp_loss":0.0,"gold_gain":0.0,"event_name":"Colosseum","player_choice":"Fight","floor":24.0,"gold_loss":0.0,"damage_taken":0.0},{"damage_healed":0.0,"max_hp_gain":0.0,"max_hp_loss":0.0,"gold_gain":0.0,"event_name":"Colosseum","player_choice":"Fled From Nobs","floor":24.0,"gold_loss":0.0,"damage_taken":0.0},{"damage_healed":16.0,"max_hp_gain":0.0,"max_hp_loss":0.0,"gold_gain":0.0,"event_name":"Winding Halls","player_choice":"Writhe","floor":37.0,"gold_loss":0.0,"damage_taken":0.0,"cards_obtained":["Writhe"]},{"damage_healed":0.0,"max_hp_gain":0.0,"max_hp_loss":0.0,"gold_gain":0.0,"event_name":"Accursed Blacksmith","player_choice":"Forge","floor":39.0,"gold_loss":0.0,"damage_taken":0.0,"cards_upgraded":["True Grit"]}],"is_beta":false,"boss_relics":[{"not_picked":["Snecko Eye","Black Blood"],"picked":"Coffee Dripper"},{"not_picked":["Runic Pyramid","Cursed Key"],"picked":"Sozu"}],"items_purged_floors":[28,45],"is_endless":false,"potions_floor_spawned":[1,5,12,14,16,18,20,24,29,41,47],"ascension_level":16}