{"gold_per_floor":[109,109,1,17,17,17,44,44,44,44,75,90,110,87,87,183,183,203,203,215,140,140,140,68,68,68,88,99,99,99],"floor_reached":30,"playtime":4727,"items_purged":[],"score":354,"play_id":"16bf0882-6558-4774-9bf3-998db52b86e2","local_time":"20190310143449","is_ascension_mode":true,"campfire_choices":[{"data":"Bandage Up","floor":6.0,"key":"SMITH"},{"data":"Clothesline","floor":8.0,"key":"SMITH"},{"data":"Hemokinesis","floor":10.0,"key":"SMITH"},{"data":"Body Slam","floor":15.0,"key":"SMITH"},{"floor":23,"key":"REST"},{"floor":25,"key":"REST"}],"neow_cost":"NONE","seed_source_timestamp":165592569135816,"circlet_count":0,"master_deck":["AscendersBane","Bash+1","Cleave+1","Bandage Up+1","Clothesline+1","Dropkick","Hemokinesis+1","Body Slam+1","Limit Break","Pummel","Impervious","Rampage","Evolve","Reckless Charge","Berserk","Disarm","Double Tap","Limit Break","Pommel Strike","Rupture","Combust","Flex","Flex"],"special_seed":0,"relics":["Burning Blood","NlothsMask","Anchor","Happy Flower","Pandora\u0027s Box","Matryoshka","Bottled Lightning","Frozen Egg 2"],"potions_floor_usage":[27,30],"damage_taken":[{"damage":7.0,"enemies":"Small Slimes","floor":1.0,"turns":4.0},{"damage":6.0,"enemies":"Cultist","floor":4.0,"turns":3.0},{"damage":42.0,"enemies":"Lagavulin","floor":7.0,"turns":7.0},{"damage":7.0,"enemies":"Gremlin Nob","floor":11.0,"turns":3.0},{"damage":0.0,"enemies":"2 Louse","floor":12.0,"turns":3.0},{"damage":4.0,"enemies":"Exordium Wildlife","floor":13.0,"turns":3.0},{"damage":75.0,"enemies":"Hexaghost","floor":16.0,"turns":10.0},{"damage":37,"enemies":"Spheric Guardian","floor":18,"turns":5},{"damage":39,"enemies":"3 Byrds","floor":20,"turns":5},{"damage":38,"enemies":"Snake Plant","floor":27,"turns":5},{"damage":37,"enemies":"Cultist and Chosen","floor":28,"turns":5},{"damage":25,"enemies":"Slavers","floor":30,"turns":1}],"seed_played":"-5000587064956520643","potions_obtained":[{"floor":4.0,"key":"BloodPotion"},{"floor":11.0,"key":"Block Potion"},{"floor":13.0,"key":"SkillPotion"},{"floor":20,"key":"Poison Potion"},{"floor":28,"key":"Regen Potion"}],"is_trial":false,"path_per_floor":["M","?","$","M","?","R","E","R","T","R","E","M","M","?","R","B",null,"M","?","M","?","?","R","$","R","T","M","M","T","E"],"character_chosen":"IRONCLAD","items_purchased":["Bandage Up","Clothesline","Combust"],"campfire_rested":2,"item_purchase_floors":[3,3,24],"current_hp_per_floor":[71,71,71,75,75,75,53,53,53,53,58,70,78,78,78,15,64,39,39,12,12,12,36,36,60,60,34,9,9,0],"gold":99,"neow_bonus":"UPGRADE_CARD","is_prod":false,"is_daily":false,"chose_seed":false,"campfire_upgraded":4,"win_rate":0,"timestamp":1552188889,"path_taken":["M","?","$","?","?","R","E","R","T","R","E","?","M","?","R","BOSS","M","?","M","?","?","R","?","R","T","?","M","?","E"],"build_version":"2019-01-23","purchased_purges":0,"victory":false,"max_hp_per_floor":[80,80,80,80,80,80,80,80,80,80,80,80,80,80,80,80,80,80,80,80,80,80,80,80,80,80,80,80,80,80],"card_choices":[{"not_picked":["Dual Wield","Havoc"],"picked":"Cleave","floor":1.0},{"not_picked":["Clothesline","Thunderclap"],"picked":"Dropkick","floor":4.0},{"not_picked":["Thunderclap","Havoc"],"picked":"Hemokinesis","floor":7.0},{"not_picked":["Searing Blow","Twin Strike"],"picked":"Body Slam","floor":11.0},{"not_picked":["Flex","True Grit"],"picked":"Limit Break","floor":12.0},{"not_picked":["Anger","Cleave"],"picked":"Pummel","floor":13.0},{"not_picked":["Double Tap","Brutality"],"picked":"Impervious","floor":16.0},{"not_picked":["Perfected Strike","Body Slam"],"picked":"Pommel Strike","floor":18},{"not_picked":["Sever Soul","Headbutt"],"picked":"Rupture","floor":20},{"not_picked":["Uppercut","Armaments"],"picked":"Flex","floor":27},{"not_picked":["Disarm","Combust"],"picked":"Flex","floor":28}],"player_experience":877598,"relics_obtained":[{"floor":7.0,"key":"Anchor"},{"floor":11.0,"key":"Happy Flower"},{"floor":26,"key":"Matryoshka"},{"floor":29,"key":"Bottled Lightning"},{"floor":29,"key":"Frozen Egg 2"}],"event_choices":[{"damage_healed":0.0,"max_hp_gain":0.0,"max_hp_loss":0.0,"gold_gain":0.0,"event_name":"Upgrade Shrine","player_choice":"Upgraded","floor":2.0,"gold_loss":0.0,"damage_taken":0.0,"cards_upgraded":["Cleave"]},{"damage_healed":0.0,"max_hp_gain":0.0,"max_hp_loss":0.0,"gold_gain":0.0,"event_name":"FaceTrader","player_choice":"Trade","floor":5.0,"gold_loss":0.0,"damage_taken":0.0,"relics_obtained":["NlothsMask"]},{"damage_healed":0.0,"max_hp_gain":0.0,"max_hp_loss":0.0,"gold_gain":0.0,"event_name":"World of Goop","player_choice":"Left Gold","floor":14.0,"gold_loss":23.0,"damage_taken":0.0},{"cards_removed":["Dark Embrace"],"damage_healed":0,"gold_gain":0,"player_choice":"Elegance","damage_taken":0,"max_hp_gain":0,"max_hp_loss":0,"event_name":"Back to Basics","floor":19,"gold_loss":0},{"cards_removed":["Evolve"],"damage_healed":0,"gold_gain":0,"player_choice":"Gave Gold","damage_taken":0,"max_hp_gain":0,"max_hp_loss":0,"event_name":"Beggar","floor":21,"gold_loss":75},{"damage_healed":0,"gold_gain":0,"player_choice":"Ignored","damage_taken":0,"max_hp_gain":0,"max_hp_loss":0,"event_name":"Cursed Tome","floor":22,"gold_loss":0}],"is_beta":false,"boss_relics":[{"not_picked":["Snecko Eye","Runic Dome"],"picked":"Pandora\u0027s Box"}],"items_purged_floors":[],"is_endless":false,"potions_floor_spawned":[4,11,13,20,28],"killed_by":"Slavers","ascension_level":10}