{"gold_per_floor":[116,131,131,51,51,80,80,115,115,144,144,159,109,126,126,229,229,243,225,24,24,24,24,34,34,80,80,3,22,22,54,54,153,153,164,180,180,180],"floor_reached":38,"playtime":8211,"items_purged":[],"score":640,"play_id":"a0c20029-3876-404f-aee6-4e0328377649","local_time":"20190306225005","is_ascension_mode":true,"campfire_choices":[{"data":"Combust","floor":7,"key":"SMITH"},{"floor":11,"key":"REST"},{"data":"Wild Strike","floor":15,"key":"SMITH"},{"data":"Demon Form","floor":23,"key":"SMITH"},{"floor":25,"key":"REST"},{"data":"Corruption","floor":27,"key":"SMITH"},{"data":"Inflame","floor":30,"key":"SMITH"},{"data":"1","floor":32,"key":"LIFT"}],"neow_cost":"NONE","seed_source_timestamp":175363281068084,"circlet_count":0,"master_deck":["AscendersBane","Strike_R+1","Defend_R","Defend_R","Defend_R","Defend_R+1","Bash","Power Through","Evolve","Combust+1","Corruption+1","Wild Strike+1","Shockwave+1","Body Slam","Feed","Demon Form+1","Iron Wave","Feel No Pain","RitualDagger","Shockwave+1","Inflame+1","Sword Boomerang+1","Power Through+1","Fiend Fire","Seeing Red+1","Iron Wave+1","Offering+1","Twin Strike","Heavy Blade"],"special_seed":0,"relics":["Burning Blood","Orichalcum","Nunchaku","Toxic Egg 2","Darkstone Periapt","Regal Pillow","Lizard Tail","Lee\u0027s Waffle","Dream Catcher","Girya","Astrolabe"],"potions_floor_usage":[8,10,16,18,31],"damage_taken":[{"damage":0,"enemies":"Cultist","floor":1,"turns":3},{"damage":11,"enemies":"Jaw Worm","floor":2,"turns":4},{"damage":19,"enemies":"Gremlin Nob","floor":6,"turns":5},{"damage":14,"enemies":"Lagavulin","floor":8,"turns":7},{"damage":27,"enemies":"3 Sentries","floor":10,"turns":7},{"damage":7,"enemies":"Small Slimes","floor":12,"turns":4},{"damage":9,"enemies":"Gremlin Gang","floor":14,"turns":4},{"damage":22,"enemies":"Slime Boss","floor":16,"turns":9},{"damage":36,"enemies":"Chosen","floor":18,"turns":7},{"damage":22,"enemies":"2 Thieves","floor":19,"turns":4},{"damage":56,"enemies":"3 Cultists","floor":24,"turns":7},{"damage":26,"enemies":"Centurion and Healer","floor":29,"turns":6},{"damage":39,"enemies":"Gremlin Leader","floor":31,"turns":8},{"damage":66,"enemies":"Automaton","floor":33,"turns":11},{"damage":26,"enemies":"3 Shapes","floor":35,"turns":5},{"damage":52,"enemies":"3 Darklings","floor":36,"turns":6},{"damage":30,"enemies":"4 Shapes","floor":38,"turns":1}],"seed_played":"4745758749384944949","potions_obtained":[{"floor":1,"key":"Block Potion"},{"floor":6,"key":"BloodPotion"},{"floor":8,"key":"FearPotion"},{"floor":14,"key":"PowerPotion"},{"floor":29,"key":"BloodPotion"},{"floor":33,"key":"EssenceOfSteel"},{"floor":36,"key":"Explosive Potion"}],"is_trial":false,"path_per_floor":["M","M","?","$","?","E","R","E","T","E","R","M","?","M","R","B",null,"M","M","$","?","?","R","M","R","T","R","$","M","R","E","R","B",null,"M","M","?","M"],"character_chosen":"IRONCLAD","items_purchased":["Combust","Lee\u0027s Waffle","Inflame"],"campfire_rested":2,"item_purchase_floors":[4,20,28],"current_hp_per_floor":[78,73,57,57,49,36,36,36,36,15,54,53,53,50,50,37,72,45,29,93,87,87,87,40,83,83,83,83,63,63,39,39,37,81,64,18,18,0],"gold":180,"neow_bonus":"RANDOM_COMMON_RELIC","is_prod":false,"is_daily":false,"chose_seed":false,"campfire_upgraded":5,"win_rate":0,"timestamp":1551873005,"path_taken":["M","?","?","$","?","E","R","E","T","E","R","?","?","M","R","BOSS","M","M","$","?","?","R","?","R","T","R","?","M","R","E","R","BOSS","M","?","?","M"],"build_version":"2019-01-23","purchased_purges":0,"victory":false,"max_hp_per_floor":[80,80,80,80,80,80,80,80,80,80,80,80,80,80,80,83,83,86,86,93,93,93,93,96,96,96,96,96,96,96,96,96,96,96,99,99,99,99],"card_choices":[{"not_picked":["Searing Blow","True Grit"],"picked":"Power Through","floor":1},{"not_picked":["Cleave","Thunderclap"],"picked":"Evolve","floor":2},{"not_picked":["Armaments","Pommel Strike"],"picked":"Corruption","floor":6},{"not_picked":["Cleave","Anger"],"picked":"Wild Strike","floor":8},{"not_picked":["Clash","Dropkick"],"picked":"Shockwave+1","floor":10},{"not_picked":["Shockwave+1","Clothesline"],"picked":"Body Slam","floor":12},{"not_picked":["Cleave","Clash"],"picked":"Feed","floor":14},{"not_picked":["Barricade","Juggernaut"],"picked":"Demon Form","floor":16},{"not_picked":["Body Slam","Headbutt"],"picked":"Iron Wave","floor":18},{"not_picked":["Ghostly Armor+1","Evolve"],"picked":"Feel No Pain","floor":19},{"not_picked":["Perfected Strike","Clash+1"],"picked":"Shockwave+1","floor":24},{"not_picked":["True Grit+1","Intimidate+1"],"picked":"Sword Boomerang+1","floor":29},{"not_picked":["Headbutt","Clothesline"],"picked":"Power Through+1","floor":31},{"not_picked":["Juggernaut","Brutality"],"picked":"Fiend Fire","floor":33},{"not_picked":["Warcry+1","Sever Soul"],"picked":"Twin Strike","floor":35},{"not_picked":["Hemokinesis","Warcry+1"],"picked":"Heavy Blade","floor":36}],"player_experience":835751,"relics_obtained":[{"floor":6,"key":"Nunchaku"},{"floor":8,"key":"Toxic Egg 2"},{"floor":9,"key":"Darkstone Periapt"},{"floor":10,"key":"Regal Pillow"},{"floor":26,"key":"Dream Catcher"},{"floor":31,"key":"Girya"}],"event_choices":[{"damage_healed":0,"gold_gain":0,"player_choice":"Entered Light","damage_taken":16,"max_hp_gain":0,"max_hp_loss":0,"event_name":"Shining Light","floor":3,"gold_loss":0,"cards_upgraded":["Defend_R","Strike_R"]},{"damage_healed":0,"gold_gain":0,"player_choice":"Damaged","damage_taken":8,"max_hp_gain":0,"max_hp_loss":0,"event_name":"Wheel of Change","floor":5,"gold_loss":0},{"cards_removed":["Strike_R"],"damage_healed":0,"gold_gain":0,"player_choice":"Card Removal","damage_taken":0,"max_hp_gain":0,"max_hp_loss":0,"event_name":"The Cleric","floor":13,"gold_loss":50},{"damage_healed":0,"gold_gain":0,"player_choice":"Joined the Cult","damage_taken":6,"max_hp_gain":0,"max_hp_loss":0,"event_name":"Nest","floor":21,"gold_loss":0,"cards_obtained":["RitualDagger"]},{"damage_healed":0,"gold_gain":0,"player_choice":"Ignored","damage_taken":0,"max_hp_gain":0,"max_hp_loss":0,"event_name":"Vampires","floor":22,"gold_loss":0},{"damage_healed":0,"gold_gain":0,"player_choice":"Ignored","damage_taken":0,"max_hp_gain":0,"max_hp_loss":0,"event_name":"Mysterious Sphere","floor":37,"gold_loss":0}],"is_beta":false,"boss_relics":[{"not_picked":["Empty Cage","Runic Pyramid"],"picked":"Lizard Tail"},{"not_picked":["Runic Dome","Sozu"],"picked":"Astrolabe"}],"items_purged_floors":[],"is_endless":false,"potions_floor_spawned":[1,6,8,14,29,33,36],"killed_by":"4 Shapes","ascension_level":10}