{"gold_per_floor":[115,115,138,138,163,206,48,48,75,75,75,75,116,129,129,227,227,240,240,240,255,21,21,41,68,93,124,124,144,184,99,99,198,198,222,222,237,237,114,114,145,145,168,168,201,201,220,261,273,285],"floor_reached":51,"playtime":2603,"items_purged":["Strike_B","Defend_B+1"],"score":1404,"play_id":"0635238a-3747-46a5-8883-936d45fb1c3f","local_time":"20190419005723","is_ascension_mode":true,"campfire_choices":[{"data":"Hologram","floor":8.0,"key":"SMITH"},{"data":"Lockon","floor":10.0,"key":"SMITH"},{"data":"Doom and Gloom","floor":12.0,"key":"SMITH"},{"data":"Cold Snap","floor":15.0,"key":"SMITH"},{"data":"Seek","floor":23,"key":"SMITH"},{"data":"Loop","floor":28,"key":"SMITH"},{"data":"Go for the Eyes","floor":32,"key":"SMITH"},{"data":"Defragment","floor":40,"key":"SMITH"},{"floor":42,"key":"REST"},{"data":"Reinforced Body","floor":44,"key":"SMITH"},{"data":"Creative AI","floor":46,"key":"SMITH"},{"floor":49,"key":"REST"}],"neow_cost":"NONE","seed_source_timestamp":2736666980637,"circlet_count":0,"master_deck":["AscendersBane","Strike_B+1","Strike_B+1","Defend_B+1","Defend_B+1","Defend_B+1","Zap+1","Dualcast","Compile Driver","Coolheaded","Doom and Gloom+1","Lockon+1","Cold Snap+1","Hologram+1","Auto Shields","Seek+1","Glacier","Loop+1","Go for the Eyes+1","Cold Snap","Rip and Tear","Creative AI+1","Echo Form","Undo","Secret Technique","Defragment+1","Reinforced Body+1"],"special_seed":0,"relics":["Cracked Core","NeowsBlessing","Golden Idol","Lantern","Oddly Smooth Stone","Centennial Puzzle","Velvet Choker","Dream Catcher","DataDisk","PreservedInsect","Singing Bowl","Mercury Hourglass","Sozu","Happy Flower","Smiling Mask","Sundial","MawBank"],"potions_floor_usage":[33],"damage_taken":[{"damage":0.0,"enemies":"2 Louse","floor":1.0,"turns":1.0},{"damage":0.0,"enemies":"Jaw Worm","floor":3.0,"turns":1.0},{"damage":0.0,"enemies":"Small Slimes","floor":5.0,"turns":1.0},{"damage":14.0,"enemies":"Gremlin Nob","floor":6.0,"turns":3.0},{"damage":8.0,"enemies":"3 Sentries","floor":13.0,"turns":3.0},{"damage":4.0,"enemies":"Exordium Wildlife","floor":14.0,"turns":2.0},{"damage":18.0,"enemies":"Slime Boss","floor":16.0,"turns":6.0},{"damage":8.0,"enemies":"Shell Parasite","floor":18.0,"turns":4.0},{"damage":0,"enemies":"2 Thieves","floor":21,"turns":3},{"damage":0,"enemies":"Snecko","floor":24,"turns":4},{"damage":3,"enemies":"Book of Stabbing","floor":27,"turns":5},{"damage":0,"enemies":"Snake Plant","floor":29,"turns":4},{"damage":0,"enemies":"Gremlin Leader","floor":30,"turns":5},{"damage":41,"enemies":"Automaton","floor":33,"turns":10},{"damage":0,"enemies":"Orb Walker","floor":35,"turns":3},{"damage":0,"enemies":"3 Shapes","floor":37,"turns":3},{"damage":15,"enemies":"Reptomancer","floor":41,"turns":7},{"damage":4,"enemies":"Giant Head","floor":45,"turns":7},{"damage":17,"enemies":"Maw","floor":47,"turns":6},{"damage":16,"enemies":"Nemesis","floor":48,"turns":9},{"damage":33,"enemies":"Awakened One","floor":50,"turns":16}],"seed_played":"3753163090513615392","potions_obtained":[{"floor":3.0,"key":"AttackPotion"},{"floor":5.0,"key":"SpeedPotion"},{"floor":16.0,"key":"Block Potion"}],"is_trial":false,"path_per_floor":["M","?","M","?","M","E","$","R","T","R","?","R","E","M","R","B",null,"M","?","?","M","$","R","M","T","T","E","R","M","E","?","R","B",null,"M","?","M","?","$","R","E","R","T","R","E","R","M","E","R","B",null],"character_chosen":"DEFECT","items_purchased":["Cold Snap","Hologram","Loop","Go for the Eyes","Defragment","Reinforced Body"],"campfire_rested":2,"item_purchase_floors":[7,7,22,22,39,39],"current_hp_per_floor":[64,64,64,64,64,50,50,50,50,50,50,50,42,38,38,20,53,45,45,45,45,45,45,45,45,45,42,42,42,42,42,42,1,48,50,50,50,50,50,50,37,59,59,59,57,57,42,28,52,19],"gold":297,"neow_bonus":"THREE_ENEMY_KILL","is_prod":false,"is_daily":false,"chose_seed":false,"campfire_upgraded":10,"win_rate":0,"timestamp":1555657043,"path_taken":["M","?","M","?","M","E","$","R","T","R","?","R","E","M","R","BOSS","M","?","?","M","$","R","M","?","T","E","R","M","E","?","R","BOSS","M","?","M","?","$","R","E","R","T","R","E","R","?","E","R","BOSS"],"build_version":"2019-01-23","purchased_purges":2,"victory":true,"max_hp_per_floor":[71,64,64,64,64,64,64,64,64,64,64,64,64,64,64,64,64,64,64,64,64,64,64,64,64,64,64,64,64,64,64,64,64,64,66,66,66,66,66,66,68,70,70,70,72,72,74,76,78,78],"card_choices":[{"not_picked":["Heatsinks","Hello World"],"picked":"Compile Driver","floor":1.0},{"not_picked":["Redo","Doom and Gloom"],"picked":"Coolheaded","floor":3.0},{"not_picked":["Hologram","Turbo"],"picked":"Doom and Gloom","floor":5.0},{"not_picked":["Recycle","Sweeping Beam"],"picked":"Lockon","floor":6.0},{"not_picked":["Sweeping Beam","Gash","Meteor Strike"],"picked":"SKIP","floor":13.0},{"not_picked":["Redo","Leap"],"picked":"Auto Shields","floor":14.0},{"not_picked":["All For One","Meteor Strike"],"picked":"Seek","floor":16.0},{"not_picked":["Static Discharge","Barrage","Double Energy"],"picked":"SKIP","floor":18},{"not_picked":["Lockon","Barrage","Hologram"],"picked":"SKIP","floor":21},{"not_picked":["Go for the Eyes","Glacier"],"picked":"Cold Snap","floor":24},{"not_picked":["Cold Snap","Hologram+1","Leap"],"picked":"SKIP","floor":27},{"not_picked":["Cold Snap","Hologram+1","Leap"],"picked":"SKIP","floor":27},{"not_picked":["Conserve Battery","Ball Lightning"],"picked":"Rip and Tear","floor":29},{"not_picked":["Rebound","Genetic Algorithm"],"picked":"Creative AI","floor":30},{"not_picked":["Multi-Cast","Buffer"],"picked":"Echo Form","floor":33},{"not_picked":["Sweeping Beam","Doom and Gloom","Hello World+1"],"picked":"Singing Bowl","floor":35},{"not_picked":["Sweeping Beam","Scrape"],"picked":"Undo","floor":37},{"not_picked":["Blind","Secret Weapon"],"picked":"Secret Technique","floor":38},{"not_picked":["Undo","Barrage+1","Sunder+1"],"picked":"Singing Bowl","floor":41},{"not_picked":["Streamline","Sweeping Beam+1","Rebound"],"picked":"Singing Bowl","floor":42},{"not_picked":["Skim","Lockon+1","Sweeping Beam"],"picked":"Singing Bowl","floor":45},{"not_picked":["Conserve Battery","Gash","Streamline+1"],"picked":"Singing Bowl","floor":47},{"not_picked":["Conserve Battery","Chill+1","Cold Snap"],"picked":"Singing Bowl","floor":48},{"not_picked":["White Noise","Aggregate","Sweeping Beam"],"picked":"Singing Bowl","floor":49}],"player_experience":862466,"relics_obtained":[{"floor":6.0,"key":"Lantern"},{"floor":9.0,"key":"Oddly Smooth Stone"},{"floor":13.0,"key":"Centennial Puzzle"},{"floor":25,"key":"Dream Catcher"},{"floor":26,"key":"DataDisk"},{"floor":27,"key":"PreservedInsect"},{"floor":30,"key":"Singing Bowl"},{"floor":41,"key":"Happy Flower"},{"floor":43,"key":"Smiling Mask"},{"floor":45,"key":"Sundial"},{"floor":48,"key":"MawBank"}],"event_choices":[{"damage_healed":0.0,"max_hp_gain":0.0,"max_hp_loss":7.0,"gold_gain":0.0,"event_name":"Golden Idol","player_choice":"Lose Max HP","floor":2.0,"gold_loss":0.0,"damage_taken":0.0,"relics_obtained":["Golden Idol"]},{"damage_healed":0.0,"max_hp_gain":0.0,"max_hp_loss":0.0,"gold_gain":0.0,"event_name":"Living Wall","player_choice":"Grow","floor":4.0,"gold_loss":0.0,"damage_taken":0.0,"cards_upgraded":["Zap"]},{"damage_healed":0.0,"max_hp_gain":0.0,"max_hp_loss":0.0,"gold_gain":0.0,"event_name":"Liars Game","player_choice":"Ignored","floor":11.0,"gold_loss":0.0,"damage_taken":0.0},{"damage_healed":0,"gold_gain":0,"player_choice":"Simplicity","damage_taken":0,"max_hp_gain":0,"max_hp_loss":0,"event_name":"Back to Basics","floor":19,"gold_loss":0,"cards_upgraded":["Strike_B","Strike_B","Strike_B","Defend_B","Defend_B","Defend_B","Defend_B"]},{"damage_healed":0,"gold_gain":0,"player_choice":"Read","damage_taken":0,"max_hp_gain":0,"max_hp_loss":0,"event_name":"The Library","floor":20,"gold_loss":0,"cards_obtained":["Glacier"]},{"damage_healed":0,"gold_gain":0,"player_choice":"Obtained Relic","damage_taken":0,"relics_obtained":["Mercury Hourglass"],"max_hp_gain":0,"max_hp_loss":0,"event_name":"Addict","floor":31,"gold_loss":85},{"cards_removed":["Strike_B"],"damage_healed":0,"gold_gain":0,"player_choice":"Removed Attack","damage_taken":0,"max_hp_gain":0,"max_hp_loss":0,"event_name":"Falling","floor":36,"gold_loss":0},{"damage_healed":0,"gold_gain":0,"player_choice":"Memory 1","damage_taken":0,"max_hp_gain":0,"max_hp_loss":0,"event_name":"SensoryStone","floor":38,"gold_loss":0}],"is_beta":false,"boss_relics":[{"not_picked":["Runic Pyramid","Lizard Tail"],"picked":"Velvet Choker"},{"not_picked":["Fusion Hammer","Orrery"],"picked":"Sozu"}],"items_purged_floors":[7,22],"is_endless":false,"potions_floor_spawned":[3,5,16,18,24,29,48],"ascension_level":16}