{"gold_per_floor":[359,319,168,178,195,195,195,195,277,309,321,341,192,209,209,308,308,327,170,186,101,26,57,57,85,159,159,159,258,258,29,29,133,133,145,145,145,161,161,161,192,192,192,219,219,232,232,257,257,257],"floor_reached":51,"playtime":3369,"items_purged":["Strike_R"],"score":1050,"play_id":"cdcf7770-be0a-443b-98a5-ada184597628","local_time":"20190605203623","is_ascension_mode":true,"campfire_choices":[{"data":"True Grit","floor":6,"key":"SMITH"},{"data":"Inflame","floor":8,"key":"SMITH"},{"data":"Inflame","floor":15,"key":"SMITH"},{"data":"Evolve","floor":24,"key":"SMITH"},{"data":"Juggernaut","floor":27,"key":"SMITH"},{"data":"Inflame","floor":30,"key":"SMITH"},{"data":"Feel No Pain","floor":32,"key":"SMITH"},{"data":"Heavy Blade","floor":40,"key":"SMITH"},{"data":"Immolate","floor":47,"key":"SMITH"},{"floor":49,"key":"REST"}],"neow_cost":"PERCENT_DAMAGE","seed_source_timestamp":196791425977426,"circlet_count":0,"master_deck":["Strike_R+1","Strike_R+1","Strike_R+1","Strike_R+1","Defend_R+1","Defend_R+1","Defend_R+1","Defend_R+1","Bash","True Grit+1","Thunderclap","Inflame+1","Armaments+1","Inflame+1","Inflame+1","Feel No Pain+1","Offering+1","Infernal Blade+1","Juggernaut+1","Metallicize+1","Pummel","Evolve+1","Shrug It Off+1","Battle Trance+1","Reaper","Shockwave+1","Sentinel+1","Immolate+1","Heavy Blade+1","Exhume+1","Feel No Pain+1","Madness+1","Infernal Blade+1","Flash of Steel","Impatience+1","Madness+1","Power Through+1","Heavy Blade"],"relics":["Burning Blood","PreservedInsect","Mummified Hand","Toxic Egg 2","Mark of Pain","Anchor","Letter Opener","Pen Nib","Self Forming Clay","Bottled Tornado","Orichalcum","Orrery","Pear","Blue Candle","Ornamental Fan","Juzu Bracelet","Frozen Egg 2"],"potions_floor_usage":[12,16,20,23,25,44,48,50,50,50],"damage_taken":[{"damage":9,"enemies":"Small Slimes","floor":1,"turns":5},{"damage":1,"enemies":"Cultist","floor":4,"turns":3},{"damage":0,"enemies":"2 Louse","floor":5,"turns":2},{"damage":11,"enemies":"3 Sentries","floor":10,"turns":5},{"damage":1,"enemies":"2 Fungi Beasts","floor":11,"turns":4},{"damage":3,"enemies":"Blue Slaver","floor":12,"turns":4},{"damage":14,"enemies":"Red Slaver","floor":14,"turns":2},{"damage":36,"enemies":"Hexaghost","floor":16,"turns":8},{"damage":8,"enemies":"Chosen","floor":18,"turns":3},{"damage":5,"enemies":"Spheric Guardian","floor":20,"turns":4},{"damage":22,"enemies":"Slavers","floor":23,"turns":4},{"damage":23,"enemies":"Book of Stabbing","floor":25,"turns":4},{"damage":6,"enemies":"Collector","floor":33,"turns":5},{"damage":6,"enemies":"Orb Walker","floor":35,"turns":2},{"damage":6,"enemies":"3 Shapes","floor":38,"turns":2},{"damage":9,"enemies":"Nemesis","floor":41,"turns":3},{"damage":6,"enemies":"Reptomancer","floor":44,"turns":2},{"damage":24,"enemies":"3 Darklings","floor":46,"turns":4},{"damage":25,"enemies":"Nemesis","floor":48,"turns":3},{"damage":18,"enemies":"Donu and Deca","floor":50,"turns":5}],"seed_played":"2012653758490912823","potions_obtained":[{"floor":2,"key":"FearPotion"},{"floor":2,"key":"Block Potion"},{"floor":2,"key":"SneckoOil"},{"floor":4,"key":"PowerPotion"},{"floor":12,"key":"Fruit Juice"},{"floor":14,"key":"Explosive Potion"},{"floor":16,"key":"LiquidBronze"},{"floor":23,"key":"Poison Potion"},{"floor":25,"key":"Dexterity Potion"},{"floor":41,"key":"AttackPotion"},{"floor":44,"key":"Poison Potion"},{"floor":48,"key":"Explosive Potion"}],"is_trial":false,"path_per_floor":["?","M","M","M","$","?","?","?","$","T","?","?","?"],"character_chosen":"IRONCLAD","items_purchased":["PreservedInsect","Feel No Pain","Offering+1","Anchor","Battle Trance+1","Orichalcum"],"campfire_rested":1,"item_purchase_floors":[3,13,13,19,31,31],"current_hp_per_floor":[53,53,53,58,64,64,64,64,64,59,64,72,72,64,64,34,85,83,83,84,84,84,68,68,51,51,51,51,51,51,51,51,51,85,85,95,95,95,83,83,93,93,93,95,85,82,82,63,91,79],"gold":257,"neow_bonus":"TWO_FIFTY_GOLD","is_prod":false,"is_daily":false,"chose_seed":false,"campfire_upgraded":9,"win_rate":0,"timestamp":1559759783,"path_taken":["M","?","$","?","M","R","$","R","T","E","?","?","?","M","R","BOSS","M","$","M","?","$","E","R","E","T","R","?","?","R","?","R","BOSS","M","?","$","M","?","R","E","?","T","E","?","M","R","E","R","BOSS"],"build_version":"2019-01-23","purchased_purges":1,"victory":true,"max_hp_per_floor":[80,80,80,80,80,80,80,80,80,80,80,85,85,85,85,85,85,85,85,85,85,85,85,85,85,85,85,85,85,85,85,85,85,85,85,95,95,95,95,95,95,95,95,95,95,95,95,95,95,95],"card_choices":[{"not_picked":["Fire Breathing","Second Wind"],"picked":"True Grit","floor":1},{"not_picked":["Iron Wave","Warcry"],"picked":"Thunderclap","floor":4},{"not_picked":["Thunderclap","Havoc"],"picked":"Inflame","floor":5},{"not_picked":["Pommel Strike","Thunderclap"],"picked":"Armaments","floor":10},{"not_picked":["Carnage","True Grit+1"],"picked":"Inflame","floor":11},{"not_picked":["Armaments+1","Dual Wield+1"],"picked":"Inflame","floor":12},{"not_picked":["Warcry+1","Feel No Pain"],"picked":"Infernal Blade+1","floor":14},{"not_picked":["Dark Embrace","Barricade"],"picked":"Juggernaut","floor":16},{"not_picked":["Shockwave+1","Feel No Pain+1"],"picked":"Metallicize+1","floor":18},{"not_picked":["Perfected Strike+1","Flex+1"],"picked":"Pummel","floor":20},{"not_picked":["True Grit+1","Bludgeon"],"picked":"Evolve","floor":23},{"not_picked":["Inflame+1","Flex+1"],"picked":"Shrug It Off+1","floor":25},{"not_picked":["Berserk","Juggernaut"],"picked":"Reaper","floor":33},{"not_picked":["Evolve","Iron Wave+1"],"picked":"Shockwave+1","floor":34},{"not_picked":["Clash","Seeing Red+1"],"picked":"Sentinel+1","floor":34},{"not_picked":["Heavy Blade","Anger+1"],"picked":"Immolate","floor":34},{"not_picked":["Havoc+1","Carnage"],"picked":"Heavy Blade","floor":34},{"not_picked":["Searing Blow+1","Warcry+1"],"picked":"Exhume+1","floor":35},{"not_picked":["Clothesline","Shockwave+1"],"picked":"Feel No Pain+1","floor":38},{"not_picked":["Armaments+1","Flex+1","Cleave"],"picked":"SKIP","floor":41},{"not_picked":["Feel No Pain+1","Fire Breathing+1"],"picked":"Infernal Blade+1","floor":44},{"not_picked":["PanicButton+1","Mind Blast"],"picked":"Flash of Steel","floor":45},{"not_picked":["Trip+1","Good Instincts+1"],"picked":"Impatience+1","floor":45},{"not_picked":["Blind+1","Dramatic Entrance"],"picked":"Madness+1","floor":45},{"not_picked":["Seeing Red+1","Rampage"],"picked":"Power Through+1","floor":46},{"not_picked":["Headbutt+1","Corruption+1"],"picked":"Heavy Blade","floor":48}],"player_experience":21373,"relics_obtained":[{"floor":9,"key":"Mummified Hand"},{"floor":10,"key":"Toxic Egg 2"},{"floor":23,"key":"Pen Nib"},{"floor":25,"key":"Self Forming Clay"},{"floor":26,"key":"Bottled Tornado"},{"floor":36,"key":"Pear"},{"floor":41,"key":"Blue Candle"},{"floor":43,"key":"Ornamental Fan"},{"floor":44,"key":"Juzu Bracelet"},{"floor":48,"key":"Frozen Egg 2"}],"event_choices":[{"damage_healed":0,"gold_gain":0,"player_choice":"Bought 3 Potions","damage_taken":0,"max_hp_gain":0,"max_hp_loss":0,"event_name":"The Woman in Blue","floor":2,"gold_loss":0},{"damage_healed":0,"gold_gain":0,"player_choice":"Obtained Relic","damage_taken":0,"relics_obtained":["Letter Opener"],"max_hp_gain":0,"max_hp_loss":0,"event_name":"Addict","floor":21,"gold_loss":85},{"damage_healed":0,"gold_gain":0,"player_choice":"Simplicity","damage_taken":0,"max_hp_gain":0,"max_hp_loss":0,"event_name":"Back to Basics","floor":28,"gold_loss":0,"cards_upgraded":["Strike_R","Strike_R","Strike_R","Strike_R","Defend_R","Defend_R","Defend_R","Defend_R"]},{"damage_healed":0,"gold_gain":99,"player_choice":"Stole From Cult","damage_taken":0,"max_hp_gain":0,"max_hp_loss":0,"event_name":"Nest","floor":29,"gold_loss":0},{"damage_healed":0,"gold_gain":0,"player_choice":"Embrace Madness","damage_taken":12,"max_hp_gain":0,"max_hp_loss":0,"event_name":"Winding Halls","floor":39,"gold_loss":0,"cards_obtained":["Madness","Madness"]},{"cards_removed":["Madness"],"damage_healed":0,"gold_gain":0,"player_choice":"Removed Skill","damage_taken":0,"max_hp_gain":0,"max_hp_loss":0,"event_name":"Falling","floor":42,"gold_loss":0},{"damage_healed":0,"gold_gain":0,"player_choice":"Memory 3","damage_taken":10,"max_hp_gain":0,"max_hp_loss":0,"event_name":"SensoryStone","floor":45,"gold_loss":0}],"is_beta":false,"boss_relics":[{"not_picked":["Runic Dome","Eternal Feather"],"picked":"Mark of Pain"},{"not_picked":["Philosopher\u0027s Stone","Astrolabe"],"picked":"Orrery"}],"items_purged_floors":[22],"is_endless":false,"potions_floor_spawned":[4,12,14,16,18,23,25,41,44,48],"ascension_level":4}