{"gold_per_floor":[113,123,14,14,33,58,58,87,87,112,131,141,158,176,176,273,273,292,292,305,230,104,104,129,129,129,129,148,148,163,262,262,358,358,378,378,478,388,405,405,435,450,450,464,464,478,478,495,495,495],"floor_reached":51,"playtime":2972,"items_purged":["Strike_R","Strike_R"],"score":877,"play_id":"79abdfbb-b09a-44b5-ba4c-60d837ea8997","local_time":"20190605092549","is_ascension_mode":true,"campfire_choices":[{"data":"Whirlwind","floor":7.0,"key":"SMITH"},{"data":"Shockwave","floor":15.0,"key":"SMITH"},{"data":"Anger","floor":23.0,"key":"SMITH"},{"data":"Disarm","floor":25.0,"key":"SMITH"},{"data":"Metallicize","floor":27.0,"key":"SMITH"},{"data":"Spot Weakness","floor":29.0,"key":"SMITH"},{"data":"Shrug It Off","floor":32.0,"key":"SMITH"},{"data":"Impervious","floor":40.0,"key":"SMITH"},{"data":"Impervious","floor":45.0,"key":"SMITH"},{"data":"Shrug It Off","floor":47.0,"key":"SMITH"},{"data":"Body Slam","floor":49,"key":"SMITH"}],"neow_cost":"NONE","seed_source_timestamp":156914321090395,"circlet_count":0,"master_deck":["Defend_R","Defend_R","Defend_R","Defend_R","Bash","Disarm+1","Headbutt","Whirlwind+1","Juggernaut+1","Metallicize+1","Uppercut","Shockwave+1","Shrug It Off+1","Anger+1","Shrug It Off","Impervious+1","Uppercut+1","Shrug It Off+1","Spot Weakness+1","Limit Break","Body Slam+1","Impervious+1","Body Slam+1","Shrug It Off+1","Whirlwind","Entrench+1","Seeing Red+1","Body Slam+1"],"special_seed":0,"relics":["Burning Blood","NeowsBlessing","Centennial Puzzle","FossilizedHelix","Pantograph","Matryoshka","Runic Pyramid","Nunchaku","Darkstone Periapt","Meat on the Bone","Sozu","Incense Burner","Blood Vial","Red Skull","Frozen Egg 2"],"potions_floor_usage":[48],"damage_taken":[{"damage":0.0,"enemies":"Cultist","floor":1.0,"turns":1.0},{"damage":0.0,"enemies":"2 Louse","floor":2.0,"turns":1.0},{"damage":0.0,"enemies":"Jaw Worm","floor":5.0,"turns":1.0},{"damage":30.0,"enemies":"3 Sentries","floor":6.0,"turns":5.0},{"damage":12.0,"enemies":"Gremlin Nob","floor":8.0,"turns":4.0},{"damage":15.0,"enemies":"Lagavulin","floor":10.0,"turns":7.0},{"damage":0.0,"enemies":"Lots of Slimes","floor":11.0,"turns":1.0},{"damage":0.0,"enemies":"Blue Slaver","floor":12.0,"turns":6.0},{"damage":0.0,"enemies":"2 Fungi Beasts","floor":13.0,"turns":1.0},{"damage":8.0,"enemies":"3 Louse","floor":14.0,"turns":2.0},{"damage":46.0,"enemies":"Slime Boss","floor":16.0,"turns":9.0},{"damage":0.0,"enemies":"Chosen","floor":18.0,"turns":6.0},{"damage":0.0,"enemies":"3 Byrds","floor":20.0,"turns":6.0},{"damage":15.0,"enemies":"Book of Stabbing","floor":24.0,"turns":7.0},{"damage":8.0,"enemies":"Snake Plant","floor":28.0,"turns":6.0},{"damage":13.0,"enemies":"Centurion and Healer","floor":30.0,"turns":7.0},{"damage":15.0,"enemies":"Collector","floor":33.0,"turns":10.0},{"damage":0.0,"enemies":"3 Darklings","floor":35.0,"turns":5.0},{"damage":0.0,"enemies":"Mind Bloom Boss Battle","floor":37.0,"turns":8.0},{"damage":0.0,"enemies":"3 Shapes","floor":39.0,"turns":3.0},{"damage":0.0,"enemies":"Giant Head","floor":41.0,"turns":7.0},{"damage":0.0,"enemies":"3 Darklings","floor":42.0,"turns":5.0},{"damage":0.0,"enemies":"Writhing Mass","floor":44.0,"turns":4.0},{"damage":0.0,"enemies":"Maw","floor":46.0,"turns":5.0},{"damage":0,"enemies":"3 Darklings","floor":48,"turns":1},{"damage":31,"enemies":"Donu and Deca","floor":50,"turns":7}],"seed_played":"-401832296046227514","potions_obtained":[{"floor":5.0,"key":"Weak Potion"},{"floor":8.0,"key":"Block Potion"},{"floor":12.0,"key":"GamblersBrew"},{"floor":13.0,"key":"Weak Potion"},{"floor":30.0,"key":"Explosive Potion"},{"floor":33.0,"key":"Energy Potion"}],"is_trial":false,"path_per_floor":["M","?","M","M","?","M","?","?","?","?","?"],"character_chosen":"IRONCLAD","items_purchased":["Whirlwind","Shrug It Off"],"campfire_rested":0,"item_purchase_floors":[3,22],"current_hp_per_floor":[80,80,80,80,80,56,56,50,50,41,47,53,59,57,57,40,80,80,80,80,80,80,80,71,71,71,71,69,69,62,62,62,71,80,80,80,80,80,80,80,80,80,80,80,80,80,80,80,80,55],"gold":495,"neow_bonus":"THREE_ENEMY_KILL","is_prod":false,"is_daily":false,"chose_seed":false,"campfire_upgraded":11,"win_rate":0,"timestamp":1559719549,"path_taken":["M","?","$","?","M","E","R","E","T","E","M","M","?","?","R","BOSS","M","?","?","?","$","R","E","R","T","R","M","R","M","?","R","BOSS","M","?","?","?","M","R","E","M","T","M","R","M","R","M","R","BOSS"],"build_version":"2019-01-23","purchased_purges":2,"victory":true,"max_hp_per_floor":[80,80,80,80,80,80,80,80,80,80,80,80,80,80,80,80,80,80,80,80,80,80,80,80,80,80,80,80,80,80,80,80,80,80,80,80,80,80,80,80,80,80,80,80,80,80,80,80,80,80],"card_choices":[{"not_picked":["Cleave","Body Slam"],"picked":"Disarm","floor":1.0},{"not_picked":["Havoc","Searing Blow"],"picked":"Headbutt","floor":2.0},{"not_picked":["Clash","Carnage"],"picked":"Metallicize","floor":5.0},{"not_picked":["True Grit","Dropkick"],"picked":"Uppercut","floor":6.0},{"not_picked":["Double Tap","Ghostly Armor"],"picked":"Shockwave","floor":8.0},{"not_picked":["Rampage","Seeing Red","Flex"],"picked":"SKIP","floor":10.0},{"not_picked":["Body Slam","Combust"],"picked":"Shrug It Off","floor":11.0},{"not_picked":["Uppercut","Sword Boomerang"],"picked":"Anger","floor":12.0},{"not_picked":["Reckless Charge","Anger","Power Through"],"picked":"SKIP","floor":13.0},{"not_picked":["Fire Breathing","Havoc"],"picked":"Shrug It Off","floor":14.0},{"not_picked":["Exhume","Barricade"],"picked":"Impervious","floor":16.0},{"not_picked":["Clothesline","Thunderclap","Pommel Strike"],"picked":"SKIP","floor":18.0},{"not_picked":["Sword Boomerang+1","Hemokinesis"],"picked":"Uppercut+1","floor":20.0},{"not_picked":["Havoc","Warcry","Sword Boomerang"],"picked":"SKIP","floor":24.0},{"not_picked":["Flex","Armaments"],"picked":"Spot Weakness","floor":28.0},{"not_picked":["Second Wind","Dual Wield","Power Through"],"picked":"SKIP","floor":30.0},{"not_picked":["Double Tap","Bludgeon"],"picked":"Limit Break","floor":33.0},{"not_picked":["Pommel Strike","Warcry+1"],"picked":"Body Slam+1","floor":35.0},{"not_picked":["Carnage","Body Slam"],"picked":"Impervious","floor":37.0},{"not_picked":["Bloodletting","Clothesline+1"],"picked":"Body Slam+1","floor":39.0},{"not_picked":["Infernal Blade","Feel No Pain"],"picked":"Shrug It Off+1","floor":41.0},{"not_picked":["Carnage","Pummel"],"picked":"Whirlwind","floor":42.0},{"not_picked":["Headbutt","Clothesline"],"picked":"Entrench+1","floor":44.0},{"not_picked":["Headbutt","Shockwave"],"picked":"Seeing Red+1","floor":46.0},{"not_picked":["Spot Weakness+1","Headbutt"],"picked":"Body Slam","floor":48}],"player_experience":18401,"relics_obtained":[{"floor":6.0,"key":"Centennial Puzzle"},{"floor":8.0,"key":"FossilizedHelix"},{"floor":9.0,"key":"Pantograph"},{"floor":10.0,"key":"Matryoshka"},{"floor":24.0,"key":"Nunchaku"},{"floor":26.0,"key":"Darkstone Periapt"},{"floor":26.0,"key":"Meat on the Bone"},{"floor":37.0,"key":"Incense Burner"},{"floor":41.0,"key":"Blood Vial"},{"floor":43.0,"key":"Red Skull"},{"floor":43.0,"key":"Frozen Egg 2"}],"event_choices":[{"damage_healed":0.0,"max_hp_gain":0.0,"max_hp_loss":0.0,"gold_gain":0.0,"event_name":"Match and Keep!","player_choice":"1 cards matched","floor":4.0,"gold_loss":0.0,"damage_taken":0.0,"cards_obtained":["Juggernaut"]},{"cards_removed":["Strike_R"],"damage_healed":0.0,"max_hp_gain":0.0,"max_hp_loss":0.0,"gold_gain":0.0,"event_name":"Bonfire Elementals","player_choice":"Offered Basic","floor":19.0,"gold_loss":0.0,"damage_taken":0.0},{"cards_removed":["Strike_R"],"damage_healed":0.0,"max_hp_gain":0.0,"max_hp_loss":0.0,"gold_gain":0.0,"event_name":"Beggar","player_choice":"Gave Gold","floor":21.0,"gold_loss":75.0,"damage_taken":0.0},{"damage_healed":0.0,"max_hp_gain":0.0,"max_hp_loss":0.0,"gold_gain":99.0,"event_name":"Nest","player_choice":"Stole From Cult","floor":31.0,"gold_loss":0.0,"damage_taken":0.0},{"damage_healed":0.0,"max_hp_gain":0.0,"max_hp_loss":0.0,"gold_gain":0.0,"event_name":"Tomb of Lord Red Mask","player_choice":"Ignored","floor":36.0,"gold_loss":0.0,"damage_taken":0.0},{"damage_healed":0.0,"max_hp_gain":0.0,"max_hp_loss":0.0,"gold_gain":0.0,"event_name":"MindBloom","player_choice":"Fight","floor":37.0,"gold_loss":0.0,"damage_taken":0.0},{"cards_removed":["Strike_R"],"damage_healed":0.0,"max_hp_gain":0.0,"max_hp_loss":0.0,"gold_gain":0.0,"event_name":"Designer","player_choice":"Upgrade and Remove","floor":38.0,"gold_loss":90.0,"damage_taken":0.0,"cards_upgraded":["Juggernaut"]}],"is_beta":false,"boss_relics":[{"not_picked":["Mark of Pain","Black Star"],"picked":"Runic Pyramid"},{"not_picked":["Empty Cage","Runic Cube"],"picked":"Sozu"}],"items_purged_floors":[3,22],"is_endless":false,"potions_floor_spawned":[5,8,12,13,30,33,37,39,41,46],"ascension_level":3}