{"gold_per_floor":[116,135,15,25,25,60,72,84,122,134,96,109,143,154,154,251,251,269,284,284,244,255,255],"floor_reached":23,"playtime":2926,"items_purged":["Clumsy"],"score":201,"play_id":"32177a4c-9bb5-46ae-ae20-3bacd7f315b4","local_time":"20190101112333","is_ascension_mode":false,"campfire_choices":[{"floor":8,"key":"REST"},{"data":"Flex","floor":10,"key":"SMITH"},{"floor":15,"key":"REST"}],"neow_cost":"CURSE","seed_source_timestamp":218899884397278,"circlet_count":0,"master_deck":["Strike_R","Strike_R","Strike_R","Strike_R","Strike_R","Defend_R","Defend_R","Defend_R","Defend_R","Bash","Demon Form+1","Metallicize","Rampage","Flex+1","Uppercut","True Grit","Armaments","Second Wind","Rampage","Headbutt+1","Juggernaut+1","True Grit+1","Cleave+1"],"relics":["Burning Blood","MawBank","Pen Nib","Strawberry","Busted Crown"],"potions_floor_usage":[16,22],"damage_taken":[{"damage":6,"enemies":"Jaw Worm","floor":1,"turns":3},{"damage":4,"enemies":"Cultist","floor":2,"turns":4},{"damage":7,"enemies":"Small Slimes","floor":4,"turns":4},{"damage":44,"enemies":"Gremlin Nob","floor":6,"turns":5},{"damage":18,"enemies":"Blue Slaver","floor":12,"turns":4},{"damage":28,"enemies":"Lagavulin","floor":13,"turns":7},{"damage":16,"enemies":"Lots of Slimes","floor":14,"turns":6},{"damage":35,"enemies":"Hexaghost","floor":16,"turns":7},{"damage":56,"enemies":"3 Byrds","floor":18,"turns":7},{"damage":13,"enemies":"Spheric Guardian","floor":19,"turns":4},{"damage":9,"enemies":"Centurion and Healer","floor":22,"turns":7}],"seed_played":"2598012766661512829","potions_obtained":[{"floor":2,"key":"Ancient Potion"},{"floor":6,"key":"Weak Potion"},{"floor":14,"key":"SpeedPotion"},{"floor":16,"key":"Dexterity Potion"}],"is_trial":false,"path_per_floor":["M","M","$","M","?","E","?","R","T","R","$","M","E","M","R","B",null,"M","M","?","?","M","R"],"character_chosen":"IRONCLAD","items_purchased":["Flex","Armaments"],"campfire_rested":2,"item_purchase_floors":[3,11],"current_hp_per_floor":[80,80,80,79,79,41,41,65,65,65,65,53,38,28,54,25,87,37,30,13,13,10,10],"gold":255,"neow_bonus":"THREE_RARE_CARDS","is_prod":false,"is_daily":false,"chose_seed":false,"campfire_upgraded":1,"win_rate":0.0,"timestamp":1546302213,"path_taken":["M","M","$","M","?","E","?","R","T","R","$","M","E","M","R","BOSS","M","?","?","?","M","R"],"build_version":"2018-12-20","purchased_purges":1,"victory":false,"max_hp_per_floor":[80,80,80,80,80,80,80,80,80,80,80,80,87,87,87,87,87,87,87,92,92,92,92],"card_choices":[{"not_picked":["Dark Embrace","Reaper"],"picked":"Demon Form","floor":0},{"not_picked":["Shockwave","Blood for Blood"],"picked":"Metallicize","floor":1},{"not_picked":["Blood for Blood","Iron Wave"],"picked":"Rampage","floor":2},{"not_picked":["Burning Pact","Sword Boomerang"],"picked":"Uppercut","floor":4},{"not_picked":["Feed","Shrug It Off"],"picked":"True Grit","floor":6},{"not_picked":["Rampage","Blood for Blood"],"picked":"Second Wind","floor":12},{"not_picked":["Whirlwind","Disarm"],"picked":"Rampage","floor":13},{"not_picked":["Sword Boomerang","Dual Wield"],"picked":"Headbutt","floor":14},{"not_picked":["Brutality","Dark Embrace"],"picked":"Juggernaut","floor":16},{"not_picked":[],"picked":"True Grit+1","floor":18},{"not_picked":[],"picked":"Cleave+1","floor":19},{"not_picked":["True Grit"],"picked":"SKIP","floor":22}],"player_experience":41141,"relics_obtained":[{"floor":6,"key":"MawBank"},{"floor":9,"key":"Pen Nib"},{"floor":13,"key":"Strawberry"}],"event_choices":[{"damage_healed":0,"gold_gain":0,"player_choice":"Ignored","damage_taken":0,"max_hp_gain":0,"max_hp_loss":0,"event_name":"Golden Idol","floor":5,"gold_loss":0},{"damage_healed":0,"gold_gain":0,"player_choice":"Upgraded","damage_taken":0,"max_hp_gain":0,"max_hp_loss":0,"event_name":"Upgrade Shrine","floor":7,"gold_loss":0,"cards_upgraded":["Demon Form"]},{"damage_healed":0,"gold_gain":0,"player_choice":"Shed Blood","damage_taken":22,"max_hp_gain":5,"max_hp_loss":0,"event_name":"Forgotten Altar","floor":20,"gold_loss":0},{"damage_healed":0,"gold_gain":0,"player_choice":"Upgraded Two","damage_taken":0,"max_hp_gain":0,"max_hp_loss":0,"event_name":"Designer","floor":21,"gold_loss":40,"cards_upgraded":["Juggernaut","Headbutt"]}],"is_beta":false,"boss_relics":[{"not_picked":["Lizard Tail","Black Star"],"picked":"Busted Crown"}],"items_purged_floors":[3],"is_endless":false,"potions_floor_spawned":[2,6,14,16],"ascension_level":0}