{"gold_per_floor":[114,1,101,116,127,161,236,262,309,327,341,367,267,142,142,237,237,257,257,224,224,238,238,269,287,312,312,22,22,22,36,36,135,135,146,70,83,83,83,83,116,128,153,153,173,173,11,11,11,11],"floor_reached":51,"playtime":4980,"items_purged":["Strike_R","Strike_R","Defend_R"],"score":678,"play_id":"8df00cdd-2ab1-44f0-bf30-8422215fead9","local_time":"20190604125928","is_ascension_mode":false,"campfire_choices":[{"data":"Shockwave","floor":15.0,"key":"SMITH"},{"data":"Combust","floor":23.0,"key":"SMITH"},{"data":"Inflame","floor":27.0,"key":"SMITH"},{"data":"1","floor":32.0,"key":"LIFT"},{"data":"2","floor":40,"key":"LIFT"},{"data":"3","floor":44,"key":"LIFT"},{"data":"Fiend Fire","floor":46,"key":"SMITH"},{"data":"Flame Barrier","floor":49,"key":"SMITH"}],"neow_cost":"","seed_source_timestamp":81350408886595,"circlet_count":0,"master_deck":["Strike_R","Strike_R","Defend_R","Defend_R","Defend_R","Bash","Ghostly Armor","Carnage","Iron Wave","Shrug It Off","Shockwave+1","Battle Trance","True Grit","Combust+1","Reaper","Shockwave","Carnage","Shrug It Off","Inflame+1","Cleave","Fiend Fire+1","Flame Barrier+1","Disarm","Uppercut","Inflame","Whirlwind+1","Clothesline","Dark Embrace"],"special_seed":0,"relics":["Burning Blood","Dream Catcher","Strawberry","Ancient Tea Set","Dodecahedron","Snecko Eye","Ornamental Fan","Pen Nib","Girya","Matryoshka","Coffee Dripper","Bronze Scales","Orichalcum","Red Skull"],"potions_floor_usage":[33,33,37,41,45,50],"damage_taken":[{"damage":1.0,"enemies":"Cultist","floor":1.0,"turns":3.0},{"damage":0.0,"enemies":"2 Louse","floor":4.0,"turns":3.0},{"damage":3.0,"enemies":"Jaw Worm","floor":5.0,"turns":3.0},{"damage":13.0,"enemies":"3 Sentries","floor":6.0,"turns":10.0},{"damage":0.0,"enemies":"Blue Slaver","floor":10.0,"turns":3.0},{"damage":0.0,"enemies":"3 Louse","floor":11.0,"turns":4.0},{"damage":11.0,"enemies":"Lagavulin","floor":12.0,"turns":6.0},{"damage":41.0,"enemies":"The Guardian","floor":16.0,"turns":18.0},{"damage":13.0,"enemies":"Shell Parasite","floor":18.0,"turns":6.0},{"damage":22.0,"enemies":"2 Thieves","floor":20.0,"turns":5.0},{"damage":44.0,"enemies":"3 Cultists","floor":22.0,"turns":8.0},{"damage":43.0,"enemies":"Gremlin Leader","floor":24.0,"turns":9.0},{"damage":0.0,"enemies":"Snecko","floor":25.0,"turns":3.0},{"damage":6.0,"enemies":"Snake Plant","floor":31.0,"turns":3.0},{"damage":39,"enemies":"Champ","floor":33,"turns":12},{"damage":1,"enemies":"3 Shapes","floor":35,"turns":4},{"damage":0,"enemies":"3 Darklings","floor":37,"turns":4},{"damage":0,"enemies":"Reptomancer","floor":41,"turns":6},{"damage":0,"enemies":"Writhing Mass","floor":42,"turns":3},{"damage":0,"enemies":"Spire Growth","floor":45,"turns":3},{"damage":49,"enemies":"Awakened One","floor":50,"turns":11}],"seed_played":"-8471276145852744362","potions_obtained":[{"floor":4.0,"key":"Block Potion"},{"floor":10.0,"key":"BloodPotion"},{"floor":11.0,"key":"Ancient Potion"},{"floor":24.0,"key":"Block Potion"},{"floor":25.0,"key":"SkillPotion"},{"floor":33,"key":"Explosive Potion"},{"floor":35,"key":"Dexterity Potion"},{"floor":45,"key":"GamblersBrew"}],"is_trial":false,"path_per_floor":["$","?","M","?","T","$","?","?","M","T","?","?","M","?"],"character_chosen":"IRONCLAD","items_purchased":["Carnage","Girya","Disarm","Dark Embrace"],"campfire_rested":0,"item_purchase_floors":[2,28,36,47],"current_hp_per_floor":[80,80,80,80,80,73,62,69,69,75,81,76,76,76,76,41,87,80,80,76,76,51,51,28,40,40,40,40,40,40,40,40,16,87,87,87,87,87,87,87,87,87,87,87,87,87,87,77,77,44],"gold":11,"neow_bonus":"","is_prod":false,"is_daily":false,"chose_seed":false,"campfire_upgraded":5,"win_rate":0.0,"timestamp":1559645968,"path_taken":["M","?","?","?","M","E","?","?","T","M","M","E","?","$","R","BOSS","M","?","M","?","M","R","E","?","T","R","$","?","$","M","R","BOSS","M","$","M","?","?","R","E","?","T","R","M","R","$","?","R","BOSS"],"build_version":"2019-01-23","purchased_purges":3,"victory":true,"max_hp_per_floor":[80,80,80,80,80,80,80,87,87,87,87,87,87,87,87,87,87,87,87,87,87,87,87,87,87,87,87,87,87,87,87,87,87,87,87,87,87,87,87,87,87,87,87,87,87,87,87,87,87,87],"card_choices":[{"not_picked":["Twin Strike","Bloodletting"],"picked":"Ghostly Armor","floor":1.0},{"not_picked":["Bloodletting","Thunderclap"],"picked":"Iron Wave","floor":4.0},{"not_picked":["Rage","Iron Wave"],"picked":"Shrug It Off","floor":5.0},{"not_picked":["Dropkick","Shrug It Off"],"picked":"Shockwave","floor":6.0},{"not_picked":["Clash","Perfected Strike"],"picked":"Battle Trance","floor":10.0},{"not_picked":["Dropkick","Twin Strike"],"picked":"True Grit","floor":11.0},{"not_picked":["Twin Strike","Shrug It Off"],"picked":"Combust","floor":12.0},{"not_picked":["Dark Embrace","Brutality"],"picked":"Reaper","floor":16.0},{"not_picked":["Power Through","Rampage"],"picked":"Shockwave","floor":18.0},{"not_picked":["Body Slam","Iron Wave"],"picked":"Carnage","floor":20.0},{"not_picked":["Iron Wave","Headbutt"],"picked":"Shrug It Off","floor":22.0},{"not_picked":["Body Slam","Sever Soul"],"picked":"Inflame","floor":24.0},{"not_picked":["Fire Breathing","Perfected Strike","Clash"],"picked":"SKIP","floor":25.0},{"not_picked":["Brutality","Dropkick"],"picked":"Cleave","floor":31.0},{"not_picked":["Offering","Reaper"],"picked":"Fiend Fire","floor":33},{"not_picked":["Clothesline","Shrug It Off"],"picked":"Flame Barrier","floor":35},{"not_picked":["Twin Strike+1","Ghostly Armor+1"],"picked":"Uppercut","floor":37},{"not_picked":["Infernal Blade","Combust"],"picked":"Inflame","floor":41},{"not_picked":["Twin Strike+1","Bloodletting"],"picked":"Whirlwind+1","floor":42},{"not_picked":["Fire Breathing+1","Warcry+1"],"picked":"Clothesline","floor":45}],"player_experience":0,"relics_obtained":[{"floor":6.0,"key":"Dream Catcher"},{"floor":8.0,"key":"Strawberry"},{"floor":9.0,"key":"Ancient Tea Set"},{"floor":12.0,"key":"Dodecahedron"},{"floor":24.0,"key":"Ornamental Fan"},{"floor":26.0,"key":"Pen Nib"},{"floor":29.0,"key":"Matryoshka"},{"floor":41,"key":"Bronze Scales"},{"floor":43,"key":"Orichalcum"},{"floor":43,"key":"Red Skull"}],"event_choices":[{"damage_healed":0.0,"max_hp_gain":0.0,"max_hp_loss":0.0,"gold_gain":100.0,"event_name":"Golden Shrine","player_choice":"Pray","floor":3.0,"gold_loss":0.0,"damage_taken":0.0},{"damage_healed":0.0,"max_hp_gain":0.0,"max_hp_loss":0.0,"gold_gain":75.0,"event_name":"World of Goop","player_choice":"Gather Gold","floor":7.0,"gold_loss":0.0,"damage_taken":11.0},{"cards_removed":["Strike_R"],"damage_healed":0.0,"max_hp_gain":0.0,"max_hp_loss":0.0,"gold_gain":0.0,"event_name":"Back to Basics","player_choice":"Elegance","floor":19.0,"gold_loss":0.0,"damage_taken":0.0},{"damage_healed":0.0,"max_hp_gain":0.0,"max_hp_loss":0.0,"gold_gain":0.0,"event_name":"NoteForYourself","player_choice":"Ignored","floor":21.0,"gold_loss":0.0,"damage_taken":0.0},{"damage_healed":0,"gold_gain":0,"player_choice":"Ignored","damage_taken":0,"max_hp_gain":0,"max_hp_loss":0,"event_name":"Tomb of Lord Red Mask","floor":38,"gold_loss":0},{"damage_healed":0,"gold_gain":0,"player_choice":"Full Heal","damage_taken":0,"max_hp_gain":0,"max_hp_loss":0,"event_name":"Wheel of Change","floor":39,"gold_loss":0},{"damage_healed":0,"gold_gain":0,"player_choice":"Memory 3","damage_taken":10,"max_hp_gain":0,"max_hp_loss":0,"event_name":"SensoryStone","floor":48,"gold_loss":0}],"is_beta":false,"boss_relics":[{"not_picked":["Fusion Hammer","Runic Pyramid"],"picked":"Snecko Eye"},{"not_picked":["Astrolabe","Cursed Key"],"picked":"Coffee Dripper"}],"items_purged_floors":[2,13,14],"is_endless":false,"potions_floor_spawned":[4,10,11,24,25,33,35,45],"ascension_level":0}