{"gold_per_floor":[119,136,153,6,23,23,53,53,100,100,13,47,58,58,58,58],"floor_reached":16,"playtime":1112,"items_purged":[],"score":149,"play_id":"0285ac41-44e5-4563-984d-fd77d13c25ed","local_time":"20190425202515","is_ascension_mode":true,"campfire_choices":[{"data":"Tactician","floor":6.0,"key":"SMITH"},{"floor":8.0,"key":"REST"},{"data":"Blade Dance","floor":10.0,"key":"SMITH"},{"data":"Corpse Explosion","floor":15.0,"key":"SMITH"}],"neow_cost":"NONE","seed_source_timestamp":0,"circlet_count":0,"master_deck":["Defend_G","Defend_G","Defend_G","Defend_G","Defend_G","Strike_G","Strike_G","Strike_G","Strike_G","Survivor","Neutralize","Tactician+1","Eviscerate","Skewer","Deadly Poison","Flying Knee","Blade Dance+1","Cloak And Dagger","Caltrops","Corpse Explosion+1","Prepared","Quick Slash"],"special_seed":0,"relics":["Ring of the Snake","Bronze Scales","Shuriken","Strawberry","Lantern"],"potions_floor_usage":[],"damage_taken":[{"damage":0.0,"enemies":"Cultist","floor":1.0,"turns":4.0},{"damage":2.0,"enemies":"Jaw Worm","floor":2.0,"turns":4.0},{"damage":4.0,"enemies":"Small Slimes","floor":3.0,"turns":4.0},{"damage":11.0,"enemies":"3 Louse","floor":5.0,"turns":4.0},{"damage":22.0,"enemies":"Lagavulin","floor":7.0,"turns":5.0},{"damage":20.0,"enemies":"Gremlin Nob","floor":12.0,"turns":4.0},{"damage":1.0,"enemies":"Exordium Thugs","floor":13.0,"turns":3.0},{"damage":48,"enemies":"Slime Boss","floor":16,"turns":5}],"seed_played":"1584781724229181381","potions_obtained":[{"floor":2.0,"key":"EssenceOfSteel"},{"floor":3.0,"key":"Swift Potion"},{"floor":5.0,"key":"Poison Potion"}],"is_trial":false,"path_per_floor":["M","M","M","$","M","R","E","R","T","R","$","E","M","?","R","B"],"character_chosen":"THE_SILENT","items_purchased":["Deadly Poison","SmokeBomb","Cloak And Dagger","Caltrops"],"campfire_rested":1,"item_purchase_floors":[4,4,11,11],"current_hp_per_floor":[63,61,57,57,46,46,24,45,52,52,52,32,31,31,31,0],"gold":58,"neow_bonus":"RANDOM_COMMON_RELIC","is_prod":false,"is_daily":false,"chose_seed":false,"campfire_upgraded":3,"win_rate":0,"timestamp":1556187915,"path_taken":["M","M","M","$","M","R","E","R","T","R","$","E","?","?","R","BOSS"],"build_version":"2019-01-23","purchased_purges":0,"victory":false,"max_hp_per_floor":[70,70,70,70,70,70,70,70,77,77,77,77,77,77,77,77],"card_choices":[{"not_picked":["Underhanded Strike","Deadly Poison"],"picked":"Tactician","floor":1.0},{"not_picked":["Cloak And Dagger","Blade Dance"],"picked":"Eviscerate","floor":2.0},{"not_picked":["Outmaneuver","Riddle With Holes"],"picked":"Skewer","floor":3.0},{"not_picked":["Well Laid Plans","PiercingWail"],"picked":"Flying Knee","floor":5.0},{"not_picked":["Dodge and Roll","Dagger Spray"],"picked":"Blade Dance","floor":7.0},{"not_picked":["Blade Dance","Tactician"],"picked":"Corpse Explosion","floor":12.0},{"not_picked":["PiercingWail","Outmaneuver"],"picked":"Prepared","floor":13.0}],"player_experience":1419714,"relics_obtained":[{"floor":7.0,"key":"Shuriken"},{"floor":9.0,"key":"Strawberry"},{"floor":12.0,"key":"Lantern"}],"event_choices":[{"damage_healed":0.0,"max_hp_gain":0.0,"max_hp_loss":0.0,"gold_gain":0.0,"cards_transformed":["Strike_G"],"event_name":"Transmorgrifier","player_choice":"Transformed","floor":14.0,"gold_loss":0.0,"damage_taken":0.0,"cards_obtained":["Quick Slash"]}],"is_beta":false,"boss_relics":[],"items_purged_floors":[],"is_endless":false,"potions_floor_spawned":[2,3,5],"killed_by":"Slime Boss","ascension_level":7}