{"gold_per_floor":[115,115,128,59,76,101,101,276,351,363,374,394,394,428,428,530,530,546,546],"floor_reached":19,"playtime":1369,"items_purged":[],"score":251,"play_id":"3e941a85-efac-4e48-ab9a-36b5f65e30b7","local_time":"20190605225033","is_ascension_mode":true,"campfire_choices":[{"data":"Loop","floor":7,"key":"SMITH"},{"floor":13,"key":"REST"},{"data":"Capacitor","floor":15,"key":"SMITH"}],"neow_cost":"TEN_PERCENT_HP_LOSS","seed_source_timestamp":623733785431866,"circlet_count":0,"master_deck":["Strike_B","Strike_B","Strike_B","Strike_B","Defend_B","Defend_B","Defend_B","Zap","Dualcast","Jack Of All Trades","Dramatic Entrance","Ball Lightning","Auto Shields","Capacitor+1","Loop+1","Melter","Doubt","Electrodynamics","Turbo+1","Cold Snap","Double Energy+1","Core Surge","Double Energy+1"],"relics":["FrozenCore","Boot","Toxic Egg 2","Anchor"],"potions_floor_usage":[6,12,14,16,16],"damage_taken":[{"damage":0,"enemies":"Jaw Worm","floor":1,"turns":3},{"damage":2,"enemies":"Small Slimes","floor":3,"turns":3},{"damage":0,"enemies":"Cultist","floor":5,"turns":3},{"damage":4,"enemies":"Lagavulin","floor":6,"turns":7},{"damage":14,"enemies":"Red Slaver","floor":10,"turns":3},{"damage":1,"enemies":"Lots of Slimes","floor":11,"turns":3},{"damage":0,"enemies":"Blue Slaver","floor":12,"turns":1},{"damage":19,"enemies":"Gremlin Nob","floor":14,"turns":4},{"damage":30,"enemies":"Hexaghost","floor":16,"turns":8},{"damage":24,"enemies":"2 Thieves","floor":18,"turns":4},{"damage":31,"enemies":"3 Byrds","floor":19,"turns":4}],"seed_played":"8460488784976445529","potions_obtained":[{"floor":3,"key":"Fire Potion"},{"floor":5,"key":"Weak Potion"},{"floor":11,"key":"AttackPotion"},{"floor":12,"key":"Poison Potion"},{"floor":14,"key":"LiquidBronze"},{"floor":18,"key":"Poison Potion"}],"is_trial":false,"path_per_floor":["M","?","M","$","M","E","R","?","T","M","M","M","R","E","R","B",null,"M","M"],"character_chosen":"DEFECT","items_purchased":["Capacitor"],"campfire_rested":1,"item_purchase_floors":[4],"current_hp_per_floor":[68,61,59,59,59,55,55,55,55,41,40,40,60,41,41,11,54,30,0],"gold":546,"neow_bonus":"RANDOM_COLORLESS_2","is_prod":false,"is_daily":false,"chose_seed":false,"campfire_upgraded":2,"win_rate":0,"timestamp":1559739033,"path_taken":["M","?","M","$","M","E","R","?","T","?","M","M","R","E","R","BOSS","M","M"],"build_version":"2019-01-23","purchased_purges":0,"victory":false,"max_hp_per_floor":[68,68,68,68,68,68,68,68,68,68,68,68,68,68,68,68,68,68,68],"card_choices":[{"not_picked":["Streamline","Consume"],"picked":"Ball Lightning","floor":1},{"not_picked":["Rebound","Hello World"],"picked":"Auto Shields","floor":3},{"not_picked":["Gash","White Noise"],"picked":"Loop","floor":5},{"not_picked":["Cold Snap","Force Field"],"picked":"Melter","floor":6},{"not_picked":["Redo+1","Hologram+1"],"picked":"Electrodynamics","floor":10},{"not_picked":["Stack+1","Coolheaded+1"],"picked":"Turbo+1","floor":11},{"not_picked":["Beam Cell","Steam+1"],"picked":"Cold Snap","floor":12},{"not_picked":["Blizzard","Compile Driver"],"picked":"Double Energy+1","floor":14},{"not_picked":["Reboot+1","Electrodynamics"],"picked":"Core Surge","floor":16},{"not_picked":["Leap+1","Turbo+1"],"picked":"Double Energy+1","floor":18}],"player_experience":2100738,"relics_obtained":[{"floor":6,"key":"Boot"},{"floor":9,"key":"Toxic Egg 2"},{"floor":14,"key":"Anchor"}],"event_choices":[{"cards_removed":["Defend_B"],"damage_healed":0,"gold_gain":0,"player_choice":"Card Removal","damage_taken":7,"max_hp_gain":0,"max_hp_loss":0,"event_name":"Golden Wing","floor":2,"gold_loss":0},{"damage_healed":0,"gold_gain":175,"player_choice":"AGREE","damage_taken":0,"max_hp_gain":0,"max_hp_loss":0,"event_name":"Liars Game","floor":8,"gold_loss":0,"cards_obtained":["Doubt"]}],"is_beta":false,"boss_relics":[{"not_picked":["Orrery","Ectoplasm"],"picked":"FrozenCore"}],"items_purged_floors":[],"is_endless":false,"potions_floor_spawned":[3,5,11,12,14,18],"killed_by":"3 Byrds","ascension_level":8}