{"gold_per_floor":[116,116,134,147,147,178,178,203,203,203,220,253,264,277,277,277],"floor_reached":16,"playtime":638,"items_purged":[],"score":220,"play_id":"964afc16-7c18-4281-92c3-28c00b900ca9","local_time":"20190611233021","is_ascension_mode":true,"campfire_choices":[{"data":"Inflame","floor":7,"key":"SMITH"},{"floor":10,"key":"REST"},{"data":"Bash","floor":15,"key":"SMITH"}],"neow_cost":"NONE","seed_source_timestamp":38276980297900,"circlet_count":0,"master_deck":["AscendersBane","Strike_R","Strike_R","Strike_R","Strike_R","Strike_R","Defend_R","Defend_R","Defend_R","Defend_R","Bash+1","Pummel","Iron Wave","Iron Wave","Inflame+1","Flame Barrier","True Grit","Flame Barrier","Clothesline","Exhume"],"relics":["Burning Blood","NeowsBlessing","Gremlin Horn","Ancient Tea Set","Omamori","Boot","Anchor","The Courier"],"potions_floor_usage":[6,6,8,12],"damage_taken":[{"damage":0,"enemies":"Cultist","floor":1,"turns":1},{"damage":0,"enemies":"Small Slimes","floor":3,"turns":1},{"damage":0,"enemies":"Jaw Worm","floor":4,"turns":1},{"damage":50,"enemies":"3 Sentries","floor":6,"turns":13},{"damage":25,"enemies":"Lagavulin","floor":8,"turns":5},{"damage":10,"enemies":"2 Fungi Beasts","floor":11,"turns":3},{"damage":13,"enemies":"3 Sentries","floor":12,"turns":10},{"damage":0,"enemies":"Lots of Slimes","floor":13,"turns":3},{"damage":9,"enemies":"Large Slime","floor":14,"turns":4},{"damage":42,"enemies":"Hexaghost","floor":16,"turns":14}],"seed_played":"6467519929701805915","potions_obtained":[{"floor":1,"key":"EssenceOfSteel"},{"floor":3,"key":"Swift Potion"},{"floor":6,"key":"Regen Potion"},{"floor":11,"key":"SkillPotion"}],"is_trial":false,"path_per_floor":["M","T","M","M","?","E","R","E","T","R","M","E","M","M","R","B"],"character_chosen":"IRONCLAD","items_purchased":[],"campfire_rested":1,"item_purchase_floors":[],"current_hp_per_floor":[74,74,75,75,75,31,31,26,26,48,44,37,43,40,40,0],"gold":277,"neow_bonus":"THREE_ENEMY_KILL","is_prod":false,"is_daily":false,"chose_seed":false,"campfire_upgraded":2,"win_rate":0,"timestamp":1560288621,"path_taken":["M","?","M","?","?","E","R","E","T","R","M","E","?","M","R","BOSS"],"build_version":"2019-01-23","purchased_purges":0,"victory":false,"max_hp_per_floor":[75,75,75,75,75,75,75,75,75,75,75,75,75,75,75,75],"card_choices":[{"not_picked":["Fire Breathing","Heavy Blade"],"picked":"Pummel","floor":1},{"not_picked":["Wild Strike","Perfected Strike"],"picked":"Iron Wave","floor":3},{"not_picked":["Iron Wave","Thunderclap","Clash"],"picked":"SKIP","floor":4},{"not_picked":["Thunderclap","Clash"],"picked":"Iron Wave","floor":4},{"not_picked":["Dropkick","Rampage"],"picked":"Inflame","floor":6},{"not_picked":["Entrench","Warcry"],"picked":"Flame Barrier","floor":8},{"not_picked":["Perfected Strike","Sentinel"],"picked":"True Grit","floor":11},{"not_picked":["Headbutt","Whirlwind"],"picked":"Flame Barrier","floor":12},{"not_picked":["Bloodletting","Flame Barrier"],"picked":"Clothesline","floor":13},{"not_picked":["Sword Boomerang","Warcry"],"picked":"Exhume","floor":14}],"player_experience":745913,"relics_obtained":[{"floor":2,"key":"Gremlin Horn"},{"floor":5,"key":"Ancient Tea Set"},{"floor":6,"key":"Omamori"},{"floor":8,"key":"Boot"},{"floor":9,"key":"Anchor"},{"floor":12,"key":"The Courier"}],"event_choices":[{"damage_healed":0,"gold_gain":0,"player_choice":"Relic","damage_taken":0,"max_hp_gain":0,"max_hp_loss":0,"event_name":"Wheel of Change","floor":5,"gold_loss":0}],"is_beta":false,"boss_relics":[],"items_purged_floors":[],"is_endless":false,"potions_floor_spawned":[1,3,6,11],"killed_by":"Hexaghost","ascension_level":16}