{"gold_per_floor":[109,127,52,0,18,18,53,53,126,155,170,170,170,170,170,272,272,284,284],"floor_reached":19,"playtime":1229,"items_purged":["Strike_B"],"score":228,"play_id":"ce927ba4-4160-45c6-86e5-5f9a987a74b3","local_time":"20190510225644","is_ascension_mode":true,"campfire_choices":[{"data":"Hello World","floor":6.0,"key":"SMITH"},{"data":"Defragment","floor":8.0,"key":"SMITH"},{"floor":12.0,"key":"REST"},{"data":"Fusion","floor":15.0,"key":"SMITH"}],"neow_cost":"NONE","seed_source_timestamp":771529261774136,"circlet_count":0,"master_deck":["Strike_B","Strike_B","Strike_B","Defend_B","Defend_B","Defend_B","Defend_B","Zap","Dualcast","Gash","Hello World+1","Gash","Defragment+1","White Noise","Fusion+1","Amplify","Consume"],"special_seed":0,"relics":["Cracked Core","NeowsBlessing","Potion Belt","Strawberry","Shuriken","Lantern","Inserter"],"potions_floor_usage":[19,19],"damage_taken":[{"damage":0.0,"enemies":"Cultist","floor":1.0,"turns":1.0},{"damage":0.0,"enemies":"Jaw Worm","floor":2.0,"turns":1.0},{"damage":0.0,"enemies":"Small Slimes","floor":5.0,"turns":1.0},{"damage":23.0,"enemies":"3 Sentries","floor":7.0,"turns":8.0},{"damage":30.0,"enemies":"Lagavulin","floor":10.0,"turns":5.0},{"damage":2.0,"enemies":"2 Fungi Beasts","floor":11.0,"turns":3.0},{"damage":38.0,"enemies":"The Guardian","floor":16.0,"turns":8.0},{"damage":26.0,"enemies":"Spheric Guardian","floor":18.0,"turns":4.0},{"damage":43,"enemies":"Masked Bandits","floor":19,"turns":3}],"seed_played":"-2941830761688490359","potions_obtained":[{"floor":5.0,"key":"Poison Potion"},{"floor":7.0,"key":"SpeedPotion"},{"floor":11.0,"key":"Ancient Potion"},{"floor":16.0,"key":"Energy Potion"}],"is_trial":false,"path_per_floor":["M","M","$","?","M","R","E","R","T","E","M","R","?","?","R","B",null,"M","?"],"character_chosen":"DEFECT","items_purchased":[],"campfire_rested":1,"item_purchase_floors":[],"current_hp_per_floor":[68,68,68,68,68,68,52,52,52,22,20,44,64,57,57,19,64,38,0],"gold":284,"neow_bonus":"THREE_ENEMY_KILL","is_prod":false,"is_daily":false,"chose_seed":false,"campfire_upgraded":3,"win_rate":0,"timestamp":1557493004,"path_taken":["M","M","$","?","M","R","E","R","T","E","?","R","?","?","R","BOSS","M","?"],"build_version":"2019-01-23","purchased_purges":1,"victory":false,"max_hp_per_floor":[75,75,75,75,75,75,82,82,82,82,82,82,82,79,79,79,79,79,79],"card_choices":[{"not_picked":["Coolheaded","FTL"],"picked":"Gash","floor":1.0},{"not_picked":["Cold Snap","Coolheaded"],"picked":"Hello World","floor":2.0},{"not_picked":["Go for the Eyes","Cold Snap"],"picked":"Gash","floor":5.0},{"not_picked":["Rip and Tear","Redo"],"picked":"Defragment","floor":7.0},{"not_picked":["Sweeping Beam","Aggregate"],"picked":"White Noise","floor":10.0},{"not_picked":["Stack","Turbo"],"picked":"Fusion","floor":11.0},{"not_picked":["Biased Cognition","Fission"],"picked":"Amplify","floor":16.0},{"not_picked":["Cold Snap","Gash"],"picked":"Consume","floor":18.0}],"player_experience":1708147,"relics_obtained":[{"floor":7.0,"key":"Strawberry"},{"floor":9.0,"key":"Shuriken"},{"floor":10.0,"key":"Lantern"}],"event_choices":[{"damage_healed":0.0,"max_hp_gain":0.0,"max_hp_loss":0.0,"gold_gain":0.0,"event_name":"WeMeetAgain","player_choice":"Paid Gold","floor":4.0,"gold_loss":52.0,"damage_taken":0.0,"relics_obtained":["Potion Belt"]},{"damage_healed":20.0,"max_hp_gain":0.0,"max_hp_loss":0.0,"gold_gain":0.0,"event_name":"Mushrooms","player_choice":"Healed and dodged fight","floor":13.0,"gold_loss":0.0,"damage_taken":0.0,"cards_obtained":["Parasite"]},{"cards_removed":["Parasite"],"damage_healed":0.0,"max_hp_gain":0.0,"max_hp_loss":0.0,"gold_gain":0.0,"event_name":"Golden Wing","player_choice":"Card Removal","floor":14.0,"gold_loss":0.0,"damage_taken":7.0},{"damage_healed":0,"gold_gain":0,"player_choice":"Fought Bandits","damage_taken":0,"max_hp_gain":0,"max_hp_loss":0,"event_name":"Masked Bandits","floor":19,"gold_loss":0}],"is_beta":false,"boss_relics":[{"not_picked":["Pandora\u0027s Box","Tiny House"],"picked":"Inserter"}],"items_purged_floors":[3],"is_endless":false,"potions_floor_spawned":[5,7,11,16],"killed_by":"Masked Bandits","ascension_level":6}