{"gold_per_floor":[114,114,131,142,156,190,190,215,215,244,244,257,276,305,305,407,407,421,21,21,120,120,152,152,178,178,192,192,203,203,235,235,334,334,353,353,373,373,88,119,119,119,119,24,58,58,74,105,105,105],"floor_reached":51,"playtime":2689,"items_purged":["Strike_G","Normality"],"score":836,"play_id":"6d230c96-caba-48bf-bc9d-8d4ff1379989","local_time":"20190428224213","is_ascension_mode":true,"campfire_choices":[{"data":"Infinite Blades","floor":7.0,"key":"SMITH"},{"data":"Dash","floor":11,"key":"SMITH"},{"floor":15,"key":"REST"},{"data":"After Image","floor":24,"key":"SMITH"},{"floor":28,"key":"REST"},{"data":"Accuracy","floor":32,"key":"SMITH"},{"data":"Panache","floor":41,"key":"SMITH"},{"floor":49,"key":"REST"}],"neow_cost":"NONE","seed_source_timestamp":337548574120287,"circlet_count":0,"master_deck":["Survivor","Neutralize","Cloak And Dagger","Poisoned Stab","Blur","Infinite Blades+1","Catalyst","Dash+1","Accuracy+1","Backflip","Leg Sweep","After Image+1","Blur","Blade Dance+1","Regret","Escape Plan","Slice+1","Malaise","Setup","All Out Attack","After Image","Skewer","After Image","Slice","Skewer","Prepared","Panache+1","Madness","Madness","Injury","Flash of Steel","Cloak And Dagger+1"],"special_seed":0,"relics":["Ring of the Snake","NeowsBlessing","NlothsMask","Blue Candle","Orichalcum","Torii","Bag of Preparation","Cursed Key","Ice Cream","Nilry\u0027s Codex","Mercury Hourglass","Bronze Scales","Blood Vial","Strawberry","Pandora\u0027s Box","Oddly Smooth Stone","Pantograph","Nunchaku","Vajra"],"potions_floor_usage":[16,16,31,33,50,50,50],"damage_taken":[{"damage":0.0,"enemies":"Small Slimes","floor":1.0,"turns":1.0},{"damage":0.0,"enemies":"Cultist","floor":3.0,"turns":1.0},{"damage":0.0,"enemies":"Jaw Worm","floor":4.0,"turns":1.0},{"damage":1.0,"enemies":"Large Slime","floor":5.0,"turns":7.0},{"damage":15.0,"enemies":"3 Sentries","floor":6.0,"turns":10.0},{"damage":12.0,"enemies":"Lagavulin","floor":8.0,"turns":5.0},{"damage":14,"enemies":"3 Sentries","floor":10,"turns":9},{"damage":0,"enemies":"3 Louse","floor":12,"turns":3},{"damage":0,"enemies":"Looter","floor":13,"turns":4},{"damage":17,"enemies":"Gremlin Nob","floor":14,"turns":5},{"damage":28,"enemies":"Slime Boss","floor":16,"turns":14},{"damage":0,"enemies":"3 Byrds","floor":18,"turns":7},{"damage":32,"enemies":"Gremlin Leader","floor":23,"turns":9},{"damage":2,"enemies":"Spheric Guardian","floor":27,"turns":4},{"damage":2,"enemies":"Chosen and Byrds","floor":29,"turns":4},{"damage":16,"enemies":"Slavers","floor":31,"turns":6},{"damage":30,"enemies":"Champ","floor":33,"turns":13},{"damage":3,"enemies":"3 Darklings","floor":35,"turns":4},{"damage":2,"enemies":"3 Shapes","floor":37,"turns":4},{"damage":2,"enemies":"Nemesis","floor":40,"turns":9},{"damage":25,"enemies":"Reptomancer","floor":45,"turns":6},{"damage":2,"enemies":"Transient","floor":47,"turns":5},{"damage":32,"enemies":"Giant Head","floor":48,"turns":9},{"damage":43,"enemies":"Awakened One","floor":50,"turns":13}],"seed_played":"-7186358687014294751","potions_obtained":[{"floor":4.0,"key":"Swift Potion"},{"floor":6.0,"key":"Poison Potion"},{"floor":8.0,"key":"LiquidBronze"},{"floor":10,"key":"PowerPotion"},{"floor":13,"key":"Swift Potion"},{"floor":16,"key":"SpeedPotion"},{"floor":18,"key":"EssenceOfSteel"},{"floor":29,"key":"Energy Potion"},{"floor":35,"key":"Poison Potion"},{"floor":40,"key":"Block Potion"}],"is_trial":false,"path_per_floor":["M","?","M","M","M","E","R","E","T","E","R","M","M","E","R","B",null,"M","$","?","?","?","E","R","T","T","M","R","M","?","E","R","B",null,"M","?","M","?","$","E","R","?","T","$","E","$","M","E","R","B",null],"character_chosen":"THE_SILENT","items_purchased":["Ice Cream","Blur","Panache","Flash of Steel"],"campfire_rested":3,"item_purchase_floors":[19,19,39,44],"current_hp_per_floor":[70,70,70,70,69,54,54,42,42,28,28,28,28,11,32,4,70,70,70,70,70,54,22,22,22,22,22,43,43,43,36,36,8,77,74,74,74,74,74,74,74,64,64,64,41,41,41,11,34,18],"gold":105,"neow_bonus":"THREE_ENEMY_KILL","is_prod":false,"is_daily":false,"chose_seed":false,"campfire_upgraded":5,"win_rate":0,"timestamp":1556512933,"path_taken":["M","?","?","?","M","E","R","E","T","E","R","M","?","E","R","BOSS","M","$","?","?","?","E","R","?","T","M","R","M","?","E","R","BOSS","M","?","M","?","$","E","R","?","T","$","E","$","M","E","R","BOSS"],"build_version":"2019-01-23","purchased_purges":2,"victory":true,"max_hp_per_floor":[70,70,70,70,70,70,70,70,70,70,70,70,70,70,70,70,70,70,70,70,70,70,70,70,70,70,70,70,70,70,77,77,77,77,77,77,77,77,77,77,77,77,77,77,77,77,77,77,77,77],"card_choices":[{"not_picked":["Prepared","Underhanded Strike"],"picked":"Cloak And Dagger","floor":1.0},{"not_picked":["Dagger Spray","Underhanded Strike"],"picked":"Poisoned Stab","floor":3.0},{"not_picked":["Acrobatics","Dagger Spray"],"picked":"Blur","floor":4.0},{"not_picked":["Heel Hook","Calculated Gamble"],"picked":"Infinite Blades","floor":5.0},{"not_picked":["Reflex","Masterful Stab"],"picked":"Catalyst","floor":6.0},{"not_picked":["Eviscerate","Caltrops"],"picked":"Dash","floor":8.0},{"not_picked":["Grand Finale","Slice","Eviscerate"],"picked":"SKIP","floor":10},{"not_picked":["Grand Finale","Slice","Eviscerate"],"picked":"SKIP","floor":10},{"not_picked":["Finisher","Reflex"],"picked":"Accuracy","floor":12},{"not_picked":["Heel Hook","Dagger Spray"],"picked":"Backflip","floor":13},{"not_picked":["Slice","Tactician"],"picked":"Leg Sweep","floor":14},{"not_picked":["Corpse Explosion","Night Terror"],"picked":"After Image","floor":16},{"not_picked":["Flechettes+1","Prepared","Slice"],"picked":"SKIP","floor":18},{"not_picked":["Outmaneuver","Crippling Poison"],"picked":"Blade Dance+1","floor":23},{"not_picked":["Predator","Reflex","Underhanded Strike"],"picked":"SKIP","floor":27},{"not_picked":["Backflip","Flechettes"],"picked":"Escape Plan","floor":29},{"not_picked":["Leg Sweep","Slice+1","PiercingWail"],"picked":"SKIP","floor":31},{"not_picked":["Leg Sweep","PiercingWail"],"picked":"Slice+1","floor":31},{"not_picked":["Unload","Venomology"],"picked":"Malaise","floor":33},{"not_picked":["Setup+1","Deadly Poison","Backflip"],"picked":"SKIP","floor":35},{"not_picked":["Bouncing Flask","Quick Slash+1"],"picked":"All Out Attack+1","floor":37},{"not_picked":["Prepared","Dodge and Roll","Riddle With Holes"],"picked":"SKIP","floor":40},{"not_picked":["Envenom","Sucker Punch+1","Finisher+1"],"picked":"SKIP","floor":45},{"not_picked":["Flechettes","Sucker Punch","Dodge and Roll+1"],"picked":"SKIP","floor":47},{"not_picked":["Prepared+1","Sucker Punch+1"],"picked":"Cloak And Dagger+1","floor":48}],"player_experience":868810,"relics_obtained":[{"floor":6.0,"key":"Blue Candle"},{"floor":8.0,"key":"Orichalcum"},{"floor":10,"key":"Torii"},{"floor":14,"key":"Bag of Preparation"},{"floor":22,"key":"Nilry\u0027s Codex"},{"floor":23,"key":"Mercury Hourglass"},{"floor":25,"key":"Bronze Scales"},{"floor":26,"key":"Blood Vial"},{"floor":31,"key":"Strawberry"},{"floor":40,"key":"Oddly Smooth Stone"},{"floor":43,"key":"Pantograph"},{"floor":45,"key":"Nunchaku"},{"floor":48,"key":"Vajra"}],"event_choices":[{"damage_healed":0.0,"max_hp_gain":0.0,"max_hp_loss":0.0,"gold_gain":0.0,"event_name":"FaceTrader","player_choice":"Trade","floor":2.0,"gold_loss":0.0,"damage_taken":0.0,"relics_obtained":["NlothsMask"]},{"damage_healed":0,"gold_gain":0,"player_choice":"Ignored","damage_taken":0,"max_hp_gain":0,"max_hp_loss":0,"event_name":"Ghosts","floor":20,"gold_loss":0},{"damage_healed":0,"gold_gain":99,"player_choice":"Stole From Cult","damage_taken":0,"max_hp_gain":0,"max_hp_loss":0,"event_name":"Nest","floor":21,"gold_loss":0},{"damage_healed":0,"gold_gain":0,"player_choice":"Obtained Book","damage_taken":16,"max_hp_gain":0,"max_hp_loss":0,"event_name":"Cursed Tome","floor":22,"gold_loss":0},{"cards_removed":["Defend_G"],"damage_healed":0,"gold_gain":0,"player_choice":"Purged","damage_taken":0,"max_hp_gain":0,"max_hp_loss":0,"event_name":"Purifier","floor":30,"gold_loss":0},{"damage_healed":0,"gold_gain":0,"player_choice":"Ignored","damage_taken":0,"max_hp_gain":0,"max_hp_loss":0,"event_name":"Tomb of Lord Red Mask","floor":36,"gold_loss":0},{"cards_removed":["All Out Attack"],"damage_healed":0,"gold_gain":0,"player_choice":"Removed Attack","damage_taken":0,"max_hp_gain":0,"max_hp_loss":0,"event_name":"Falling","floor":38,"gold_loss":0},{"damage_healed":0,"gold_gain":0,"player_choice":"Embrace Madness","damage_taken":10,"max_hp_gain":0,"max_hp_loss":0,"event_name":"Winding Halls","floor":42,"gold_loss":0,"cards_obtained":["Madness","Madness"]}],"is_beta":false,"boss_relics":[{"not_picked":["Velvet Choker","Coffee Dripper"],"picked":"Cursed Key"},{"not_picked":["Fusion Hammer","Black Star"],"picked":"Pandora\u0027s Box"}],"items_purged_floors":[19,39],"is_endless":false,"potions_floor_spawned":[4,6,8,10,13,14,16,18,27,29,35,40],"ascension_level":1}