{"gold_per_floor":[110,110,110,125,52,52,84,84,153,153,3,17,17,34,34,130,130,144,163,163,174,199,199,230,230],"floor_reached":25,"playtime":2371,"items_purged":["Pain"],"score":342,"play_id":"9a5923f6-b86f-460c-b9ff-8a5252e0a909","local_time":"20190409003644","is_ascension_mode":true,"campfire_choices":[{"data":"Noxious Fumes","floor":6,"key":"SMITH"},{"data":"Quick Slash","floor":8,"key":"SMITH"},{"data":"Poisoned Stab","floor":13,"key":"SMITH"},{"data":"Noxious Fumes","floor":15,"key":"SMITH"},{"floor":23,"key":"REST"}],"neow_cost":"NONE","seed_source_timestamp":87564538991727,"circlet_count":0,"master_deck":["Defend_G","Defend_G","Defend_G","Defend_G","Survivor","Neutralize","Heel Hook","Regret","Quick Slash+1","Noxious Fumes+1","Backstab","PanicButton","Writhe","Endless Agony","Poisoned Stab+1","Deadly Poison","Noxious Fumes+1","Night Terror","Phantasmal Killer+1","Terror+1","Expertise+1","Outmaneuver+1","Catalyst+1","Bite","Bite","Bite","Bite","Bite","Poisoned Stab+1","Prepared+1"],"relics":["Ring of the Snake","NeowsBlessing","Gremlin Horn","WarpedTongs","Bottled Flame","Meat on the Bone","Astrolabe","Red Mask","Singing Bowl"],"potions_floor_usage":[16,19,21,21],"damage_taken":[{"damage":0,"enemies":"2 Louse","floor":1,"turns":1},{"damage":0,"enemies":"Cultist","floor":4,"turns":1},{"damage":1,"enemies":"3 Sentries","floor":7,"turns":2},{"damage":0,"enemies":"Jaw Worm","floor":12,"turns":2},{"damage":3,"enemies":"Lots of Slimes","floor":14,"turns":2},{"damage":7,"enemies":"Hexaghost","floor":16,"turns":7},{"damage":24,"enemies":"Shell Parasite","floor":18,"turns":5},{"damage":11,"enemies":"Spheric Guardian","floor":19,"turns":4},{"damage":29,"enemies":"Snecko","floor":21,"turns":6},{"damage":1,"enemies":"Masked Bandits","floor":22,"turns":3},{"damage":41,"enemies":"Book of Stabbing","floor":24,"turns":6},{"damage":44,"enemies":"Snake Plant","floor":25,"turns":4}],"seed_played":"2582637708615333638","potions_obtained":[{"floor":1,"key":"EssenceOfSteel"},{"floor":14,"key":"Energy Potion"},{"floor":18,"key":"Dexterity Potion"},{"floor":19,"key":"Fire Potion"}],"is_trial":false,"path_per_floor":["M","?","?","M","$","R","E","R","T","?","$","M","R","M","R","B",null,"M","M","?","M","?","R","E","M"],"character_chosen":"THE_SILENT","items_purchased":["Noxious Fumes","Poisoned Stab","SkillPotion"],"campfire_rested":1,"item_purchase_floors":[5,11,11],"current_hp_per_floor":[63,63,63,63,63,63,62,62,62,62,62,62,62,59,59,52,66,42,43,43,28,33,47,33,0],"gold":230,"neow_bonus":"THREE_ENEMY_KILL","is_prod":false,"is_daily":false,"chose_seed":false,"campfire_upgraded":4,"win_rate":0,"timestamp":1554734204,"path_taken":["M","?","?","?","?","R","E","R","T","?","$","?","R","M","R","BOSS","M","M","?","M","?","R","E","M"],"build_version":"2019-01-23","purchased_purges":1,"victory":false,"max_hp_per_floor":[70,70,70,70,70,70,70,70,70,70,70,70,70,70,70,70,70,70,70,49,49,49,49,51,51],"card_choices":[{"not_picked":["Deflect","Cloak And Dagger"],"picked":"Heel Hook","floor":1},{"not_picked":["Dagger Spray","Outmaneuver"],"picked":"Quick Slash","floor":4},{"not_picked":["Footwork","Storm of Steel"],"picked":"Backstab","floor":7},{"not_picked":["Endless Agony","Prepared"],"picked":"Deadly Poison","floor":12},{"not_picked":["Poisoned Stab","Riddle With Holes"],"picked":"Noxious Fumes","floor":14},{"not_picked":["A Thousand Cuts","Malaise"],"picked":"Night Terror","floor":16},{"not_picked":["Dodge and Roll","Dagger Spray"],"picked":"Outmaneuver+1","floor":18},{"not_picked":["Cloak And Dagger+1","Leg Sweep"],"picked":"Catalyst+1","floor":19},{"not_picked":["Sucker Punch","Dagger Spray"],"picked":"Poisoned Stab+1","floor":21},{"not_picked":["Dagger Spray","Dagger Throw"],"picked":"Prepared+1","floor":22},{"not_picked":["Dagger Spray","PiercingWail","Heel Hook"],"picked":"Singing Bowl","floor":24}],"player_experience":1238535,"relics_obtained":[{"floor":7,"key":"Bottled Flame"},{"floor":9,"key":"Meat on the Bone"},{"floor":22,"key":"Red Mask"},{"floor":24,"key":"Singing Bowl"}],"event_choices":[{"damage_healed":0,"gold_gain":0,"player_choice":"Box","damage_taken":0,"relics_obtained":["Gremlin Horn"],"max_hp_gain":0,"max_hp_loss":0,"event_name":"Big Fish","floor":2,"gold_loss":0,"cards_obtained":["Regret"]},{"damage_healed":0,"gold_gain":0,"player_choice":"Rummage","damage_taken":0,"relics_obtained":["WarpedTongs"],"max_hp_gain":0,"max_hp_loss":0,"event_name":"Accursed Blacksmith","floor":3,"gold_loss":0,"cards_obtained":["Pain"]},{"damage_healed":0,"gold_gain":0,"player_choice":"3 cards matched","damage_taken":0,"max_hp_gain":0,"max_hp_loss":0,"event_name":"Match and Keep!","floor":10,"gold_loss":0,"cards_obtained":["PanicButton","Writhe","Endless Agony"]},{"damage_healed":0,"gold_gain":0,"player_choice":"Became a vampire","damage_taken":0,"max_hp_gain":0,"max_hp_loss":21,"event_name":"Vampires","floor":20,"gold_loss":0,"cards_obtained":["Bite","Bite","Bite","Bite","Bite"]},{"damage_healed":0,"gold_gain":0,"player_choice":"Fought Bandits","damage_taken":0,"max_hp_gain":0,"max_hp_loss":0,"event_name":"Masked Bandits","floor":22,"gold_loss":0}],"is_beta":false,"boss_relics":[{"not_picked":["Lizard Tail","WristBlade"],"picked":"Astrolabe"}],"items_purged_floors":[11],"is_endless":false,"potions_floor_spawned":[1,14,18,19],"killed_by":"Snake Plant","ascension_level":6}