{"gold_per_floor":[12,12,24,1,19,54,54,82,82,82,7,41,59,79,79,183,183,201,201,201,218,218,252,252],"floor_reached":24,"playtime":20824,"items_purged":["Strike_R"],"score":257,"play_id":"b527ebe9-7a7c-4f29-8338-dfd18c427bf3","local_time":"20190127231403","is_ascension_mode":true,"campfire_choices":[{"floor":10,"key":"REST"},{"floor":15,"key":"RECALL"}],"neow_cost":"NO_GOLD","seed_source_timestamp":153428861385272,"circlet_count":0,"master_deck":["Strike_R","Strike_R","Strike_R","Defend_R+1","Defend_R","Defend_R+1","Defend_R","Bash","Anger","Clash","Warcry","Clash","Flex","Offering+1","Headbutt","Seeing Red+1","Entrench+1","Exhume+1","Flex+1","True Grit+1","Armaments+1","Infernal Blade+1","Battle Trance+1","Spot Weakness+1","RitualDagger","Sentinel+1","Clothesline+1"],"relics":["Burning Blood","FossilizedHelix","GremlinMask","War Paint","Toxic Egg 2","Meat on the Bone","Orrery","PreservedInsect","Regal Pillow"],"potions_floor_usage":[16,16,24,24],"damage_taken":[{"damage":0,"enemies":"2 Louse","floor":1,"turns":2},{"damage":0,"enemies":"Cultist","floor":3,"turns":4},{"damage":0,"enemies":"Small Slimes","floor":5,"turns":3},{"damage":17,"enemies":"3 Sentries","floor":6,"turns":8},{"damage":23,"enemies":"Gremlin Nob","floor":8,"turns":5},{"damage":11,"enemies":"Lagavulin","floor":12,"turns":4},{"damage":0,"enemies":"2 Fungi Beasts","floor":13,"turns":3},{"damage":0,"enemies":"Exordium Wildlife","floor":14,"turns":4},{"damage":44,"enemies":"The Guardian","floor":16,"turns":8},{"damage":18,"enemies":"Shell Parasite","floor":18,"turns":4},{"damage":0,"enemies":"Spheric Guardian","floor":21,"turns":3},{"damage":47,"enemies":"Gremlin Leader","floor":23,"turns":6},{"damage":49,"enemies":"Centurion and Healer","floor":24,"turns":4}],"seed_played":"-5746593921152034139","potions_obtained":[{"floor":3,"key":"Swift Potion"},{"floor":12,"key":"Strength Potion"},{"floor":14,"key":"Strength Potion"},{"floor":16,"key":"FearPotion"},{"floor":23,"key":"BloodPotion"}],"is_trial":false,"path_per_floor":["M","?","M","$","M","E","?","E","T","R","$","E","M","M","R","B",null,"M","?","?","M","?","E","M"],"character_chosen":"IRONCLAD","items_purchased":["Warcry"],"campfire_rested":1,"item_purchase_floors":[4],"current_hp_per_floor":[80,80,80,80,80,69,62,45,45,69,69,64,70,76,76,50,80,68,62,62,68,68,39,0],"gold":252,"neow_bonus":"ONE_RARE_RELIC","is_prod":false,"is_daily":false,"chose_seed":false,"campfire_upgraded":0,"win_rate":0,"timestamp":1548591243,"path_taken":["M","?","?","?","?","E","?","E","T","R","$","E","M","M","R","BOSS","M","?","?","M","?","E","M"],"build_version":"2019-01-23","purchased_purges":1,"victory":false,"max_hp_per_floor":[80,80,80,80,80,80,80,80,80,80,80,80,80,80,80,80,80,80,80,80,80,80,80,80],"card_choices":[{"not_picked":["Armaments","Infernal Blade"],"picked":"Anger","floor":1},{"not_picked":["Searing Blow","Fire Breathing"],"picked":"Clash","floor":3},{"not_picked":["Iron Wave","Thunderclap"],"picked":"Clash","floor":5},{"not_picked":["Carnage","Intimidate"],"picked":"Flex","floor":6},{"not_picked":["Cleave","Perfected Strike"],"picked":"Offering","floor":8},{"not_picked":["Warcry+1","Thunderclap"],"picked":"Headbutt","floor":12},{"not_picked":["Sword Boomerang","Cleave"],"picked":"Seeing Red+1","floor":13},{"not_picked":["Iron Wave","Searing Blow"],"picked":"Entrench+1","floor":14},{"not_picked":["Fiend Fire","Immolate"],"picked":"Exhume+1","floor":16},{"not_picked":["Warcry+1","Entrench+1"],"picked":"Flex+1","floor":17},{"not_picked":["Headbutt","Body Slam"],"picked":"True Grit+1","floor":17},{"not_picked":["Battle Trance+1","Dropkick"],"picked":"Armaments+1","floor":17},{"not_picked":["Anger","Rage+1"],"picked":"Infernal Blade+1","floor":17},{"not_picked":["Metallicize","Clothesline"],"picked":"Battle Trance+1","floor":17},{"not_picked":["Headbutt","Cleave"],"picked":"Spot Weakness+1","floor":18},{"not_picked":["Fire Breathing","Iron Wave"],"picked":"Sentinel+1","floor":21},{"not_picked":["Entrench+1","Armaments+1"],"picked":"Clothesline+1","floor":23}],"player_experience":150933,"relics_obtained":[{"floor":6,"key":"War Paint"},{"floor":8,"key":"Toxic Egg 2"},{"floor":12,"key":"Meat on the Bone"},{"floor":23,"key":"Regal Pillow"}],"event_choices":[{"damage_healed":0,"gold_gain":0,"player_choice":"Trade","damage_taken":0,"relics_obtained":["GremlinMask"],"max_hp_gain":0,"max_hp_loss":0,"event_name":"FaceTrader","floor":2,"gold_loss":0},{"cards_removed":["Strike_R"],"damage_healed":0,"gold_gain":0,"player_choice":"Card Removal","damage_taken":7,"max_hp_gain":0,"max_hp_loss":0,"event_name":"Golden Wing","floor":7,"gold_loss":0},{"damage_healed":0,"gold_gain":0,"player_choice":"Joined the Cult","damage_taken":6,"max_hp_gain":0,"max_hp_loss":0,"event_name":"Nest","floor":19,"gold_loss":0,"cards_obtained":["RitualDagger"]},{"damage_healed":0,"gold_gain":0,"player_choice":"Stole Relic","damage_taken":0,"relics_obtained":["PreservedInsect"],"max_hp_gain":0,"max_hp_loss":0,"event_name":"Addict","floor":20,"gold_loss":0,"cards_obtained":["Shame"]},{"cards_removed":["Shame"],"damage_healed":0,"gold_gain":0,"player_choice":"Purged","damage_taken":0,"max_hp_gain":0,"max_hp_loss":0,"event_name":"Purifier","floor":22,"gold_loss":0}],"is_beta":false,"boss_relics":[{"not_picked":["Velvet Choker","Runic Pyramid"],"picked":"Orrery"}],"items_purged_floors":[11],"is_endless":false,"potions_floor_spawned":[3,12,14,16,23],"killed_by":"Centurion and Healer","ascension_level":2}