{"gold_per_floor":[118,43,43,63,83,114,114,130,130,144,177,195,218,232,232,321,321,336,261,261,280,299,299],"floor_reached":23,"playtime":1397,"items_purged":[],"score":414,"play_id":"b0aacf8d-a308-4cd7-9753-effd853418f4","local_time":"20190620105754","is_ascension_mode":true,"campfire_choices":[{"floor":7.0,"key":"REST"},{"floor":15.0,"key":"REST"}],"neow_cost":"NONE","seed_source_timestamp":79301707507761,"circlet_count":0,"master_deck":["AscendersBane","Survivor","Neutralize","Dagger Throw","Injury","Backflip","Dagger Throw","Bouncing Flask","Poisoned Stab","Blur","All Out Attack","Crippling Poison","Cloak And Dagger","Burst","Burst","Corpse Explosion","Cloak And Dagger","Infinite Blades","Infinite Blades","Crippling Poison","Riddle With Holes","Acrobatics","Cloak And Dagger","Reflex"],"special_seed":0,"relics":["HoveringKite","Golden Idol","Bag of Preparation","Turnip","Pandora\u0027s Box"],"potions_floor_usage":[23],"damage_taken":[{"damage":1.0,"enemies":"2 Louse","floor":1.0,"turns":3.0},{"damage":4.0,"enemies":"Small Slimes","floor":4.0,"turns":3.0},{"damage":7.0,"enemies":"Jaw Worm","floor":5.0,"turns":4.0},{"damage":44.0,"enemies":"Lagavulin","floor":6.0,"turns":11.0},{"damage":3.0,"enemies":"2 Fungi Beasts","floor":8.0,"turns":5.0},{"damage":5.0,"enemies":"Looter","floor":10.0,"turns":4.0},{"damage":8.0,"enemies":"Gremlin Nob","floor":11.0,"turns":3.0},{"damage":0.0,"enemies":"Red Slaver","floor":12.0,"turns":3.0},{"damage":0.0,"enemies":"Large Slime","floor":13.0,"turns":5.0},{"damage":1.0,"enemies":"Lots of Slimes","floor":14.0,"turns":3.0},{"damage":11.0,"enemies":"Hexaghost","floor":16.0,"turns":9.0},{"damage":11.0,"enemies":"Spheric Guardian","floor":18.0,"turns":4.0},{"damage":0.0,"enemies":"3 Byrds","floor":21.0,"turns":3.0},{"damage":26.0,"enemies":"Snake Plant","floor":22.0,"turns":5.0},{"damage":38,"enemies":"Slavers","floor":23,"turns":3}],"seed_played":"-7362180766629536056","potions_obtained":[{"floor":4.0,"key":"Dexterity Potion"},{"floor":5.0,"key":"LiquidBronze"},{"floor":10.0,"key":"Energy Potion"},{"floor":11.0,"key":"Dexterity Potion"},{"floor":14.0,"key":"AttackPotion"},{"floor":16.0,"key":"Regen Potion"},{"floor":18.0,"key":"Strength Potion"}],"is_trial":false,"path_per_floor":["M","?","?","M","M","E","R","M","T","M","E","M","M","M","R","B",null,"M","?","?","M","M","E"],"character_chosen":"THE_SILENT","items_purchased":[],"campfire_rested":2,"item_purchase_floors":[],"current_hp_per_floor":[58,58,58,54,47,3,22,19,19,14,6,6,6,5,24,13,53,42,42,42,42,30,0],"gold":299,"neow_bonus":"BOSS_RELIC","is_prod":false,"is_daily":false,"chose_seed":false,"campfire_upgraded":0,"win_rate":0,"timestamp":1561053474,"path_taken":["M","?","?","M","M","E","R","M","T","M","E","M","M","M","R","BOSS","M","?","?","M","M","E"],"build_version":"2019-01-23","purchased_purges":0,"victory":false,"max_hp_per_floor":[66,66,66,66,66,66,66,66,66,66,66,66,66,66,66,66,66,66,66,66,66,66,66],"card_choices":[{"not_picked":["Cloak And Dagger","Deadly Poison"],"picked":"Dagger Throw","floor":1.0},{"not_picked":["Quick Slash","Outmaneuver"],"picked":"Backflip","floor":4.0},{"not_picked":["Slice","Flying Knee"],"picked":"Dagger Throw","floor":5.0},{"not_picked":["Flechettes","Blade Dance","Tactician"],"picked":"SKIP","floor":6.0},{"not_picked":["Quick Slash","PiercingWail"],"picked":"Bouncing Flask","floor":8.0},{"not_picked":["Phantasmal Killer","Prepared"],"picked":"Poisoned Stab","floor":10.0},{"not_picked":["Grand Finale","Prepared"],"picked":"Blur","floor":11.0},{"not_picked":["Flechettes","Dagger Throw"],"picked":"All Out Attack","floor":12.0},{"not_picked":["Quick Slash","Deadly Poison"],"picked":"Crippling Poison","floor":13.0},{"not_picked":["Masterful Stab","Concentrate"],"picked":"Cloak And Dagger","floor":14.0},{"not_picked":["A Thousand Cuts","Tools of the Trade"],"picked":"Burst","floor":16.0},{"not_picked":["Prepared","Quick Slash"],"picked":"Acrobatics","floor":18.0},{"not_picked":["Slice","Dagger Throw"],"picked":"Cloak And Dagger","floor":21.0},{"not_picked":["Predator","Backstab"],"picked":"Reflex","floor":22.0}],"player_experience":917426,"relics_obtained":[{"floor":6.0,"key":"Bag of Preparation"},{"floor":11.0,"key":"Turnip"}],"event_choices":[{"cards_removed":["Strike_G"],"damage_healed":0.0,"max_hp_gain":0.0,"max_hp_loss":0.0,"gold_gain":0.0,"event_name":"The Cleric","player_choice":"Card Removal","floor":2.0,"gold_loss":75.0,"damage_taken":0.0},{"damage_healed":0.0,"max_hp_gain":0.0,"max_hp_loss":0.0,"gold_gain":0.0,"event_name":"Golden Idol","player_choice":"Take Wound","floor":3.0,"gold_loss":0.0,"damage_taken":0.0,"relics_obtained":["Golden Idol"],"cards_obtained":["Injury"]},{"cards_removed":["Storm of Steel"],"damage_healed":0.0,"max_hp_gain":0.0,"max_hp_loss":0.0,"gold_gain":0.0,"event_name":"Beggar","player_choice":"Gave Gold","floor":19.0,"gold_loss":75.0,"damage_taken":0.0},{"cards_removed":["Flying Knee"],"damage_healed":0.0,"max_hp_gain":0.0,"max_hp_loss":0.0,"gold_gain":0.0,"event_name":"Back to Basics","player_choice":"Elegance","floor":20.0,"gold_loss":0.0,"damage_taken":0.0}],"is_beta":false,"boss_relics":[{"not_picked":["Black Star","Tiny House"],"picked":"Pandora\u0027s Box"}],"items_purged_floors":[],"is_endless":false,"potions_floor_spawned":[4,5,10,11,14,16,18],"killed_by":"Slavers","ascension_level":20}