{"gold_per_floor":[119,5,5,18,18,46,63,77,77,77,94,110,110,19,19,92,92,109,34,34],"floor_reached":20,"playtime":642,"items_purged":["Strike_B"],"score":338,"play_id":"04fe9f49-a024-4285-8818-c39e36e233a9","local_time":"20190529021810","is_ascension_mode":true,"campfire_choices":[{"data":"Zap","floor":10.0,"key":"SMITH"},{"data":"Defragment","floor":13.0,"key":"SMITH"},{"floor":15.0,"key":"REST"}],"neow_cost":"NONE","seed_source_timestamp":34681991696180,"circlet_count":0,"master_deck":["AscendersBane","Strike_B","Strike_B","Defend_B","Defend_B","Defend_B","Defend_B","Zap+1","Dualcast","Gash","Defragment+1","Hologram","Sweeping Beam","Hologram","Scrape","Hologram","Coolheaded+1","Reinforced Body+1","Genetic Algorithm+1","All For One","Leap+1"],"special_seed":0,"relics":["Cracked Core","NeowsBlessing","Blood Vial","Toxic Egg 2","Cursed Key"],"potions_floor_usage":[20],"damage_taken":[{"damage":0.0,"enemies":"2 Louse","floor":1.0,"turns":1.0},{"damage":0.0,"enemies":"Cultist","floor":4.0,"turns":1.0},{"damage":0.0,"enemies":"3 Sentries","floor":6.0,"turns":1.0},{"damage":10.0,"enemies":"Small Slimes","floor":7.0,"turns":4.0},{"damage":18.0,"enemies":"Blue Slaver","floor":8.0,"turns":4.0},{"damage":9.0,"enemies":"Red Slaver","floor":11.0,"turns":4.0},{"damage":19.0,"enemies":"Exordium Thugs","floor":12.0,"turns":4.0},{"damage":31.0,"enemies":"Slime Boss","floor":16.0,"turns":8.0},{"damage":24,"enemies":"2 Thieves","floor":18,"turns":3},{"damage":47,"enemies":"Colosseum Slavers","floor":20,"turns":4}],"seed_played":"7912133760248150992","potions_obtained":[{"floor":1.0,"key":"Regen Potion"},{"floor":8.0,"key":"SpeedPotion"},{"floor":11.0,"key":"SkillPotion"},{"floor":12.0,"key":"SpeedPotion"},{"floor":18,"key":"SpeedPotion"}],"is_trial":false,"path_per_floor":["M","$","?","M","$","E","M","M","T","R","M","M","R","$","R","B",null,"M","$","?"],"character_chosen":"DEFECT","items_purchased":["Defragment","Hologram","Strength Potion","Genetic Algorithm+1"],"campfire_rested":1,"item_purchase_floors":[2,2,14,14],"current_hp_per_floor":[64,64,64,64,64,64,56,40,40,40,33,28,28,28,49,20,58,36,36,0],"gold":34,"neow_bonus":"THREE_ENEMY_KILL","is_prod":false,"is_daily":false,"chose_seed":false,"campfire_upgraded":2,"win_rate":0,"timestamp":1559089090,"path_taken":["M","$","?","M","$","E","?","M","T","R","M","?","R","?","R","BOSS","M","$","?"],"build_version":"2019-01-23","purchased_purges":1,"victory":false,"max_hp_per_floor":[71,71,71,71,71,71,71,71,71,71,71,71,71,71,71,71,71,71,71,71],"card_choices":[{"not_picked":["Tempest","Hello World"],"picked":"Gash","floor":1.0},{"not_picked":["Fusion","Force Field"],"picked":"Sweeping Beam","floor":4.0},{"not_picked":["Streamline","Barrage"],"picked":"Hologram","floor":6.0},{"not_picked":["Tempest","Hologram"],"picked":"Scrape","floor":7.0},{"not_picked":["Sweeping Beam","Compile Driver"],"picked":"Hologram","floor":8.0},{"not_picked":["Conserve Battery+1","Rip and Tear"],"picked":"Coolheaded+1","floor":11.0},{"not_picked":["Capacitor","Steam Power+1"],"picked":"Reinforced Body+1","floor":12.0},{"not_picked":["Hyperbeam","Fission+1"],"picked":"All For One","floor":16.0},{"not_picked":["Blizzard","Beam Cell"],"picked":"Leap+1","floor":18}],"player_experience":700678,"relics_obtained":[{"floor":6.0,"key":"Blood Vial"},{"floor":9.0,"key":"Toxic Egg 2"}],"event_choices":[{"cards_removed":["Strike_B"],"damage_healed":0.0,"max_hp_gain":0.0,"max_hp_loss":0.0,"gold_gain":0.0,"event_name":"Purifier","player_choice":"Purged","floor":3.0,"gold_loss":0.0,"damage_taken":0.0},{"damage_healed":0,"gold_gain":0,"player_choice":"Fight","damage_taken":0,"max_hp_gain":0,"max_hp_loss":0,"event_name":"Colosseum","floor":20,"gold_loss":0}],"is_beta":false,"boss_relics":[{"not_picked":["Sozu","Eternal Feather"],"picked":"Cursed Key"}],"items_purged_floors":[19],"is_endless":false,"potions_floor_spawned":[1,8,11,12,18],"killed_by":"Colosseum Slavers","ascension_level":14}