{"gold_per_floor":[113,113,288,288,301,326,341,341,341,369,382,382],"floor_reached":12,"playtime":1021,"items_purged":[],"score":135,"play_id":"4cd07858-7a7c-48a1-b5d1-60560ede4524","local_time":"20190219181225","is_ascension_mode":true,"campfire_choices":[{"data":"Armaments","floor":8,"key":"SMITH"}],"neow_cost":"NONE","seed_source_timestamp":492644895326599,"circlet_count":0,"master_deck":["Strike_R","Strike_R","Strike_R","Strike_R","Defend_R","Defend_R","Defend_R","Defend_R","Bash","Uppercut","Doubt","Anger","Spot Weakness","Armaments+1","Cleave","Pommel Strike"],"relics":["Burning Blood","Mango","Du-Vu Doll","Paper Frog"],"potions_floor_usage":[5,10],"damage_taken":[{"damage":10,"enemies":"Small Slimes","floor":1,"turns":4},{"damage":2,"enemies":"Cultist","floor":5,"turns":4},{"damage":52,"enemies":"Lagavulin","floor":6,"turns":8},{"damage":4,"enemies":"2 Louse","floor":7,"turns":3},{"damage":34,"enemies":"3 Sentries","floor":10,"turns":8},{"damage":16,"enemies":"Exordium Thugs","floor":11,"turns":4},{"damage":33,"enemies":"Lagavulin","floor":12,"turns":5}],"seed_played":"-7536948996655961620","potions_obtained":[{"floor":1,"key":"Fire Potion"},{"floor":7,"key":"Fruit Juice"}],"is_trial":false,"path_per_floor":["M","?","?","?","M","E","M","R","T","E","M","E"],"character_chosen":"IRONCLAD","items_purchased":[],"campfire_rested":0,"item_purchase_floors":[],"current_hp_per_floor":[84,77,77,88,88,56,58,58,58,35,25,0],"gold":382,"neow_bonus":"TEN_PERCENT_HP_BONUS","is_prod":false,"is_daily":false,"chose_seed":false,"campfire_upgraded":1,"win_rate":0,"timestamp":1550560345,"path_taken":["M","?","?","?","M","E","?","R","T","E","?","E"],"build_version":"2019-01-23","purchased_purges":0,"victory":false,"max_hp_per_floor":[88,88,88,88,88,102,102,102,102,107,107,107],"card_choices":[{"not_picked":["Clothesline","Headbutt"],"picked":"Uppercut","floor":1},{"not_picked":["Wild Strike","Pommel Strike"],"picked":"Anger","floor":5},{"not_picked":["Wild Strike","Hemokinesis"],"picked":"Spot Weakness","floor":6},{"not_picked":["Havoc","Entrench"],"picked":"Armaments","floor":7},{"not_picked":["Pommel Strike","Infernal Blade"],"picked":"Cleave","floor":10},{"not_picked":["Warcry","True Grit"],"picked":"Pommel Strike","floor":11}],"player_experience":570165,"relics_obtained":[{"floor":6,"key":"Mango"},{"floor":9,"key":"Du-Vu Doll"},{"floor":10,"key":"Paper Frog"}],"event_choices":[{"cards_removed":["Strike_R"],"damage_healed":0,"gold_gain":0,"player_choice":"Card Removal","damage_taken":7,"max_hp_gain":0,"max_hp_loss":0,"event_name":"Golden Wing","floor":2,"gold_loss":0},{"damage_healed":0,"gold_gain":175,"player_choice":"AGREE","damage_taken":0,"max_hp_gain":0,"max_hp_loss":0,"event_name":"Liars Game","floor":3,"gold_loss":0,"cards_obtained":["Doubt"]},{"damage_healed":11,"gold_gain":0,"player_choice":"Full Heal","damage_taken":0,"max_hp_gain":0,"max_hp_loss":0,"event_name":"Wheel of Change","floor":4,"gold_loss":0}],"is_beta":false,"boss_relics":[],"items_purged_floors":[],"is_endless":false,"potions_floor_spawned":[1,7],"killed_by":"Lagavulin","ascension_level":5}