{"gold_per_floor":[111,130,130,55,55,386,386,400,400,415,455,455,475,493,493,591,591,614,614,634,634,15,49,49,49,75,94,94],"floor_reached":28,"playtime":1325,"items_purged":["Strike_G"],"score":516,"play_id":"5e25603f-fb17-4e00-97ae-b02ab34e75db","local_time":"20190529012530","is_ascension_mode":true,"campfire_choices":[{"data":"Deadly Poison","floor":7,"key":"SMITH"},{"floor":12,"key":"REST"},{"floor":15,"key":"REST"},{"floor":25,"key":"REST"}],"neow_cost":"NONE","seed_source_timestamp":30860879189532,"circlet_count":0,"master_deck":["AscendersBane","Defend_G+1","Defend_G","Defend_G","Defend_G","Defend_G","Survivor","Neutralize+1","Deadly Poison+1","Backflip+1","PiercingWail","Calculated Gamble","Cloak And Dagger","Escape Plan","Corpse Explosion","Dagger Spray","Dodge and Roll","Calculated Gamble","Reflex","Concentrate","Well Laid Plans","Backflip","Blur","Envenom","Bite","Bite","Bite","Bite","Bite","Deadly Poison"],"relics":["Ring of the Snake","NeowsBlessing","Bloody Idol","Pear","Bottled Lightning","Orrery","Nloth\u0027s Gift","Singing Bowl","Lee\u0027s Waffle","Question Card","War Paint"],"potions_floor_usage":[11,23,27,28],"damage_taken":[{"damage":0,"enemies":"Small Slimes","floor":1,"turns":1},{"damage":0,"enemies":"2 Louse","floor":2,"turns":1},{"damage":0,"enemies":"Lagavulin","floor":6,"turns":1},{"damage":3,"enemies":"Jaw Worm","floor":8,"turns":4},{"damage":20,"enemies":"Lots of Slimes","floor":10,"turns":8},{"damage":41,"enemies":"Gremlin Nob","floor":11,"turns":6},{"damage":7,"enemies":"Exordium Thugs","floor":13,"turns":6},{"damage":0,"enemies":"3 Louse","floor":14,"turns":3},{"damage":20,"enemies":"Hexaghost","floor":16,"turns":13},{"damage":0,"enemies":"3 Byrds","floor":18,"turns":3},{"damage":9,"enemies":"Shell Parasite","floor":20,"turns":6},{"damage":63,"enemies":"Slavers","floor":23,"turns":5},{"damage":49,"enemies":"Shelled Parasite and Fungi","floor":27,"turns":10},{"damage":28,"enemies":"Book of Stabbing","floor":28,"turns":5}],"seed_played":"4083161930249147006","potions_obtained":[{"floor":2,"key":"SpeedPotion"},{"floor":11,"key":"GhostInAJar"},{"floor":14,"key":"SpeedPotion"},{"floor":23,"key":"Weak Potion"},{"floor":27,"key":"EssenceOfSteel"}],"is_trial":false,"path_per_floor":["M","M","?","?","?","E","R","M","T","M","E","R","M","M","R","B",null,"M","?","M","?","$","E","?","R","T","M","E"],"character_chosen":"THE_SILENT","items_purchased":["Singing Bowl","Blur","Lee\u0027s Waffle"],"campfire_rested":3,"item_purchase_floors":[22,22,22],"current_hp_per_floor":[59,59,59,59,59,59,59,56,66,46,5,27,20,20,42,22,63,63,63,54,54,83,25,25,42,47,21,0],"gold":94,"neow_bonus":"THREE_ENEMY_KILL","is_prod":false,"is_daily":false,"chose_seed":false,"campfire_upgraded":1,"win_rate":0,"timestamp":1559085930,"path_taken":["M","M","?","?","?","E","R","M","T","M","E","R","M","M","R","BOSS","M","?","?","?","$","E","?","R","T","M","E"],"build_version":"2019-01-23","purchased_purges":1,"victory":false,"max_hp_per_floor":[66,66,66,66,66,66,66,66,76,76,76,76,76,76,76,76,76,76,76,76,76,83,83,58,58,58,58,58],"card_choices":[{"not_picked":["Prepared","Poisoned Stab","Quick Slash"],"picked":"SKIP","floor":1},{"not_picked":["Slice","Setup"],"picked":"Deadly Poison","floor":2},{"not_picked":["Bane","Sucker Punch"],"picked":"Backflip","floor":6},{"not_picked":["All Out Attack","Escape Plan"],"picked":"PiercingWail","floor":8},{"not_picked":["Eviscerate","Venomology"],"picked":"Calculated Gamble","floor":10},{"not_picked":["Slice","Dagger Throw","Outmaneuver"],"picked":"SKIP","floor":11},{"not_picked":["Quick Slash","Slice"],"picked":"Cloak And Dagger","floor":13},{"not_picked":["Riddle With Holes","Finisher"],"picked":"Escape Plan","floor":14},{"not_picked":["After Image","Wraith Form v2"],"picked":"Corpse Explosion","floor":16},{"not_picked":["Poisoned Stab","Dagger Throw"],"picked":"Dagger Spray","floor":17},{"not_picked":["Endless Agony","Cloak And Dagger"],"picked":"Dodge and Roll","floor":17},{"not_picked":["Skewer","All Out Attack"],"picked":"Calculated Gamble","floor":17},{"not_picked":["Poisoned Stab","Bouncing Flask"],"picked":"Reflex","floor":17},{"not_picked":["Prepared","Poisoned Stab"],"picked":"Concentrate","floor":17},{"not_picked":["Backstab","Catalyst"],"picked":"Well Laid Plans","floor":18},{"not_picked":["Acrobatics","Wraith Form v2"],"picked":"Backflip","floor":20},{"not_picked":["Escape Plan","Dagger Spray"],"picked":"Envenom","floor":23},{"not_picked":["Outmaneuver","Slice","Cloak And Dagger"],"picked":"Deadly Poison","floor":27}],"player_experience":697274,"relics_obtained":[{"floor":6,"key":"Old Coin"},{"floor":9,"key":"Pear"},{"floor":11,"key":"Bottled Lightning"},{"floor":23,"key":"Question Card"},{"floor":26,"key":"War Paint"}],"event_choices":[{"damage_healed":0,"gold_gain":0,"player_choice":"Take Wound","damage_taken":0,"relics_obtained":["Golden Idol"],"max_hp_gain":0,"max_hp_loss":0,"event_name":"Golden Idol","floor":3,"gold_loss":0,"cards_obtained":["Injury"]},{"cards_removed":["Injury"],"damage_healed":0,"gold_gain":0,"player_choice":"Card Removal","damage_taken":0,"max_hp_gain":0,"max_hp_loss":0,"event_name":"The Cleric","floor":4,"gold_loss":75},{"damage_healed":0,"gold_gain":0,"player_choice":"Grow","damage_taken":0,"max_hp_gain":0,"max_hp_loss":0,"event_name":"Living Wall","floor":5,"gold_loss":0,"cards_upgraded":["Neutralize"]},{"damage_healed":0,"gold_gain":0,"player_choice":"Traded Relic","damage_taken":0,"relics_obtained":["Nloth\u0027s Gift"],"max_hp_gain":0,"max_hp_loss":0,"event_name":"N\u0027loth","floor":19,"relics_lost":["Old Coin"],"gold_loss":0},{"damage_healed":0,"gold_gain":0,"player_choice":"Gave Idol","damage_taken":0,"relics_obtained":["Bloody Idol"],"max_hp_gain":0,"max_hp_loss":0,"event_name":"Forgotten Altar","floor":21,"relics_lost":["Golden Idol"],"gold_loss":0},{"damage_healed":0,"gold_gain":0,"player_choice":"Became a vampire","damage_taken":0,"max_hp_gain":0,"max_hp_loss":25,"event_name":"Vampires","floor":24,"gold_loss":0,"cards_obtained":["Bite","Bite","Bite","Bite","Bite"]}],"is_beta":false,"boss_relics":[{"not_picked":["White Beast Statue","Empty Cage"],"picked":"Orrery"}],"items_purged_floors":[22],"is_endless":false,"potions_floor_spawned":[2,11,14,23,27],"killed_by":"Book of Stabbing","ascension_level":16}