{"gold_per_floor":[113,130,31,41,41,41,79,79,79,79,79,6,81,32,32,32],"floor_reached":16,"playtime":1885,"items_purged":["Defend_G"],"score":96,"play_id":"ec2b66cf-45e5-4425-8e33-b9e55e84f134","local_time":"20190106220331","is_ascension_mode":false,"campfire_choices":[{"data":"Dodge and Roll","floor":6,"key":"SMITH"},{"floor":8,"key":"REST"},{"data":"Riddle With Holes","floor":10,"key":"SMITH"},{"floor":15,"key":"REST"}],"neow_cost":"NONE","seed_source_timestamp":187212341923969,"circlet_count":0,"master_deck":["Defend_G","Defend_G","Defend_G","Defend_G","Strike_G","Strike_G","Strike_G","Strike_G","Strike_G","Survivor","Neutralize","Dodge and Roll","Dodge and Roll+1","Underhanded Strike","Dagger Throw","Injury","Riddle With Holes+1","Burst+1"],"relics":["Ring of the Snake","NeowsBlessing","Golden Idol","Ninja Scroll","Toxic Egg 2","Mercury Hourglass"],"potions_floor_usage":[16,16],"damage_taken":[{"damage":0,"enemies":"Jaw Worm","floor":1,"turns":1},{"damage":0,"enemies":"2 Louse","floor":2,"turns":1},{"damage":0,"enemies":"Small Slimes","floor":4,"turns":1},{"damage":50,"enemies":"Gremlin Nob","floor":7,"turns":6},{"damage":38,"enemies":"The Guardian","floor":16,"turns":13}],"seed_played":"206113474800207720","potions_obtained":[{"floor":2,"key":"EssenceOfSteel"},{"floor":7,"key":"LiquidBronze"}],"is_trial":false,"path_per_floor":["M","M","$","M","?","R","E","R","T","R","?","$","?","?","R","B"],"character_chosen":"THE_SILENT","items_purchased":["Underhanded Strike","Burst+1"],"campfire_rested":2,"item_purchase_floors":[3,12],"current_hp_per_floor":[70,70,70,70,70,70,20,41,41,41,16,16,16,16,37,0],"gold":32,"neow_bonus":"THREE_ENEMY_KILL","is_prod":false,"is_daily":false,"chose_seed":false,"campfire_upgraded":2,"win_rate":0.0,"timestamp":1546772611,"path_taken":["M","M","$","M","?","R","E","R","T","R","?","$","?","?","R","BOSS"],"build_version":"2019-01-03v4","purchased_purges":1,"victory":false,"max_hp_per_floor":[70,70,70,70,70,70,70,70,70,70,70,70,70,70,70,70],"card_choices":[{"not_picked":["Prepared","Deflect"],"picked":"Dodge and Roll","floor":1},{"not_picked":["Reflex","Expertise"],"picked":"Dodge and Roll","floor":2},{"not_picked":["Reflex","Distraction"],"picked":"Dagger Throw","floor":4},{"not_picked":["Expertise","Deflect"],"picked":"Riddle With Holes","floor":7}],"player_experience":80907,"relics_obtained":[{"floor":7,"key":"Ninja Scroll"},{"floor":9,"key":"Toxic Egg 2"}],"event_choices":[{"damage_healed":0,"gold_gain":0,"player_choice":"Take Wound","damage_taken":0,"relics_obtained":["Golden Idol"],"max_hp_gain":0,"max_hp_loss":0,"event_name":"Golden Idol","floor":5,"gold_loss":0,"cards_obtained":["Injury"]},{"damage_healed":0,"gold_gain":0,"player_choice":"Success","damage_taken":25,"relics_obtained":["Mercury Hourglass"],"max_hp_gain":0,"max_hp_loss":0,"event_name":"Scrap Ooze","floor":11,"gold_loss":0},{"damage_healed":0,"gold_gain":75,"player_choice":"Gained Gold","damage_taken":0,"max_hp_gain":0,"max_hp_loss":0,"event_name":"Golden Wing","floor":13,"gold_loss":0},{"damage_healed":0,"gold_gain":0,"player_choice":"Left Gold","damage_taken":0,"max_hp_gain":0,"max_hp_loss":0,"event_name":"World of Goop","floor":14,"gold_loss":49}],"is_beta":false,"boss_relics":[],"items_purged_floors":[3],"is_endless":false,"potions_floor_spawned":[2,7],"killed_by":"The Guardian","ascension_level":0}