{"gold_per_floor":[111,73,23,23,38,64,93,125,162,174,361,404,416,442,454,569,581,612,624],"floor_reached":19,"playtime":1894,"items_purged":[],"score":212,"play_id":"b9b42099-e23b-4c91-9b80-a512674ad9d1","local_time":"20190213213456","is_ascension_mode":true,"campfire_choices":[{"floor":10.0,"key":"REST"},{"floor":13.0,"key":"REST"},{"floor":15.0,"key":"REST"}],"neow_cost":"NONE","seed_source_timestamp":0,"circlet_count":0,"master_deck":["Strike_B","Strike_B","Defend_B","Defend_B","Defend_B","Zap","Dualcast","Rebound","Lockon","Redo","Leap","Redo","Leap","Doubt","Genetic Algorithm","Barrage","Thunder Strike","Static Discharge"],"special_seed":0,"relics":["Cracked Core","MawBank","DataDisk","Pen Nib","Nuclear Battery"],"potions_floor_usage":[18],"damage_taken":[{"damage":0.0,"enemies":"Cultist","floor":1.0,"turns":4.0},{"damage":0.0,"enemies":"2 Louse","floor":5.0,"turns":2.0},{"damage":45.0,"enemies":"3 Sentries","floor":6.0,"turns":6.0},{"damage":12.0,"enemies":"Small Slimes","floor":7.0,"turns":2.0},{"damage":8.0,"enemies":"Blue Slaver","floor":8.0,"turns":3.0},{"damage":20.0,"enemies":"Lagavulin","floor":12.0,"turns":6.0},{"damage":4.0,"enemies":"3 Louse","floor":14.0,"turns":3.0},{"damage":46.0,"enemies":"The Guardian","floor":16.0,"turns":13.0},{"damage":38,"enemies":"3 Byrds","floor":18,"turns":5},{"damage":50,"enemies":"Masked Bandits","floor":19,"turns":3}],"seed_played":"8776884756298252563","potions_obtained":[{"floor":8.0,"key":"Explosive Potion"},{"floor":12.0,"key":"Energy Potion"},{"floor":16.0,"key":"Strength Potion"}],"is_trial":false,"path_per_floor":["M","$","?","?","M","E","M","M","T","R","?","E","R","M","R","B",null,"M","?"],"character_chosen":"DEFECT","items_purchased":["Lockon"],"campfire_rested":3,"item_purchase_floors":[2],"current_hp_per_floor":[75,75,75,75,75,30,18,10,10,32,32,12,34,30,52,6,75,37,0],"gold":624,"neow_bonus":"REMOVE_CARD","is_prod":false,"is_daily":false,"chose_seed":false,"campfire_upgraded":0,"win_rate":0,"timestamp":1550054096,"path_taken":["M","$","?","?","?","E","M","M","T","R","?","E","R","M","R","BOSS","M","?"],"build_version":"2019-01-23","purchased_purges":0,"victory":false,"max_hp_per_floor":[75,75,75,75,75,75,75,75,75,75,75,75,75,75,75,75,75,75,75],"card_choices":[{"not_picked":["Consume","Sweeping Beam"],"picked":"Rebound","floor":1.0},{"not_picked":["Beam Cell","Self Repair"],"picked":"Redo","floor":5.0},{"not_picked":["Beam Cell","Stack"],"picked":"Leap","floor":6.0},{"not_picked":["Beam Cell","Lockon"],"picked":"Redo","floor":7.0},{"not_picked":["Hologram","Ball Lightning"],"picked":"Leap","floor":8.0},{"not_picked":["Beam Cell","Hologram"],"picked":"Genetic Algorithm","floor":12.0},{"not_picked":["Coolheaded","Beam Cell"],"picked":"Barrage","floor":14.0},{"not_picked":["Biased Cognition","Electrodynamics"],"picked":"Thunder Strike","floor":16.0},{"not_picked":["Stack","Heatsinks"],"picked":"Static Discharge","floor":18}],"player_experience":450234,"relics_obtained":[{"floor":6.0,"key":"MawBank"},{"floor":9.0,"key":"DataDisk"},{"floor":12.0,"key":"Pen Nib"}],"event_choices":[{"cards_removed":["Defend_B"],"damage_healed":0.0,"max_hp_gain":0.0,"max_hp_loss":0.0,"gold_gain":0.0,"event_name":"The Cleric","player_choice":"Card Removal","floor":3.0,"gold_loss":50.0,"damage_taken":0.0},{"cards_removed":["Strike_B"],"damage_healed":0.0,"max_hp_gain":0.0,"max_hp_loss":0.0,"gold_gain":0.0,"event_name":"Bonfire Elementals","player_choice":"Offered Basic","floor":4.0,"gold_loss":0.0,"damage_taken":0.0},{"damage_healed":0.0,"max_hp_gain":0.0,"max_hp_loss":0.0,"gold_gain":175.0,"event_name":"Liars Game","player_choice":"AGREE","floor":11.0,"gold_loss":0.0,"damage_taken":0.0,"cards_obtained":["Doubt"]},{"damage_healed":0,"gold_gain":0,"player_choice":"Fought Bandits","damage_taken":0,"max_hp_gain":0,"max_hp_loss":0,"event_name":"Masked Bandits","floor":19,"gold_loss":0}],"is_beta":false,"boss_relics":[{"not_picked":["Inserter","Sozu"],"picked":"Nuclear Battery"}],"items_purged_floors":[],"is_endless":false,"potions_floor_spawned":[8,12,16],"killed_by":"Masked Bandits","ascension_level":4}