{"gold_per_floor":[169,169,188,201,201,234,234,249,273,273,284,297,143,170,170,247,247,264,295,74,94,94,94,108,134,160,188,198,229,229,239,239,314,314,328,135,145,159,159,189,189,220,247,275,292,318,318,335,335,335],"floor_reached":51,"playtime":2670,"items_purged":["Pain","Strike_B"],"score":1762,"play_id":"ff8f8b57-3014-4a5e-a0d9-5a5c9c8dbb1e","local_time":"20190619133922","is_ascension_mode":true,"campfire_choices":[{"data":"Defragment","floor":7,"key":"SMITH"},{"floor":10,"key":"REST"},{"data":"Defragment","floor":15,"key":"SMITH"},{"floor":23,"key":"REST"},{"floor":30,"key":"REST"},{"floor":32,"key":"RECALL"},{"floor":41,"key":"REST"},{"floor":47,"key":"REST"},{"floor":49,"key":"REST"}],"neow_cost":"NONE","seed_source_timestamp":50154962073061,"circlet_count":0,"master_deck":["AscendersBane","Strike_B+1","Strike_B","Defend_B+1","Defend_B","Defend_B","Defend_B","Zap","Dualcast","Streamline","Coolheaded","Defragment+1","Rebound","Beam Cell+1","Glacier","Go for the Eyes","Glacier","Defragment+1","Self Repair","Electrodynamics","Capacitor","Ball Lightning+1","Defragment+1","Defragment+1","Ball Lightning+1","Ball Lightning+1","Cold Snap","Turbo","Amplify","Glacier","Coolheaded","Consume+1","Force Field"],"relics":["Tiny House","WarpedTongs","Bag of Marbles","Happy Flower","Pen Nib","Fusion Hammer","Red Mask","DollysMirror","Blood Vial","Bronze Scales","Boot","Ice Cream","Busted Crown","FaceOfCleric","Anchor","Omamori","Whetstone","Oddly Smooth Stone","Gambling Chip"],"potions_floor_usage":[11,14,27,50,50],"damage_taken":[{"damage":1,"enemies":"Cultist","floor":1,"turns":3},{"damage":0,"enemies":"Small Slimes","floor":3,"turns":4},{"damage":8,"enemies":"Jaw Worm","floor":4,"turns":4},{"damage":26,"enemies":"Gremlin Nob","floor":6,"turns":4},{"damage":4,"enemies":"3 Louse","floor":8,"turns":3},{"damage":6,"enemies":"Gremlin Gang","floor":11,"turns":4},{"damage":19,"enemies":"Exordium Wildlife","floor":12,"turns":5},{"damage":2,"enemies":"Lagavulin","floor":14,"turns":7},{"damage":0,"enemies":"Hexaghost","floor":16,"turns":11},{"damage":3,"enemies":"Shell Parasite","floor":18,"turns":6},{"damage":31,"enemies":"Masked Bandits","floor":19,"turns":5},{"damage":0,"enemies":"Spheric Guardian","floor":21,"turns":5},{"damage":0,"enemies":"Chosen and Byrds","floor":24,"turns":4},{"damage":4,"enemies":"Gremlin Leader","floor":25,"turns":6},{"damage":21,"enemies":"Slavers","floor":27,"turns":2},{"damage":18,"enemies":"Snecko","floor":28,"turns":5},{"damage":9,"enemies":"Book of Stabbing","floor":29,"turns":5},{"damage":0,"enemies":"3 Cultists","floor":31,"turns":5},{"damage":5,"enemies":"Champ","floor":33,"turns":11},{"damage":18,"enemies":"Orb Walker","floor":35,"turns":4},{"damage":14,"enemies":"3 Darklings","floor":37,"turns":5},{"damage":3,"enemies":"4 Shapes","floor":38,"turns":5},{"damage":24,"enemies":"Reptomancer","floor":40,"turns":6},{"damage":0,"enemies":"Giant Head","floor":42,"turns":11},{"damage":37,"enemies":"Nemesis","floor":44,"turns":7},{"damage":0,"enemies":"Transient","floor":45,"turns":6},{"damage":7,"enemies":"Giant Head","floor":46,"turns":7},{"damage":0,"enemies":"Maw","floor":48,"turns":7},{"damage":0,"enemies":"Time Eater","floor":50,"turns":16}],"seed_played":"3345518501085922959","potions_obtained":[{"floor":0,"key":"Ancient Potion"},{"floor":3,"key":"Ancient Potion"},{"floor":4,"key":"SkillPotion"},{"floor":11,"key":"Regen Potion"},{"floor":12,"key":"EssenceOfSteel"},{"floor":14,"key":"EssenceOfSteel"},{"floor":27,"key":"Fruit Juice"},{"floor":28,"key":"Explosive Potion"},{"floor":29,"key":"Dexterity Potion"}],"is_trial":false,"path_per_floor":["M","?","M","M","?","E","R","M","T","R","M","M","$","E","R","B",null,"M","?","$","M","?","R","M","E","T","E","M","E","R","M","R","B",null,"M","$","M","M","?","E","R","E","T","E","M","E","R","M","R","B",null],"character_chosen":"DEFECT","items_purchased":["Defragment","DollysMirror","Glacier","Coolheaded"],"campfire_rested":6,"item_purchase_floors":[13,20,36,36],"current_hp_per_floor":[68,68,68,60,60,34,34,30,30,52,46,27,27,25,25,32,65,69,45,45,55,55,76,76,76,76,60,51,51,75,81,81,81,81,63,63,58,57,57,50,74,83,83,54,64,67,86,87,87,88],"gold":335,"neow_bonus":"BOSS_RELIC","is_prod":false,"is_daily":false,"chose_seed":false,"campfire_upgraded":2,"win_rate":0,"timestamp":1560973162,"path_taken":["M","?","?","M","?","E","R","M","T","R","?","M","$","E","R","BOSS","M","?","$","M","?","R","?","E","T","E","M","E","R","M","R","BOSS","M","$","M","M","?","E","R","E","T","E","M","E","R","?","R","BOSS"],"build_version":"2019-01-23","purchased_purges":2,"victory":true,"max_hp_per_floor":[76,76,76,76,76,76,76,76,76,76,76,76,76,76,76,76,76,76,76,76,76,76,76,76,76,76,81,81,81,81,81,81,81,81,81,81,81,81,81,82,82,83,83,84,85,86,86,87,87,88],"card_choices":[{"not_picked":["Conserve Battery","Blizzard"],"picked":"Streamline","floor":0},{"not_picked":["Storm","Hologram"],"picked":"Coolheaded","floor":1},{"not_picked":["Turbo","Darkness"],"picked":"Defragment","floor":3},{"not_picked":["Darkness","FTL"],"picked":"Rebound","floor":4},{"not_picked":["Go for the Eyes","Hologram"],"picked":"Beam Cell","floor":6},{"not_picked":["Storm","Meteor Strike"],"picked":"Glacier","floor":8},{"not_picked":["Gash","Turbo"],"picked":"Go for the Eyes","floor":11},{"not_picked":["Reprogram","Gash"],"picked":"Glacier","floor":12},{"not_picked":["Ball Lightning","Coolheaded"],"picked":"Self Repair","floor":14},{"not_picked":["Fission","Rainbow"],"picked":"Electrodynamics","floor":16},{"not_picked":["Consume","Turbo"],"picked":"Capacitor","floor":18},{"not_picked":["Go for the Eyes","Sweeping Beam"],"picked":"Ball Lightning+1","floor":19},{"not_picked":["Go for the Eyes","Compile Driver","Sweeping Beam"],"picked":"SKIP","floor":21},{"not_picked":["Go for the Eyes","Compile Driver","Sweeping Beam"],"picked":"SKIP","floor":21},{"not_picked":["Sunder","Hello World"],"picked":"Ball Lightning+1","floor":24},{"not_picked":["Chill","Static Discharge+1"],"picked":"Ball Lightning+1","floor":25},{"not_picked":["Beam Cell","Skim","Hello World"],"picked":"SKIP","floor":27},{"not_picked":["Gash","Conserve Battery"],"picked":"Cold Snap","floor":28},{"not_picked":["Hello World","All For One"],"picked":"Turbo","floor":29},{"not_picked":["Steam","Doom and Gloom","Sweeping Beam"],"picked":"SKIP","floor":31},{"not_picked":["Core Surge","Rainbow"],"picked":"Amplify","floor":33},{"not_picked":["Stack"],"picked":"SKIP","floor":35},{"not_picked":[],"picked":"Consume+1","floor":37},{"not_picked":["Redo"],"picked":"SKIP","floor":38},{"not_picked":[],"picked":"Force Field","floor":40},{"not_picked":["Electrodynamics"],"picked":"SKIP","floor":42},{"not_picked":["Buffer"],"picked":"SKIP","floor":44},{"not_picked":["Rip and Tear"],"picked":"SKIP","floor":45},{"not_picked":["Steam Power"],"picked":"SKIP","floor":46},{"not_picked":["Barrage"],"picked":"SKIP","floor":48}],"player_experience":958490,"relics_obtained":[{"floor":6,"key":"Bag of Marbles"},{"floor":9,"key":"Happy Flower"},{"floor":14,"key":"Pen Nib"},{"floor":19,"key":"Red Mask"},{"floor":25,"key":"Blood Vial"},{"floor":26,"key":"Bronze Scales"},{"floor":27,"key":"Boot"},{"floor":29,"key":"Ice Cream"},{"floor":40,"key":"Anchor"},{"floor":42,"key":"Omamori"},{"floor":43,"key":"Whetstone"},{"floor":44,"key":"Oddly Smooth Stone"},{"floor":46,"key":"Gambling Chip"}],"event_choices":[{"cards_removed":["Strike_B"],"damage_healed":0,"gold_gain":0,"player_choice":"Purged","damage_taken":0,"max_hp_gain":0,"max_hp_loss":0,"event_name":"Purifier","floor":2,"gold_loss":0},{"damage_healed":0,"gold_gain":0,"player_choice":"Rummage","damage_taken":0,"relics_obtained":["WarpedTongs"],"max_hp_gain":0,"max_hp_loss":0,"event_name":"Accursed Blacksmith","floor":5,"gold_loss":0,"cards_obtained":["Pain"]},{"damage_healed":0,"gold_gain":0,"player_choice":"Fought Bandits","damage_taken":0,"max_hp_gain":0,"max_hp_loss":0,"event_name":"Masked Bandits","floor":19,"gold_loss":0},{"damage_healed":0,"gold_gain":0,"player_choice":"Copied","damage_taken":0,"max_hp_gain":0,"max_hp_loss":0,"event_name":"Duplicator","floor":22,"gold_loss":0,"cards_obtained":["Defragment"]},{"damage_healed":0,"gold_gain":0,"player_choice":"Trade","damage_taken":0,"relics_obtained":["FaceOfCleric"],"max_hp_gain":0,"max_hp_loss":0,"event_name":"FaceTrader","floor":39,"gold_loss":0}],"is_beta":false,"boss_relics":[{"not_picked":["Snecko Eye","Ectoplasm"],"picked":"Fusion Hammer"},{"not_picked":["Astrolabe","White Beast Statue"],"picked":"Busted Crown"}],"items_purged_floors":[13,36],"is_endless":false,"potions_floor_spawned":[3,4,11,12,14,18,21,27,28,29,35,38,42,45,48],"ascension_level":17}