{"gold_per_floor":[12,12,12,22,34,34,61,73,73,73,73,101,101,101,101,199,199,209,222,4,4,4,35,35,51,51,86,86,100,15,15,15,15],"floor_reached":33,"playtime":22822,"items_purged":[],"score":466,"play_id":"625ee2a2-4a8d-4aa9-b4fd-000db669ff66","local_time":"20190321224540","is_ascension_mode":true,"campfire_choices":[{"data":"Flex","floor":6.0,"key":"SMITH"},{"floor":11.0,"key":"REST"},{"data":"Pummel","floor":13.0,"key":"SMITH"},{"data":"Infernal Blade","floor":15.0,"key":"SMITH"},{"data":"Mind Blast","floor":24.0,"key":"SMITH"},{"floor":28,"key":"REST"},{"floor":32,"key":"REST"}],"neow_cost":"NO_GOLD","seed_source_timestamp":154278005870864,"circlet_count":0,"master_deck":["AscendersBane","Strike_R","Strike_R","Defend_R+1","Defend_R","Defend_R","Bash","Wild Strike","Sword Boomerang","Flex+1","Corruption","Pummel+1","Flex+1","Infernal Blade+1","Reaper","Iron Wave","Pummel","Mind Blast+1","Body Slam","Entrench","Iron Wave","Carnage","Anger","Dual Wield"],"special_seed":0,"relics":["Burning Blood","Orichalcum","Omamori","Sundial","Happy Flower","Cursed Key","Kunai","Bottled Tornado","Ginger","Gremlin Horn"],"potions_floor_usage":[29,33],"damage_taken":[{"damage":1.0,"enemies":"Small Slimes","floor":1.0,"turns":4.0},{"damage":2.0,"enemies":"Jaw Worm","floor":4.0,"turns":3.0},{"damage":6.0,"enemies":"Cultist","floor":5.0,"turns":3.0},{"damage":24.0,"enemies":"Gremlin Nob","floor":7.0,"turns":4.0},{"damage":7.0,"enemies":"Blue Slaver","floor":8.0,"turns":2.0},{"damage":10.0,"enemies":"3 Sentries","floor":12.0,"turns":5.0},{"damage":73.0,"enemies":"Slime Boss","floor":16.0,"turns":13.0},{"damage":6.0,"enemies":"Chosen","floor":18.0,"turns":4.0},{"damage":24.0,"enemies":"Spheric Guardian","floor":19.0,"turns":4.0},{"damage":4.0,"enemies":"Slavers","floor":23.0,"turns":3.0},{"damage":4.0,"enemies":"Centurion and Healer","floor":25.0,"turns":4.0},{"damage":59,"enemies":"Gremlin Leader","floor":27,"turns":9},{"damage":10,"enemies":"3 Cultists","floor":29,"turns":5},{"damage":73,"enemies":"Collector","floor":33,"turns":6}],"seed_played":"7279120218609429377","potions_obtained":[{"floor":5.0,"key":"FairyPotion"},{"floor":8.0,"key":"Strength Potion"},{"floor":12.0,"key":"Dexterity Potion"},{"floor":18.0,"key":"BloodPotion"},{"floor":22.0,"key":"EntropicBrew"},{"floor":23.0,"key":"FearPotion"},{"floor":27,"key":"EssenceOfSteel"},{"floor":29,"key":"Weak Potion"}],"is_trial":false,"path_per_floor":["M","?","?","M","M","R","E","M","T","?","R","E","R","?","R","B",null,"M","M","$","?","?","E","R","M","T","E","R","M","?","$","R","B"],"character_chosen":"IRONCLAD","items_purchased":["Mind Blast","Body Slam","Entrench"],"campfire_rested":3,"item_purchase_floors":[20,20,20],"current_hp_per_floor":[77,70,70,74,74,74,56,55,55,39,63,59,59,59,59,10,63,71,53,53,38,38,48,48,62,62,17,42,46,46,46,71,0],"gold":15,"neow_bonus":"REMOVE_TWO","is_prod":false,"is_daily":false,"chose_seed":false,"campfire_upgraded":4,"win_rate":0,"timestamp":1553168740,"path_taken":["M","?","?","M","M","R","E","?","T","?","R","E","R","?","R","BOSS","M","M","$","?","?","E","R","?","T","E","R","M","?","?","R","BOSS"],"build_version":"2019-01-23","purchased_purges":0,"victory":false,"max_hp_per_floor":[80,80,80,80,80,80,80,80,80,80,80,80,80,80,80,80,80,80,80,80,85,85,85,85,85,85,85,85,85,85,85,85,85],"card_choices":[{"not_picked":["Warcry","Thunderclap"],"picked":"Wild Strike","floor":1.0},{"not_picked":["Anger","Thunderclap"],"picked":"Flex","floor":4.0},{"not_picked":["Dual Wield","Juggernaut"],"picked":"Corruption","floor":5.0},{"not_picked":["Sword Boomerang","Uppercut"],"picked":"Pummel","floor":7.0},{"not_picked":["Clothesline","Anger"],"picked":"Flex","floor":8.0},{"not_picked":["Second Wind","Metallicize"],"picked":"Infernal Blade","floor":12.0},{"not_picked":["Berserk","Bludgeon"],"picked":"Reaper","floor":16.0},{"not_picked":["Havoc","Armaments"],"picked":"Iron Wave","floor":18.0},{"not_picked":["Perfected Strike+1","Feel No Pain"],"picked":"Pummel","floor":19.0},{"not_picked":["Battle Trance","Fire Breathing"],"picked":"Iron Wave","floor":23.0},{"not_picked":["Armaments","Berserk"],"picked":"Carnage","floor":25.0},{"not_picked":["Havoc","Armaments"],"picked":"Anger","floor":27},{"not_picked":["Iron Wave","Sentinel"],"picked":"Dual Wield","floor":29}],"player_experience":1027521,"relics_obtained":[{"floor":7.0,"key":"Orichalcum"},{"floor":9.0,"key":"Omamori"},{"floor":12.0,"key":"Sundial"},{"floor":23.0,"key":"Kunai"},{"floor":26.0,"key":"Bottled Tornado"},{"floor":27,"key":"Ginger"}],"event_choices":[{"cards_removed":["Strike_R"],"damage_healed":0.0,"max_hp_gain":0.0,"max_hp_loss":0.0,"gold_gain":0.0,"event_name":"Golden Wing","player_choice":"Card Removal","floor":2.0,"gold_loss":0.0,"damage_taken":7.0},{"damage_healed":0.0,"max_hp_gain":0.0,"max_hp_loss":0.0,"gold_gain":0.0,"cards_transformed":["Strike_R"],"event_name":"Transmorgrifier","player_choice":"Transformed","floor":3.0,"gold_loss":0.0,"damage_taken":0.0,"cards_obtained":["Sword Boomerang"]},{"damage_healed":0.0,"max_hp_gain":0.0,"max_hp_loss":0.0,"gold_gain":0.0,"event_name":"Shining Light","player_choice":"Entered Light","floor":10.0,"gold_loss":0.0,"damage_taken":16.0,"cards_upgraded":["Flex","Defend_R"]},{"damage_healed":0.0,"max_hp_gain":0.0,"max_hp_loss":0.0,"gold_gain":0.0,"event_name":"Dead Adventurer","player_choice":"Searched \u00272\u0027 times","floor":14.0,"gold_loss":0.0,"damage_taken":0.0,"relics_obtained":["Happy Flower"]},{"damage_healed":0.0,"max_hp_gain":5.0,"max_hp_loss":0.0,"gold_gain":0.0,"event_name":"Forgotten Altar","player_choice":"Shed Blood","floor":21.0,"gold_loss":0.0,"damage_taken":20.0},{"damage_healed":0.0,"max_hp_gain":0.0,"max_hp_loss":0.0,"gold_gain":0.0,"event_name":"Lab","player_choice":"Got Potions","floor":22.0,"gold_loss":0.0,"damage_taken":0.0},{"damage_healed":0,"gold_gain":0,"player_choice":"Obtained Relic","damage_taken":0,"relics_obtained":["Gremlin Horn"],"max_hp_gain":0,"max_hp_loss":0,"event_name":"Addict","floor":30,"gold_loss":85}],"is_beta":false,"boss_relics":[{"not_picked":["Philosopher\u0027s Stone","Runic Cube"],"picked":"Cursed Key"}],"items_purged_floors":[],"is_endless":false,"potions_floor_spawned":[5,8,12,18,23,27,29],"killed_by":"Collector","ascension_level":12}