{"gold_per_floor":[115,132,38,57,57,57,83,83,83,83,83,103,103,120,120,219,219,230,230,230,155,155,155,55,0,0,10,30,30,30,30],"floor_reached":31,"playtime":1814,"items_purged":["Strike_G","Strike_G"],"score":323,"play_id":"166dbe24-0dd3-4e97-baf4-e44fedd8a771","local_time":"20190611224250","is_ascension_mode":true,"campfire_choices":[{"data":"Footwork","floor":6,"key":"SMITH"},{"floor":8,"key":"REST"},{"data":"Heel Hook","floor":13,"key":"SMITH"},{"data":"Crippling Poison","floor":15,"key":"SMITH"},{"data":"Night Terror","floor":23,"key":"SMITH"},{"floor":29,"key":"REST"}],"neow_cost":"NONE","seed_source_timestamp":435368928716319,"circlet_count":0,"master_deck":["Defend_G","Defend_G","Defend_G","Defend_G","Defend_G","Strike_G","Strike_G","Strike_G","Survivor","Neutralize+1","Footwork+1","Heel Hook+1","Flash of Steel","Crippling Poison+1","Night Terror+1","Terror+1","Acrobatics"],"relics":["Ring of the Snake","Question Card","Meat on the Bone","Dodecahedron","Lizard Tail","Dream Catcher","Smiling Mask"],"potions_floor_usage":[16,16,18,28,31],"damage_taken":[{"damage":2,"enemies":"2 Louse","floor":1,"turns":4},{"damage":1,"enemies":"Small Slimes","floor":2,"turns":6},{"damage":0,"enemies":"Jaw Worm","floor":4,"turns":4},{"damage":45,"enemies":"Gremlin Nob","floor":7,"turns":6},{"damage":0,"enemies":"Blue Slaver","floor":12,"turns":6},{"damage":2,"enemies":"Large Slime","floor":14,"turns":7},{"damage":8,"enemies":"The Guardian","floor":16,"turns":15},{"damage":18,"enemies":"Shell Parasite","floor":18,"turns":10},{"damage":12,"enemies":"2 Thieves","floor":25,"turns":5},{"damage":61,"enemies":"3 Cultists","floor":27,"turns":9},{"damage":29,"enemies":"Shelled Parasite and Fungi","floor":28,"turns":6},{"damage":48,"enemies":"Sentry and Sphere","floor":31,"turns":7}],"seed_played":"1506971656752276729","potions_obtained":[{"floor":1,"key":"Dexterity Potion"},{"floor":14,"key":"Strength Potion"},{"floor":16,"key":"AttackPotion"},{"floor":27,"key":"Swift Potion"},{"floor":28,"key":"Weak Potion"}],"is_trial":false,"path_per_floor":["M","M","$","M","$","R","E","R","T","?","?","M","R","M","R","B",null,"M","?","?","$","?","R","$","M","T","M","M","R","$","M"],"character_chosen":"THE_SILENT","items_purchased":["Flash of Steel"],"campfire_rested":2,"item_purchase_floors":[3],"current_hp_per_floor":[61,60,60,60,60,60,15,36,36,11,34,46,46,44,44,36,62,44,44,44,44,44,44,44,44,44,41,24,45,45,0],"gold":30,"neow_bonus":"UPGRADE_CARD","is_prod":false,"is_daily":false,"chose_seed":false,"campfire_upgraded":4,"win_rate":0,"timestamp":1560256970,"path_taken":["M","M","$","M","$","R","E","R","T","?","?","M","R","M","R","BOSS","M","?","?","$","?","R","$","M","T","M","M","R","$","M"],"build_version":"2019-01-23","purchased_purges":2,"victory":false,"max_hp_per_floor":[70,70,70,70,70,70,70,70,70,70,70,70,70,70,70,70,70,70,70,70,70,70,70,70,70,70,70,70,70,70,70],"card_choices":[{"not_picked":["Deadly Poison","Dodge and Roll"],"picked":"Footwork","floor":1},{"not_picked":["Prepared","Eviscerate"],"picked":"Heel Hook","floor":2},{"not_picked":["All Out Attack","Finisher","Tactician"],"picked":"SKIP","floor":4},{"not_picked":["Quick Slash","Deadly Poison","Dagger Throw"],"picked":"SKIP","floor":7},{"not_picked":["Poisoned Stab","Dagger Throw","Bouncing Flask","Dagger Spray"],"picked":"SKIP","floor":12},{"not_picked":["Tools of the Trade","Riddle With Holes","Bane"],"picked":"Crippling Poison","floor":14},{"not_picked":["After Image","Burst","Glass Knife"],"picked":"Night Terror","floor":16},{"not_picked":["PiercingWail","Bouncing Flask","Setup","Dagger Throw"],"picked":"SKIP","floor":18},{"not_picked":["Sucker Punch","Predator","Blade Dance","Bane"],"picked":"SKIP","floor":25},{"not_picked":["Doppelganger","Finisher","PiercingWail"],"picked":"Terror+1","floor":27},{"not_picked":["Bane","Dagger Spray","Deflect"],"picked":"Acrobatics","floor":28}],"player_experience":2020028,"relics_obtained":[{"floor":7,"key":"Question Card"},{"floor":9,"key":"Meat on the Bone"},{"floor":26,"key":"Smiling Mask"}],"event_choices":[{"damage_healed":0,"gold_gain":0,"player_choice":"Success","damage_taken":25,"relics_obtained":["Dodecahedron"],"max_hp_gain":0,"max_hp_loss":0,"event_name":"Scrap Ooze","floor":10,"gold_loss":0},{"damage_healed":23,"gold_gain":0,"player_choice":"Banana","damage_taken":0,"max_hp_gain":0,"max_hp_loss":0,"event_name":"Big Fish","floor":11,"gold_loss":0},{"damage_healed":0,"gold_gain":0,"player_choice":"Opened","damage_taken":0,"relics_obtained":["Dream Catcher"],"max_hp_gain":0,"max_hp_loss":0,"event_name":"The Mausoleum","floor":19,"gold_loss":0},{"damage_healed":0,"gold_gain":0,"player_choice":"Ignored","damage_taken":0,"max_hp_gain":0,"max_hp_loss":0,"event_name":"Ghosts","floor":20,"gold_loss":0},{"damage_healed":0,"gold_gain":0,"player_choice":"Ignored","damage_taken":0,"max_hp_gain":0,"max_hp_loss":0,"event_name":"Vampires","floor":22,"gold_loss":0}],"is_beta":false,"boss_relics":[{"not_picked":["Philosopher\u0027s Stone","Orrery"],"picked":"Lizard Tail"}],"items_purged_floors":[21,24],"is_endless":false,"potions_floor_spawned":[1,14,16,27,28],"killed_by":"Sentry and Sphere","ascension_level":8}