{"gold_per_floor":[109,34,46,60,60,60,60,98,98,60,60,85,85,85,85,215,215,233,233],"floor_reached":19,"playtime":1185,"items_purged":["Strike_B"],"score":231,"play_id":"4d7933c5-7d5a-4994-a36e-da5aef4053fe","local_time":"20190605222731","is_ascension_mode":true,"campfire_choices":[{"data":"Echo Form","floor":6,"key":"SMITH"},{"floor":11,"key":"REST"},{"data":"Zap","floor":13,"key":"SMITH"},{"floor":15,"key":"REST"}],"neow_cost":"TEN_PERCENT_HP_LOSS","seed_source_timestamp":622536453397962,"circlet_count":0,"master_deck":["Strike_B","Strike_B","Strike_B","Defend_B","Defend_B","Defend_B","Zap+1","Dualcast","Sunder+1","Conserve Battery","Echo Form+1","Injury","Capacitor","Capacitor","Electrodynamics","Injury","Normality","Clumsy","Sweeping Beam"],"relics":["Cracked Core","Ice Cream","Golden Idol","Singing Bowl","Ancient Tea Set","Calling Bell","Juzu Bracelet","Gremlin Horn","Girya"],"potions_floor_usage":[8,12,18],"damage_taken":[{"damage":4,"enemies":"Small Slimes","floor":1,"turns":3},{"damage":2,"enemies":"Jaw Worm","floor":3,"turns":3},{"damage":0,"enemies":"2 Louse","floor":4,"turns":1},{"damage":35,"enemies":"Lagavulin","floor":8,"turns":5},{"damage":0,"enemies":"Red Slaver","floor":12,"turns":2},{"damage":20,"enemies":"The Guardian","floor":16,"turns":8},{"damage":49,"enemies":"Spheric Guardian","floor":18,"turns":6},{"damage":24,"enemies":"3 Byrds","floor":19,"turns":3}],"seed_played":"-3999887191635539177","potions_obtained":[{"floor":4,"key":"PowerPotion"},{"floor":8,"key":"SkillPotion"},{"floor":16,"key":"Regen Potion"}],"is_trial":false,"path_per_floor":["M","$","M","M","?","R","?","E","T","?","R","M","R","?","R","B",null,"M","M"],"character_chosen":"DEFECT","items_purchased":[],"campfire_rested":2,"item_purchase_floors":[],"current_hp_per_floor":[64,64,62,62,55,55,55,20,20,20,40,40,40,40,60,40,61,24,0],"gold":233,"neow_bonus":"ONE_RARE_RELIC","is_prod":false,"is_daily":false,"chose_seed":false,"campfire_upgraded":2,"win_rate":0,"timestamp":1559737651,"path_taken":["M","$","M","M","?","R","?","E","T","?","R","?","R","?","R","BOSS","M","M"],"build_version":"2019-01-23","purchased_purges":1,"victory":false,"max_hp_per_floor":[68,68,68,68,68,68,68,68,68,68,68,68,68,68,68,68,68,68,68],"card_choices":[{"not_picked":["Streamline","Rebound"],"picked":"Sunder","floor":1},{"not_picked":["Gash","Sweeping Beam"],"picked":"Conserve Battery","floor":3},{"not_picked":["FTL","Rip and Tear"],"picked":"Echo Form","floor":4},{"not_picked":["Compile Driver","Double Energy"],"picked":"Capacitor","floor":8},{"not_picked":["Leap","Streamline"],"picked":"Capacitor","floor":12},{"not_picked":["Thunder Strike","Creative AI"],"picked":"Electrodynamics","floor":16},{"not_picked":["Gash","Hologram"],"picked":"Sweeping Beam","floor":18}],"player_experience":2099553,"relics_obtained":[{"floor":8,"key":"Singing Bowl"},{"floor":9,"key":"Ancient Tea Set"},{"floor":17,"key":"Juzu Bracelet"},{"floor":17,"key":"Gremlin Horn"},{"floor":17,"key":"Girya"}],"event_choices":[{"cards_removed":["Defend_B"],"damage_healed":0,"gold_gain":0,"player_choice":"Card Removal","damage_taken":7,"max_hp_gain":0,"max_hp_loss":0,"event_name":"Golden Wing","floor":5,"gold_loss":0},{"damage_healed":0,"gold_gain":0,"player_choice":"Take Wound","damage_taken":0,"relics_obtained":["Golden Idol"],"max_hp_gain":0,"max_hp_loss":0,"event_name":"Golden Idol","floor":7,"gold_loss":0,"cards_obtained":["Injury"]},{"damage_healed":0,"gold_gain":0,"player_choice":"Left Gold","damage_taken":0,"max_hp_gain":0,"max_hp_loss":0,"event_name":"World of Goop","floor":10,"gold_loss":38},{"damage_healed":0,"gold_gain":0,"player_choice":"Upgraded","damage_taken":0,"max_hp_gain":0,"max_hp_loss":0,"event_name":"Upgrade Shrine","floor":14,"gold_loss":0,"cards_upgraded":["Sunder"]}],"is_beta":false,"boss_relics":[{"not_picked":["White Beast Statue","Sozu"],"picked":"Calling Bell"}],"items_purged_floors":[2],"is_endless":false,"potions_floor_spawned":[4,8,16],"killed_by":"3 Byrds","ascension_level":8}