{"gold_per_floor":[109,184,202,202,202,235,250,250,319,339,370,370,370,340,340,433,433,456,37,56,75,75,119,119,39,90,123,123,141,159,174,174,174],"floor_reached":33,"playtime":1706,"items_purged":["Strike_B","Strike_B"],"score":571,"play_id":"66724572-a1b8-478b-9014-43196edf8f25","local_time":"20190529153050","is_ascension_mode":true,"campfire_choices":[{"floor":8.0,"key":"REST"},{"floor":12.0,"key":"DIG"},{"floor":15.0,"key":"DIG"},{"floor":24.0,"key":"REST"},{"floor":28.0,"key":"DIG"},{"floor":32.0,"key":"REST"}],"neow_cost":"NONE","seed_source_timestamp":0,"circlet_count":0,"master_deck":["AscendersBane","Strike_B","Strike_B","Defend_B","Defend_B","Defend_B","Defend_B","Zap","Dualcast","Rip and Tear","Beam Cell","Glacier","White Noise","Rebound","Creative AI","Reinforced Body","Mayhem","Sunder","Capacitor","Scrape+1","Turbo"],"special_seed":0,"relics":["Black Star","Golden Idol","Shovel","Bag of Marbles","Gambling Chip","Singing Bowl","Centennial Puzzle","Strawberry","DataDisk","Unceasing Top","Snecko Eye","Omamori","The Courier","Ancient Tea Set","Potion Belt","Mango","Gremlin Horn","Molten Egg 2"],"potions_floor_usage":[33],"damage_taken":[{"damage":14.0,"enemies":"Small Slimes","floor":1.0,"turns":4.0},{"damage":4.0,"enemies":"Jaw Worm","floor":3.0,"turns":4.0},{"damage":26.0,"enemies":"Lagavulin","floor":6.0,"turns":7.0},{"damage":0.0,"enemies":"2 Louse","floor":7.0,"turns":1.0},{"damage":10.0,"enemies":"2 Fungi Beasts","floor":10.0,"turns":3.0},{"damage":16.0,"enemies":"Gremlin Nob","floor":11.0,"turns":5.0},{"damage":10.0,"enemies":"Hexaghost","floor":16.0,"turns":12.0},{"damage":10.0,"enemies":"Shell Parasite","floor":18.0,"turns":11.0},{"damage":5.0,"enemies":"Spheric Guardian","floor":20.0,"turns":4.0},{"damage":13.0,"enemies":"Centurion and Healer","floor":21.0,"turns":8.0},{"damage":9.0,"enemies":"Book of Stabbing","floor":23.0,"turns":6.0},{"damage":15.0,"enemies":"Slavers","floor":27.0,"turns":4.0},{"damage":18.0,"enemies":"Chosen and Byrds","floor":29.0,"turns":5.0},{"damage":7.0,"enemies":"Snecko","floor":30.0,"turns":6.0},{"damage":14.0,"enemies":"Snake Plant","floor":31.0,"turns":7.0},{"damage":34,"enemies":"Automaton","floor":33,"turns":8}],"seed_played":"4802063703593835990","potions_obtained":[{"floor":1.0,"key":"PowerPotion"},{"floor":6.0,"key":"SteroidPotion"},{"floor":7.0,"key":"Energy Potion"},{"floor":14.0,"key":"SpeedPotion"},{"floor":14.0,"key":"FocusPotion"},{"floor":18.0,"key":"Fire Potion"},{"floor":21.0,"key":"Strength Potion"},{"floor":27.0,"key":"Fire Potion"},{"floor":29.0,"key":"SpeedPotion"}],"is_trial":false,"path_per_floor":["M","?","M","?","T","E","M","R","T","M","E","R","?","?","R","B",null,"M","$","M","M","$","E","R","$","T","E","R","M","M","M","R","B"],"character_chosen":"DEFECT","items_purchased":["Mayhem","Omamori"],"campfire_rested":3,"item_purchase_floors":[19,19],"current_hp_per_floor":[50,39,35,35,35,9,9,28,28,20,11,11,11,11,11,1,55,45,45,42,29,29,22,45,45,45,44,44,26,21,7,34,0],"gold":174,"neow_bonus":"BOSS_RELIC","is_prod":false,"is_daily":false,"chose_seed":false,"campfire_upgraded":0,"win_rate":0,"timestamp":1559165450,"path_taken":["M","?","M","?","?","E","M","R","T","M","E","R","?","?","R","BOSS","M","$","M","M","?","E","R","?","T","E","R","?","M","?","R","BOSS"],"build_version":"2019-01-23","purchased_purges":2,"victory":false,"max_hp_per_floor":[71,71,71,64,64,64,64,64,64,66,73,73,73,73,73,73,73,73,73,75,75,75,77,77,77,77,91,91,91,93,93,93,93],"card_choices":[{"not_picked":["Hello World","Stack"],"picked":"Rip and Tear","floor":1.0},{"not_picked":["BootSequence","Cold Snap"],"picked":"Beam Cell","floor":3.0},{"not_picked":["Coolheaded","Blizzard"],"picked":"Glacier","floor":6.0},{"not_picked":["Stack","Leap"],"picked":"White Noise","floor":7.0},{"not_picked":["Redo","Tempest","Gash"],"picked":"Singing Bowl","floor":10.0},{"not_picked":["Recycle","Amplify"],"picked":"Rebound","floor":11.0},{"not_picked":["Machine Learning","Buffer"],"picked":"Creative AI","floor":16.0},{"not_picked":["Compile Driver","Ball Lightning"],"picked":"Reinforced Body","floor":18.0},{"not_picked":["Steam","Genetic Algorithm","Gash"],"picked":"Singing Bowl","floor":20.0},{"not_picked":["Go for the Eyes","Gash"],"picked":"Sunder","floor":21.0},{"not_picked":["Rebound","Static Discharge","Scrape+1"],"picked":"Singing Bowl","floor":23.0},{"not_picked":["Static Discharge","Conserve Battery"],"picked":"Capacitor","floor":27.0},{"not_picked":["Go for the Eyes+1","Skim"],"picked":"Scrape+1","floor":29.0},{"not_picked":["Hologram","Coolheaded","Storm"],"picked":"Singing Bowl","floor":30.0},{"not_picked":["Seek","Capacitor"],"picked":"Turbo","floor":31.0}],"player_experience":927221,"relics_obtained":[{"floor":5.0,"key":"Shovel"},{"floor":6.0,"key":"Bag of Marbles"},{"floor":6.0,"key":"Gambling Chip"},{"floor":9.0,"key":"Singing Bowl"},{"floor":11.0,"key":"Centennial Puzzle"},{"floor":11.0,"key":"Strawberry"},{"floor":12.0,"key":"DataDisk"},{"floor":15.0,"key":"Unceasing Top"},{"floor":23.0,"key":"The Courier"},{"floor":23.0,"key":"Ancient Tea Set"},{"floor":26.0,"key":"Potion Belt"},{"floor":27.0,"key":"Mango"},{"floor":27.0,"key":"Gremlin Horn"},{"floor":28.0,"key":"Molten Egg 2"}],"event_choices":[{"damage_healed":0.0,"max_hp_gain":0.0,"max_hp_loss":0.0,"gold_gain":75.0,"event_name":"World of Goop","player_choice":"Gather Gold","floor":2.0,"gold_loss":0.0,"damage_taken":11.0},{"damage_healed":0.0,"max_hp_gain":0.0,"max_hp_loss":7.0,"gold_gain":0.0,"event_name":"Golden Idol","player_choice":"Lose Max HP","floor":4.0,"gold_loss":0.0,"damage_taken":0.0,"relics_obtained":["Golden Idol"]},{"damage_healed":0.0,"max_hp_gain":0.0,"max_hp_loss":0.0,"gold_gain":0.0,"event_name":"Liars Game","player_choice":"Ignored","floor":13.0,"gold_loss":0.0,"damage_taken":0.0},{"damage_healed":0.0,"max_hp_gain":0.0,"max_hp_loss":0.0,"gold_gain":0.0,"event_name":"The Woman in Blue","player_choice":"Bought 2 Potions","floor":14.0,"gold_loss":0.0,"damage_taken":0.0}],"is_beta":false,"boss_relics":[{"not_picked":["Empty Cage","Ectoplasm"],"picked":"Snecko Eye"}],"items_purged_floors":[19,25],"is_endless":false,"potions_floor_spawned":[1,6,7,18,21,27,29],"killed_by":"Automaton","ascension_level":17}