{"gold_per_floor":[116,130,140,140,140,140,203,203,227,240,311,340,31,31,31,126,126,146,146,146,146,166,194,211,211,211,221,45,79,49,62,62,165,165,185,18,18,18,18,18,43,43,43,43,54,54,73,87,87,87],"floor_reached":50,"playtime":46583,"items_purged":["Clumsy"],"score":780,"play_id":"ec18d15f-bdc4-4eb4-b742-d0ad77d3a0f3","local_time":"20190423223600","is_ascension_mode":true,"campfire_choices":[{"floor":6.0,"key":"REST"},{"floor":8.0,"key":"REST"},{"floor":15.0,"key":"REST"},{"floor":25.0,"key":"REST"},{"floor":32.0,"key":"REST"},{"floor":40.0,"key":"RECALL"},{"floor":44.0,"key":"REST"},{"floor":49.0,"key":"REST"}],"neow_cost":"CURSE","seed_source_timestamp":22873546907807,"circlet_count":0,"master_deck":["Defend_G+1","Defend_G+1","Defend_G+1","Defend_G+1","Defend_G+1","Strike_G+1","Strike_G+1","Strike_G+1","Strike_G+1","Strike_G+1","Survivor+1","Neutralize","Secret Weapon","Enlightenment","Dagger Throw","Choke","Bane","Deadly Poison","Masterful Stab","Bane+1","Die Die Die+1","Flash of Steel+1","Corpse Explosion","Noxious Fumes+1","Quick Slash+1","Blade Dance+1","Blade Dance+1","Crippling Poison+1","Flying Knee+1","Dagger Throw+1","Catalyst","Mind Blast+1","Accuracy","Underhanded Strike+1","Infinite Blades+1","Night Terror","Catalyst+1","Dagger Throw+1","Apotheosis","Malaise","Chrysalis","Deflect+1","Deadly Poison+1","Acrobatics+1","Deadly Poison+1","Underhanded Strike+1","Terror"],"special_seed":0,"relics":["Ring of the Snake","Prayer Wheel","Tiny Chest","Centennial Puzzle","Molten Egg 2","Ancient Tea Set","Fusion Hammer","Snake Skull","Potion Belt","Bag of Marbles","White Beast Statue","Art of War","Boot","Happy Flower"],"potions_floor_usage":[50,50,50],"damage_taken":[{"damage":0.0,"enemies":"Cultist","floor":1.0,"turns":5.0},{"damage":0.0,"enemies":"2 Louse","floor":2.0,"turns":2.0},{"damage":16.0,"enemies":"Jaw Worm","floor":3.0,"turns":7.0},{"damage":35.0,"enemies":"3 Sentries","floor":7.0,"turns":8.0},{"damage":3.0,"enemies":"Blue Slaver","floor":10.0,"turns":3.0},{"damage":0.0,"enemies":"Gremlin Nob","floor":12.0,"turns":2.0},{"damage":7.0,"enemies":"Slime Boss","floor":16.0,"turns":7.0},{"damage":6.0,"enemies":"3 Byrds","floor":18.0,"turns":2.0},{"damage":7.0,"enemies":"Shell Parasite","floor":22.0,"turns":3.0},{"damage":30.0,"enemies":"Gremlin Leader","floor":23.0,"turns":3.0},{"damage":14.0,"enemies":"Centurion and Healer","floor":24.0,"turns":5.0},{"damage":7.0,"enemies":"Snecko","floor":27.0,"turns":3.0},{"damage":8.0,"enemies":"Slavers","floor":29.0,"turns":3.0},{"damage":0.0,"enemies":"Snake Plant","floor":31.0,"turns":1.0},{"damage":56.0,"enemies":"Champ","floor":33.0,"turns":6.0},{"damage":0.0,"enemies":"3 Darklings","floor":35.0,"turns":2.0},{"damage":22.0,"enemies":"Reptomancer","floor":41.0,"turns":4.0},{"damage":8.0,"enemies":"3 Shapes","floor":45.0,"turns":4.0},{"damage":17.0,"enemies":"3 Darklings","floor":47.0,"turns":4.0},{"damage":17.0,"enemies":"Spire Growth","floor":48.0,"turns":3.0},{"damage":80,"enemies":"Time Eater","floor":50,"turns":6}],"seed_played":"-1191671211720640540","potions_obtained":[{"floor":10.0,"key":"SteroidPotion"},{"floor":12.0,"key":"Fire Potion"},{"floor":16.0,"key":"Explosive Potion"},{"floor":21.0,"key":"LiquidBronze"},{"floor":21.0,"key":"Explosive Potion"},{"floor":21.0,"key":"GamblersBrew"},{"floor":27.0,"key":"Block Potion"},{"floor":29.0,"key":"EntropicBrew"},{"floor":30.0,"key":"Fruit Juice"},{"floor":30.0,"key":"AttackPotion"},{"floor":33.0,"key":"Ancient Potion"},{"floor":35.0,"key":"SkillPotion"},{"floor":41.0,"key":"Block Potion"},{"floor":45.0,"key":"Energy Potion"},{"floor":47.0,"key":"Strength Potion"},{"floor":48.0,"key":"Ancient Potion"}],"is_trial":false,"path_per_floor":["M","M","M","?","T","R","E","R","T","M","T","E","$","$","R","B",null,"M","?","?","?","M","E","M","R","T","M","$","E","?","M","R","B",null,"M","$","?","$","?","R","E","?","T","R","M","T","M","M","R","B"],"character_chosen":"THE_SILENT","items_purchased":["Die Die Die+1","Flash of Steel+1","Mind Blast+1","Accuracy","Apotheosis"],"campfire_rested":7,"item_purchase_floors":[13,13,28,28,36],"current_hp_per_floor":[63,63,47,33,33,54,19,40,40,37,37,37,37,37,58,51,65,59,59,59,59,52,22,8,29,29,22,22,14,14,14,35,7,58,58,58,75,75,75,75,53,53,53,75,67,67,50,33,55,0],"gold":87,"neow_bonus":"RANDOM_COLORLESS_2","is_prod":false,"is_daily":false,"chose_seed":false,"campfire_upgraded":0,"win_rate":0,"timestamp":1556022960,"path_taken":["M","M","?","?","?","R","E","R","T","M","?","E","?","$","R","BOSS","M","?","?","?","?","E","M","R","T","M","$","E","?","?","R","BOSS","M","$","?","?","?","R","E","?","T","R","M","?","M","?","R","BOSS"],"build_version":"2019-01-23","purchased_purges":1,"victory":false,"max_hp_per_floor":[70,70,70,70,70,70,70,70,70,70,70,70,70,70,70,70,70,70,70,70,70,70,70,70,70,70,70,70,70,70,70,70,75,75,75,75,75,75,75,75,75,75,75,75,75,75,75,75,75,75],"card_choices":[{"not_picked":["Masterful Stab","Well Laid Plans"],"picked":"Dagger Throw","floor":1.0},{"not_picked":["Deadly Poison","Flechettes"],"picked":"Noxious Fumes","floor":2.0},{"not_picked":["Dagger Spray","Reflex"],"picked":"Choke","floor":3.0},{"not_picked":["Acrobatics","Flechettes"],"picked":"Bane","floor":7.0},{"not_picked":["PiercingWail","Slice"],"picked":"Deadly Poison","floor":10.0},{"not_picked":["Reflex","Endless Agony"],"picked":"Masterful Stab","floor":10.0},{"not_picked":["Deadly Poison","Envenom"],"picked":"Bane+1","floor":12.0},{"not_picked":["Die Die Die+1","Phantasmal Killer"],"picked":"Corpse Explosion","floor":16.0},{"not_picked":["Cloak And Dagger","Poisoned Stab+1"],"picked":"Noxious Fumes+1","floor":18.0},{"not_picked":["Blade Dance","Heel Hook+1"],"picked":"Quick Slash+1","floor":18.0},{"not_picked":["Infinite Blades","Eviscerate+1"],"picked":"Riddle With Holes+1","floor":22.0},{"not_picked":["Slice+1","Dodge and Roll"],"picked":"Blade Dance+1","floor":22.0},{"not_picked":["Sucker Punch+1","Footwork"],"picked":"Blade Dance+1","floor":23.0},{"not_picked":["Flechettes+1","PiercingWail"],"picked":"Crippling Poison+1","floor":24.0},{"not_picked":["Blur","Escape Plan"],"picked":"Flying Knee+1","floor":24.0},{"not_picked":["Acrobatics+1","Flying Knee+1"],"picked":"Dagger Throw+1","floor":27.0},{"not_picked":["Riddle With Holes+1","Heel Hook+1"],"picked":"Catalyst","floor":27.0},{"not_picked":["Choke+1","Dagger Spray+1"],"picked":"Underhanded Strike+1","floor":29.0},{"not_picked":["Riddle With Holes+1","Dagger Throw+1"],"picked":"Infinite Blades+1","floor":31.0},{"not_picked":["Calculated Gamble","Reflex","Flying Knee+1"],"picked":"SKIP","floor":31.0},{"not_picked":["Phantasmal Killer","Unload+1"],"picked":"Night Terror","floor":33.0},{"not_picked":["Outmaneuver+1","Flying Knee+1"],"picked":"Catalyst+1","floor":35.0},{"not_picked":["Dodge and Roll","Expertise"],"picked":"Dagger Throw+1","floor":35.0},{"not_picked":["Concentrate+1","Envenom"],"picked":"Malaise","floor":41.0},{"not_picked":["Enlightenment","Jack Of All Trades"],"picked":"Chrysalis","floor":42.0},{"not_picked":["Dagger Throw+1","Acrobatics"],"picked":"Deflect+1","floor":45.0},{"not_picked":["Poisoned Stab+1","Concentrate+1"],"picked":"Deadly Poison+1","floor":45.0},{"not_picked":["Dodge and Roll+1","Sucker Punch+1"],"picked":"Acrobatics+1","floor":47.0},{"not_picked":["Sucker Punch+1","Dagger Throw+1"],"picked":"Deadly Poison+1","floor":47.0},{"not_picked":["Flechettes+1","Finisher+1"],"picked":"Underhanded Strike+1","floor":48.0},{"not_picked":["Doppelganger","Endless Agony+1"],"picked":"Terror","floor":48.0}],"player_experience":1369589,"relics_obtained":[{"floor":5.0,"key":"Prayer Wheel"},{"floor":7.0,"key":"Tiny Chest"},{"floor":9.0,"key":"Centennial Puzzle"},{"floor":11.0,"key":"Molten Egg 2"},{"floor":12.0,"key":"Ancient Tea Set"},{"floor":23.0,"key":"Snake Skull"},{"floor":26.0,"key":"Potion Belt"},{"floor":29.0,"key":"Bag of Marbles"},{"floor":41.0,"key":"Art of War"},{"floor":43.0,"key":"Boot"},{"floor":46.0,"key":"Happy Flower"}],"event_choices":[{"damage_healed":0.0,"max_hp_gain":0.0,"max_hp_loss":0.0,"gold_gain":0.0,"event_name":"Shining Light","player_choice":"Entered Light","floor":4.0,"gold_loss":0.0,"damage_taken":14.0,"cards_upgraded":["Strike_G","Survivor"]},{"damage_healed":0.0,"max_hp_gain":0.0,"max_hp_loss":0.0,"gold_gain":0.0,"event_name":"Back to Basics","player_choice":"Simplicity","floor":19.0,"gold_loss":0.0,"damage_taken":0.0,"cards_upgraded":["Defend_G","Defend_G","Defend_G","Defend_G","Defend_G","Strike_G","Strike_G","Strike_G","Strike_G"]},{"damage_healed":0.0,"max_hp_gain":0.0,"max_hp_loss":0.0,"gold_gain":0.0,"event_name":"Ghosts","player_choice":"Ignored","floor":20.0,"gold_loss":0.0,"damage_taken":0.0},{"damage_healed":0.0,"max_hp_gain":0.0,"max_hp_loss":0.0,"gold_gain":0.0,"event_name":"Lab","player_choice":"Got Potions","floor":21.0,"gold_loss":0.0,"damage_taken":0.0},{"damage_healed":0.0,"max_hp_gain":0.0,"max_hp_loss":0.0,"gold_gain":0.0,"event_name":"The Woman in Blue","player_choice":"Bought 2 Potions","floor":30.0,"gold_loss":0.0,"damage_taken":0.0},{"cards_removed":["Riddle With Holes"],"damage_healed":17.0,"max_hp_gain":0.0,"max_hp_loss":0.0,"gold_gain":0.0,"event_name":"Bonfire Elementals","player_choice":"Offered Uncommon","floor":37.0,"gold_loss":0.0,"damage_taken":0.0},{"cards_removed":["Noxious Fumes"],"damage_healed":0.0,"max_hp_gain":0.0,"max_hp_loss":0.0,"gold_gain":0.0,"event_name":"Falling","player_choice":"Removed Power","floor":39.0,"gold_loss":0.0,"damage_taken":0.0},{"damage_healed":0.0,"max_hp_gain":0.0,"max_hp_loss":0.0,"gold_gain":0.0,"event_name":"SensoryStone","player_choice":"Memory 1","floor":42.0,"gold_loss":0.0,"damage_taken":0.0}],"is_beta":false,"boss_relics":[{"not_picked":["Coffee Dripper","WristBlade"],"picked":"Fusion Hammer"},{"not_picked":["Astrolabe","Runic Dome"],"picked":"White Beast Statue"}],"items_purged_floors":[13],"is_endless":false,"potions_floor_spawned":[10,12,16,27,29,31,33,35,41,45,47,48],"killed_by":"Time Eater","ascension_level":7}