{"gold_per_floor":[117,130,130,130,142,169,169,185,212,229,229,248,149,149,149,252,252,267,296,296,2,13,13,30,129,155,175,175,194,194,164,164,164],"floor_reached":33,"playtime":3198,"items_purged":[],"score":247,"play_id":"a3858e93-2a96-4205-b3ce-4d432eacf683","local_time":"20190522152823","is_ascension_mode":false,"campfire_choices":[{"floor":7.0,"key":"RECALL"},{"floor":11.0,"key":"REST"},{"data":"Combust","floor":15.0,"key":"SMITH"},{"floor":23.0,"key":"REST"},{"floor":28,"key":"REST"},{"floor":30,"key":"REST"},{"data":"Limit Break","floor":32,"key":"SMITH"}],"neow_cost":"NONE","seed_source_timestamp":393687015716080,"circlet_count":0,"master_deck":["Strike_R","Strike_R","Strike_R","Strike_R","Strike_R","Defend_R","Defend_R+1","Defend_R+1","Bash","Spot Weakness","Metallicize","Cleave","Cleave","Fire Breathing+1","Inflame","Combust+1","Flex","Limit Break+1","Body Slam","Fire Breathing","J.A.X.","Heavy Blade","Anger+1","Heavy Blade","Anger"],"special_seed":0,"relics":["Burning Blood","NeowsBlessing","Lantern","Lizard Tail","Red Mask","Mummified Hand","Bag of Preparation"],"potions_floor_usage":[29,33,33],"damage_taken":[{"damage":0.0,"enemies":"Jaw Worm","floor":1.0,"turns":1.0},{"damage":0.0,"enemies":"2 Louse","floor":2.0,"turns":1.0},{"damage":0.0,"enemies":"Small Slimes","floor":5.0,"turns":1.0},{"damage":29.0,"enemies":"Gremlin Nob","floor":6.0,"turns":4.0},{"damage":7.0,"enemies":"3 Louse","floor":8.0,"turns":2.0},{"damage":10.0,"enemies":"Lots of Slimes","floor":10.0,"turns":2.0},{"damage":3.0,"enemies":"Exordium Wildlife","floor":12.0,"turns":3.0},{"damage":24.0,"enemies":"The Guardian","floor":16.0,"turns":10.0},{"damage":17.0,"enemies":"Chosen","floor":18.0,"turns":4.0},{"damage":40.0,"enemies":"Masked Bandits","floor":19.0,"turns":4.0},{"damage":39.0,"enemies":"3 Byrds","floor":22.0,"turns":4.0},{"damage":47.0,"enemies":"Cultist and Chosen","floor":24.0,"turns":6.0},{"damage":18,"enemies":"Centurion and Healer","floor":27,"turns":4},{"damage":19,"enemies":"3 Cultists","floor":29,"turns":5},{"damage":102,"enemies":"Automaton","floor":33,"turns":6}],"seed_played":"-503372346949244295","potions_obtained":[{"floor":5.0,"key":"Dexterity Potion"},{"floor":6.0,"key":"Dexterity Potion"},{"floor":12.0,"key":"PowerPotion"},{"floor":27,"key":"Regen Potion"},{"floor":29,"key":"Weak Potion"},{"floor":31,"key":"Regen Potion"},{"floor":31,"key":"SmokeBomb"}],"is_trial":false,"path_per_floor":["M","M","?","?","M","E","R","M","T","M","R","M","$","?","R","B",null,"M","?","?","$","M","R","M","?","T","M","R","M","R","?","R","B"],"character_chosen":"IRONCLAD","items_purchased":["Combust","Flex","Mummified Hand","Heavy Blade"],"campfire_rested":4,"item_purchase_floors":[13,13,21,21],"current_hp_per_floor":[80,80,64,57,63,40,40,39,39,35,59,62,62,62,62,44,80,69,35,35,35,42,66,25,25,25,13,37,39,63,63,63,0],"gold":164,"neow_bonus":"THREE_ENEMY_KILL","is_prod":false,"is_daily":false,"chose_seed":false,"campfire_upgraded":2,"win_rate":0,"timestamp":1558502903,"path_taken":["M","M","?","?","M","E","R","M","T","M","R","M","$","?","R","BOSS","M","?","?","?","M","R","M","?","T","M","R","M","R","?","R","BOSS"],"build_version":"2019-01-23","purchased_purges":0,"victory":false,"max_hp_per_floor":[80,80,80,80,80,80,80,80,80,80,80,80,80,80,80,80,80,80,80,80,80,80,80,80,80,80,80,80,80,80,80,80,80],"card_choices":[{"not_picked":["Flex","Burning Pact"],"picked":"Spot Weakness","floor":1.0},{"not_picked":["Clothesline","Sever Soul"],"picked":"Metallicize","floor":2.0},{"not_picked":["Twin Strike","Clash"],"picked":"Cleave","floor":5.0},{"not_picked":["Headbutt","True Grit"],"picked":"Cleave","floor":6.0},{"not_picked":["Disarm","Evolve"],"picked":"Fire Breathing","floor":8.0},{"not_picked":["Clash","Havoc"],"picked":"Inflame","floor":10.0},{"not_picked":["Thunderclap","Fire Breathing","Reckless Charge"],"picked":"SKIP","floor":12.0},{"not_picked":["Dark Embrace","Offering"],"picked":"Limit Break","floor":16.0},{"not_picked":["Clash","Perfected Strike"],"picked":"Body Slam","floor":18.0},{"not_picked":["Intimidate","Infernal Blade"],"picked":"Fire Breathing","floor":19.0},{"not_picked":["Uppercut","True Grit","Whirlwind"],"picked":"SKIP","floor":22.0},{"not_picked":["Intimidate","Sever Soul+1"],"picked":"Anger+1","floor":24.0},{"not_picked":["Demon Form","Dropkick+1"],"picked":"Heavy Blade","floor":27},{"not_picked":["Searing Blow","Thunderclap"],"picked":"Anger","floor":29}],"player_experience":1968587,"relics_obtained":[{"floor":6.0,"key":"Lantern"},{"floor":19.0,"key":"Red Mask"},{"floor":26.0,"key":"Bag of Preparation"}],"event_choices":[{"damage_healed":0.0,"max_hp_gain":0.0,"max_hp_loss":0.0,"gold_gain":0.0,"event_name":"Shining Light","player_choice":"Entered Light","floor":3.0,"gold_loss":0.0,"damage_taken":16.0,"cards_upgraded":["Defend_R","Defend_R"]},{"cards_removed":["Defend_R"],"damage_healed":0.0,"max_hp_gain":0.0,"max_hp_loss":0.0,"gold_gain":0.0,"event_name":"Golden Wing","player_choice":"Card Removal","floor":4.0,"gold_loss":0.0,"damage_taken":7.0},{"damage_healed":0.0,"max_hp_gain":0.0,"max_hp_loss":0.0,"gold_gain":0.0,"event_name":"Living Wall","player_choice":"Grow","floor":14.0,"gold_loss":0.0,"damage_taken":0.0,"cards_upgraded":["Fire Breathing"]},{"damage_healed":0.0,"max_hp_gain":0.0,"max_hp_loss":0.0,"gold_gain":0.0,"event_name":"Masked Bandits","player_choice":"Fought Bandits","floor":19.0,"gold_loss":0.0,"damage_taken":0.0},{"damage_healed":0.0,"max_hp_gain":0.0,"max_hp_loss":0.0,"gold_gain":0.0,"event_name":"Drug Dealer","player_choice":"Obtain J.A.X.","floor":20.0,"gold_loss":0.0,"damage_taken":0.0,"cards_obtained":["J.A.X."]},{"damage_healed":0.0,"max_hp_gain":0.0,"max_hp_loss":0.0,"gold_gain":99.0,"event_name":"Nest","player_choice":"Stole From Cult","floor":25.0,"gold_loss":0.0,"damage_taken":0.0},{"damage_healed":0,"gold_gain":0,"player_choice":"Bought 2 Potions","damage_taken":0,"max_hp_gain":0,"max_hp_loss":0,"event_name":"The Woman in Blue","floor":31,"gold_loss":0}],"is_beta":false,"boss_relics":[{"not_picked":["Runic Cube","Black Star"],"picked":"Lizard Tail"}],"items_purged_floors":[],"is_endless":false,"potions_floor_spawned":[5,6,12,27,29],"killed_by":"Automaton","ascension_level":0}