{"gold_per_floor":[116,132,146,159,2,2,36,36,36,36,52,52,127,140,140,231,231,251,251,7,57,81,81,95,129,129,129,167,6,22,22],"floor_reached":31,"playtime":1121,"items_purged":[],"score":565,"play_id":"e8e968d2-5ac9-468f-b188-01d31a8c9b07","local_time":"20190530160503","is_ascension_mode":true,"campfire_choices":[{"data":"Immolate","floor":6.0,"key":"SMITH"},{"data":"Bash","floor":10.0,"key":"SMITH"},{"data":"Demon Form","floor":12.0,"key":"SMITH"},{"data":"True Grit","floor":15.0,"key":"SMITH"},{"data":"Whirlwind","floor":23.0,"key":"SMITH"},{"floor":27.0,"key":"REST"}],"neow_cost":"NONE","seed_source_timestamp":9119249446205,"circlet_count":0,"master_deck":["AscendersBane","Strike_R+1","Strike_R+1","Strike_R+1","Strike_R+1","Strike_R+1","Defend_R+1","Defend_R+1","Defend_R+1","Defend_R+1","Bash+1","Immolate+1","Inflame","Feed","True Grit+1","Pommel Strike","Demon Form+1","Sword Boomerang","Whirlwind+1","Metallicize","Shrug It Off","Heavy Blade","Impervious"],"special_seed":0,"relics":["Burning Blood","Omamori","Gremlin Horn","Golden Idol","Letter Opener","Cursed Key","Regal Pillow","Dodecahedron","Darkstone Periapt","Blood Vial","Bronze Scales"],"potions_floor_usage":[],"damage_taken":[{"damage":0.0,"enemies":"Cultist","floor":1.0,"turns":2.0},{"damage":8.0,"enemies":"Jaw Worm","floor":2.0,"turns":4.0},{"damage":7.0,"enemies":"Small Slimes","floor":3.0,"turns":3.0},{"damage":15.0,"enemies":"Exordium Wildlife","floor":4.0,"turns":5.0},{"damage":18.0,"enemies":"Gremlin Nob","floor":7.0,"turns":4.0},{"damage":0.0,"enemies":"2 Fungi Beasts","floor":11.0,"turns":1.0},{"damage":7.0,"enemies":"Large Slime","floor":14.0,"turns":6.0},{"damage":35.0,"enemies":"The Guardian","floor":16.0,"turns":11.0},{"damage":28.0,"enemies":"Spheric Guardian","floor":18.0,"turns":4.0},{"damage":3.0,"enemies":"Chosen","floor":22.0,"turns":4.0},{"damage":6.0,"enemies":"Centurion and Healer","floor":24.0,"turns":4.0},{"damage":0.0,"enemies":"Gremlin Leader","floor":25.0,"turns":5.0},{"damage":50.0,"enemies":"Book of Stabbing","floor":28.0,"turns":6.0},{"damage":3.0,"enemies":"Snecko","floor":30.0,"turns":4.0},{"damage":68,"enemies":"Gremlin Leader","floor":31,"turns":4}],"seed_played":"-203654221497000554","potions_obtained":[{"floor":1.0,"key":"SteroidPotion"},{"floor":4.0,"key":"Poison Potion"},{"floor":18.0,"key":"SkillPotion"},{"floor":25.0,"key":"SkillPotion"},{"floor":28.0,"key":"Ancient Potion"}],"is_trial":false,"path_per_floor":["M","M","M","M","$","R","E","?","T","R","M","R","?","M","R","B",null,"M","?","$","?","M","R","M","E","T","R","E","$","M","E"],"character_chosen":"IRONCLAD","items_purchased":["Omamori","Whirlwind","Regal Pillow","Bronze Scales"],"campfire_rested":1,"item_purchase_floors":[5,20,20,29],"current_hp_per_floor":[74,72,71,65,65,65,53,53,53,53,59,59,48,50,50,24,69,50,50,50,50,53,53,56,65,65,93,49,49,57,0],"gold":22,"neow_bonus":"ONE_RANDOM_RARE_CARD","is_prod":false,"is_daily":false,"chose_seed":false,"campfire_upgraded":5,"win_rate":0,"timestamp":1559225103,"path_taken":["M","?","M","M","$","R","E","?","T","R","M","R","?","M","R","BOSS","M","?","$","?","M","R","M","E","T","R","E","$","M","E"],"build_version":"2019-01-23","purchased_purges":0,"victory":false,"max_hp_per_floor":[75,75,75,78,78,78,78,78,78,78,78,78,78,81,81,84,84,87,87,87,87,87,87,90,93,93,93,93,93,96,96],"card_choices":[{"not_picked":["Wild Strike","Anger"],"picked":"Inflame","floor":1.0},{"not_picked":["Carnage","Power Through","Havoc"],"picked":"SKIP","floor":2.0},{"not_picked":["Armaments","Warcry"],"picked":"Feed","floor":3.0},{"not_picked":["Searing Blow","Wild Strike"],"picked":"True Grit","floor":4.0},{"not_picked":["Headbutt","Havoc"],"picked":"Pommel Strike","floor":7.0},{"not_picked":["Cleave","Thunderclap"],"picked":"Demon Form","floor":11.0},{"not_picked":["Uppercut","Combust","Body Slam"],"picked":"SKIP","floor":14.0},{"not_picked":["Perfected Strike","Flex"],"picked":"Sword Boomerang","floor":18.0},{"not_picked":["Burning Pact","Warcry"],"picked":"Metallicize","floor":22.0},{"not_picked":["Cleave","Havoc"],"picked":"Shrug It Off","floor":24.0},{"not_picked":["Cleave","Ghostly Armor"],"picked":"Heavy Blade","floor":25.0},{"not_picked":["Twin Strike","Iron Wave","Heavy Blade"],"picked":"SKIP","floor":28.0},{"not_picked":["Iron Wave","Entrench+1"],"picked":"Impervious","floor":30.0}],"player_experience":717921,"relics_obtained":[{"floor":7.0,"key":"Gremlin Horn"},{"floor":9.0,"key":"Letter Opener"},{"floor":25.0,"key":"Dodecahedron"},{"floor":26.0,"key":"Darkstone Periapt"},{"floor":28.0,"key":"Blood Vial"}],"event_choices":[{"damage_healed":0.0,"max_hp_gain":0.0,"max_hp_loss":0.0,"gold_gain":0.0,"event_name":"Golden Idol","player_choice":"Take Wound","floor":8.0,"gold_loss":0.0,"damage_taken":0.0,"relics_obtained":["Golden Idol"],"cards_obtained":["Injury"]},{"damage_healed":0.0,"max_hp_gain":0.0,"max_hp_loss":0.0,"gold_gain":75.0,"event_name":"World of Goop","player_choice":"Gather Gold","floor":13.0,"gold_loss":0.0,"damage_taken":11.0},{"damage_healed":0.0,"max_hp_gain":0.0,"max_hp_loss":0.0,"gold_gain":0.0,"event_name":"Back to Basics","player_choice":"Simplicity","floor":19.0,"gold_loss":0.0,"damage_taken":0.0,"cards_upgraded":["Strike_R","Strike_R","Strike_R","Strike_R","Strike_R","Defend_R","Defend_R","Defend_R","Defend_R"]},{"damage_healed":0.0,"max_hp_gain":0.0,"max_hp_loss":0.0,"gold_gain":50.0,"event_name":"Nest","player_choice":"Stole From Cult","floor":21.0,"gold_loss":0.0,"damage_taken":0.0}],"is_beta":false,"boss_relics":[{"not_picked":["Lizard Tail","Calling Bell"],"picked":"Cursed Key"}],"items_purged_floors":[],"is_endless":false,"potions_floor_spawned":[1,4,14,18,25,28],"killed_by":"Gremlin Leader","ascension_level":16}