{"gold_per_floor":[115,45,45,60,10,10,39,51,90,34,34,34,54,68,68,164,164,177,177,177,177,191,191],"floor_reached":23,"playtime":1759,"items_purged":[],"score":299,"play_id":"3e0b580e-0bcf-46dc-b21a-5fb8c4b5d7cc","local_time":"20190329010922","is_ascension_mode":true,"campfire_choices":[{"data":"Hemokinesis","floor":6,"key":"SMITH"},{"data":"Body Slam","floor":8,"key":"SMITH"},{"data":"Rupture","floor":11,"key":"SMITH"},{"data":"Flex","floor":15,"key":"SMITH"}],"neow_cost":"NONE","seed_source_timestamp":188743608186957,"circlet_count":0,"master_deck":["AscendersBane","Bash","Double Tap+1","Hemokinesis+1","Pummel","Flex+1","Body Slam+1","Rupture+1","Shrug It Off","Body Slam","Limit Break","Bloodletting","Combust","Searing Blow","Rampage","Sword Boomerang","Battle Trance","Carnage","Whirlwind","Seeing Red"],"relics":["Burning Blood","MawBank","Blood Vial","Pandora\u0027s Box"],"potions_floor_usage":[4,7,16,23],"damage_taken":[{"damage":6,"enemies":"Cultist","floor":1,"turns":4},{"damage":3,"enemies":"2 Louse","floor":4,"turns":2},{"damage":8,"enemies":"Gremlin Nob","floor":7,"turns":3},{"damage":6,"enemies":"Jaw Worm","floor":13,"turns":2},{"damage":14,"enemies":"Looter","floor":14,"turns":3},{"damage":47,"enemies":"The Guardian","floor":16,"turns":11},{"damage":17,"enemies":"Chosen","floor":18,"turns":4},{"damage":48,"enemies":"Colosseum Slavers","floor":19,"turns":4},{"damage":24,"enemies":"3 Byrds","floor":22,"turns":3},{"damage":36,"enemies":"Book of Stabbing","floor":23,"turns":2}],"seed_played":"-4817197468160858826","potions_obtained":[{"floor":1,"key":"Block Potion"},{"floor":4,"key":"SkillPotion"},{"floor":13,"key":"Weak Potion"},{"floor":18,"key":"Ancient Potion"}],"is_trial":false,"path_per_floor":["M","$","?","M","?","R","E","R","T","$","R","?","M","M","R","B",null,"M","?","?","?","M","E"],"character_chosen":"IRONCLAD","items_purchased":["Pummel","Rupture"],"campfire_rested":0,"item_purchase_floors":[2,10],"current_hp_per_floor":[72,72,72,75,75,75,73,73,73,73,73,66,68,62,62,23,66,57,17,43,43,27,0],"gold":191,"neow_bonus":"ONE_RANDOM_RARE_CARD","is_prod":false,"is_daily":false,"chose_seed":false,"campfire_upgraded":4,"win_rate":0,"timestamp":1553782162,"path_taken":["M","$","?","M","?","R","E","R","T","?","R","?","M","?","R","BOSS","M","?","?","?","M","E"],"build_version":"2019-01-23","purchased_purges":0,"victory":false,"max_hp_per_floor":[80,80,80,80,80,80,80,80,80,80,80,80,80,80,80,80,80,80,80,80,80,80,80],"card_choices":[{"not_picked":["Armaments","Dual Wield"],"picked":"Hemokinesis","floor":1},{"not_picked":["Armaments","Second Wind"],"picked":"Flex","floor":4},{"not_picked":["Evolve","Seeing Red"],"picked":"Body Slam","floor":7},{"not_picked":["Dropkick","Anger"],"picked":"Shrug It Off","floor":13},{"not_picked":["Dropkick","Sentinel"],"picked":"Body Slam","floor":14},{"not_picked":["Bludgeon","Feed"],"picked":"Limit Break","floor":16},{"not_picked":["Whirlwind","True Grit+1"],"picked":"Battle Trance","floor":18},{"not_picked":["Perfected Strike","Body Slam"],"picked":"Seeing Red","floor":22}],"player_experience":1106652,"relics_obtained":[{"floor":7,"key":"MawBank"},{"floor":9,"key":"Blood Vial"}],"event_choices":[{"damage_healed":0,"gold_gain":0,"player_choice":"Grow","damage_taken":0,"max_hp_gain":0,"max_hp_loss":0,"event_name":"Living Wall","floor":3,"gold_loss":0,"cards_upgraded":["Double Tap"]},{"cards_removed":["Strike_R"],"damage_healed":0,"gold_gain":0,"player_choice":"Card Removal","damage_taken":0,"max_hp_gain":0,"max_hp_loss":0,"event_name":"The Cleric","floor":5,"gold_loss":50},{"cards_removed":["Strike_R"],"damage_healed":0,"gold_gain":0,"player_choice":"Card Removal","damage_taken":7,"max_hp_gain":0,"max_hp_loss":0,"event_name":"Golden Wing","floor":12,"gold_loss":0},{"damage_healed":0,"gold_gain":0,"player_choice":"Fight","damage_taken":0,"max_hp_gain":0,"max_hp_loss":0,"event_name":"Colosseum","floor":19,"gold_loss":0},{"damage_healed":0,"gold_gain":0,"player_choice":"Fled From Nobs","damage_taken":0,"max_hp_gain":0,"max_hp_loss":0,"event_name":"Colosseum","floor":19,"gold_loss":0},{"damage_healed":26,"gold_gain":0,"player_choice":"Heal","damage_taken":0,"max_hp_gain":0,"max_hp_loss":0,"event_name":"The Library","floor":20,"gold_loss":0},{"damage_healed":0,"gold_gain":0,"cards_transformed":["True Grit","Clothesline"],"player_choice":"Became Test Subject","damage_taken":0,"max_hp_gain":0,"max_hp_loss":0,"event_name":"Drug Dealer","floor":21,"gold_loss":0,"cards_obtained":["Carnage","Whirlwind"]}],"is_beta":false,"boss_relics":[{"not_picked":["Runic Cube","Sozu"],"picked":"Pandora\u0027s Box"}],"items_purged_floors":[],"is_endless":false,"potions_floor_spawned":[1,4,13,18],"killed_by":"Book of Stabbing","ascension_level":12}