{"gold_per_floor":[114,129,140,150,46,46,76,98,136,174,147,147,162,187,187,290,290,308,133,133,133,133,133],"floor_reached":23,"playtime":3469,"items_purged":[],"score":339,"play_id":"0fc2ea91-b36c-4875-81c6-568192d0ade0","local_time":"20190617230129","is_ascension_mode":true,"campfire_choices":[{"data":"Adrenaline","floor":6.0,"key":"SMITH"},{"data":"Footwork","floor":12.0,"key":"SMITH"},{"floor":15.0,"key":"REST"}],"neow_cost":"NONE","seed_source_timestamp":75572043839699,"circlet_count":0,"master_deck":["Survivor","Neutralize","Tools of the Trade","Dash","Flying Knee","Adrenaline+1","Underhanded Strike","Flying Knee","Dash","Finisher","Footwork+1","Quick Slash","Crippling Poison","Footwork","Venomology","Poisoned Stab","Tactician","Glass Knife","Heel Hook","Outmaneuver","Dash","Footwork","Concentrate+1","Underhanded Strike","Wraith Form v2","Heel Hook","Writhe"],"special_seed":0,"relics":["Ring of the Snake","MawBank","Dream Catcher","War Paint","Blood Vial","Pandora\u0027s Box","Bag of Preparation","Strawberry"],"potions_floor_usage":[16,18,23],"damage_taken":[{"damage":0.0,"enemies":"2 Louse","floor":1.0,"turns":5.0},{"damage":0.0,"enemies":"Jaw Worm","floor":2.0,"turns":5.0},{"damage":3.0,"enemies":"Small Slimes","floor":3.0,"turns":4.0},{"damage":0.0,"enemies":"Blue Slaver","floor":4.0,"turns":5.0},{"damage":24.0,"enemies":"Gremlin Nob","floor":7.0,"turns":5.0},{"damage":4.0,"enemies":"2 Fungi Beasts","floor":8.0,"turns":3.0},{"damage":10.0,"enemies":"3 Sentries","floor":10.0,"turns":8.0},{"damage":2.0,"enemies":"Red Slaver","floor":13.0,"turns":4.0},{"damage":0.0,"enemies":"Gremlin Nob","floor":14.0,"turns":3.0},{"damage":20,"enemies":"Hexaghost","floor":16,"turns":12},{"damage":22,"enemies":"3 Byrds","floor":18,"turns":5},{"damage":57,"enemies":"Book of Stabbing","floor":23,"turns":7}],"seed_played":"3188867355535664582","potions_obtained":[{"floor":2.0,"key":"Block Potion"},{"floor":3.0,"key":"Energy Potion"},{"floor":10.0,"key":"Poison Potion"},{"floor":13.0,"key":"Energy Potion"},{"floor":18,"key":"SkillPotion"}],"is_trial":false,"path_per_floor":["M","M","M","M","$","R","E","M","T","E","$","R","M","E","R","B",null,"M","$","?","$","?","E"],"character_chosen":"THE_SILENT","items_purchased":["Fruit Juice","Footwork","Underhanded Strike","Bag of Preparation"],"campfire_rested":1,"item_purchase_floors":[5,11,19,19],"current_hp_per_floor":[63,63,60,60,60,60,41,37,37,27,27,27,25,25,47,29,64,44,44,44,44,51,0],"gold":133,"neow_bonus":"TRANSFORM_CARD","is_prod":false,"is_daily":false,"chose_seed":false,"campfire_upgraded":2,"win_rate":0,"timestamp":1560776489,"path_taken":["M","M","M","M","$","R","E","M","T","E","$","R","M","E","R","BOSS","M","$","?","$","?","E"],"build_version":"2019-01-23","purchased_purges":0,"victory":false,"max_hp_per_floor":[70,70,70,70,70,70,75,75,75,75,75,75,75,75,75,75,75,75,75,75,75,82,82],"card_choices":[{"not_picked":["Sucker Punch","Deflect"],"picked":"Dash","floor":1.0},{"not_picked":["Blade Dance","Quick Slash"],"picked":"Flying Knee","floor":2.0},{"not_picked":["Backflip","Bane"],"picked":"Adrenaline","floor":3.0},{"not_picked":["Tactician","Distraction"],"picked":"Underhanded Strike","floor":4.0},{"not_picked":["Bouncing Flask","Dodge and Roll"],"picked":"Flying Knee","floor":7.0},{"not_picked":["Acrobatics","PiercingWail"],"picked":"Dash","floor":8.0},{"not_picked":["Cloak And Dagger","Endless Agony"],"picked":"Finisher","floor":10.0},{"not_picked":["Dagger Spray","Flying Knee"],"picked":"Quick Slash","floor":13.0},{"not_picked":["Dagger Spray","Sucker Punch"],"picked":"Crippling Poison","floor":14.0},{"not_picked":["Prepared","Outmaneuver"],"picked":"Footwork","floor":15.0},{"not_picked":["Adrenaline","Storm of Steel"],"picked":"Venomology","floor":16},{"not_picked":["Outmaneuver","Calculated Gamble+1"],"picked":"Concentrate+1","floor":18}],"player_experience":2215183,"relics_obtained":[{"floor":7.0,"key":"MawBank"},{"floor":9.0,"key":"Dream Catcher"},{"floor":10.0,"key":"War Paint"},{"floor":14.0,"key":"Blood Vial"}],"event_choices":[{"damage_healed":0,"gold_gain":0,"cards_transformed":["Endless Agony","Endless Agony"],"player_choice":"Became Test Subject","damage_taken":0,"max_hp_gain":0,"max_hp_loss":0,"event_name":"Drug Dealer","floor":20,"gold_loss":0,"cards_obtained":["Wraith Form v2","Heel Hook"]},{"damage_healed":0,"gold_gain":0,"player_choice":"Opened","damage_taken":0,"relics_obtained":["Strawberry"],"max_hp_gain":0,"max_hp_loss":0,"event_name":"The Mausoleum","floor":22,"gold_loss":0,"cards_obtained":["Writhe"]}],"is_beta":false,"boss_relics":[{"not_picked":["WristBlade","Busted Crown"],"picked":"Pandora\u0027s Box"}],"items_purged_floors":[],"is_endless":false,"potions_floor_spawned":[2,3,10,13,18],"killed_by":"Book of Stabbing","ascension_level":9}