{"gold_per_floor":[109,20,30,30,30,56,56,81,81,105,16,48,64,11,11,108,108,125,143,13,13,32,32,32],"floor_reached":24,"playtime":1569,"items_purged":[],"score":300,"play_id":"308d814b-a565-4511-8bfe-bca552cefb02","local_time":"20190607094312","is_ascension_mode":true,"campfire_choices":[{"floor":7.0,"key":"REST"},{"floor":15.0,"key":"REST"},{"floor":23,"key":"REST"}],"neow_cost":"CURSE","seed_source_timestamp":11861035385389,"circlet_count":0,"master_deck":["Strike_B","Strike_B","Strike_B","Strike_B","Defend_B","Defend_B+1","Defend_B","Zap","Dualcast","Injury","All For One","Chill","Gash","Capacitor","Chaos","Biased Cognition","Fusion","Beam Cell","Defragment","Turbo","Beam Cell","Defragment","Go for the Eyes","Gash","Biased Cognition","Gash","Streamline","Self Repair","Steam+1","Shame","Leap"],"special_seed":0,"relics":["Cracked Core","Matryoshka","Ornamental Fan","MawBank","Mercury Hourglass","Art of War","Nuclear Battery","War Paint"],"potions_floor_usage":[19,22,24],"damage_taken":[{"damage":0.0,"enemies":"Small Slimes","floor":1.0,"turns":3.0},{"damage":0.0,"enemies":"Cultist","floor":3.0,"turns":4.0},{"damage":51.0,"enemies":"3 Sentries","floor":6.0,"turns":8.0},{"damage":19.0,"enemies":"Lagavulin","floor":8.0,"turns":7.0},{"damage":7.0,"enemies":"2 Louse","floor":10.0,"turns":3.0},{"damage":10.0,"enemies":"3 Sentries","floor":12.0,"turns":5.0},{"damage":9.0,"enemies":"Blue Slaver","floor":13.0,"turns":3.0},{"damage":25.0,"enemies":"Slime Boss","floor":16.0,"turns":8.0},{"damage":15,"enemies":"3 Byrds","floor":18,"turns":4},{"damage":13,"enemies":"Shell Parasite","floor":19,"turns":4},{"damage":28,"enemies":"Shelled Parasite and Fungi","floor":22,"turns":4},{"damage":37,"enemies":"Book of Stabbing","floor":24,"turns":3}],"seed_played":"4437686260753183492","potions_obtained":[{"floor":3.0,"key":"LiquidBronze"},{"floor":6.0,"key":"Regen Potion"},{"floor":10.0,"key":"Explosive Potion"},{"floor":12.0,"key":"SpeedPotion"},{"floor":16.0,"key":"EssenceOfSteel"},{"floor":18,"key":"GamblersBrew"},{"floor":19,"key":"GamblersBrew"}],"is_trial":false,"path_per_floor":["M","$","M","?","$","E","R","E","T","M","$","E","M","$","R","B",null,"M","M","$","?","M","R","E"],"character_chosen":"DEFECT","items_purchased":["Gash","Capacitor","Turbo","Beam Cell","Gash","Self Repair","Steam"],"campfire_rested":3,"item_purchase_floors":[2,2,11,11,14,20,20],"current_hp_per_floor":[68,68,68,68,68,17,39,35,35,28,28,18,9,9,31,6,58,43,30,30,30,9,31,0],"gold":32,"neow_bonus":"THREE_RARE_CARDS","is_prod":false,"is_daily":false,"chose_seed":false,"campfire_upgraded":0,"win_rate":0,"timestamp":1559864592,"path_taken":["M","$","M","?","$","E","R","E","T","?","?","E","M","$","R","BOSS","M","M","$","?","M","R","E"],"build_version":"2019-01-23","purchased_purges":0,"victory":false,"max_hp_per_floor":[75,75,75,75,75,75,75,75,75,75,75,75,75,75,75,75,75,75,75,75,75,75,75,75],"card_choices":[{"not_picked":["Fission","Electrodynamics"],"picked":"All For One","floor":0.0},{"not_picked":["Beam Cell","Compile Driver"],"picked":"Chill","floor":1.0},{"not_picked":["Skim","Storm"],"picked":"Chaos","floor":3.0},{"not_picked":["Skim","Sweeping Beam"],"picked":"Fusion","floor":6.0},{"not_picked":["Go for the Eyes","Rainbow"],"picked":"Beam Cell","floor":8.0},{"not_picked":["Stack","Leap"],"picked":"Defragment","floor":10.0},{"not_picked":["Stack","Core Surge"],"picked":"Defragment","floor":12.0},{"not_picked":["Barrage","Coolheaded"],"picked":"Go for the Eyes","floor":13.0},{"not_picked":["Fission","Thunder Strike"],"picked":"Biased Cognition","floor":16.0},{"not_picked":["Steam","Hologram"],"picked":"Gash","floor":18},{"not_picked":["Sweeping Beam","Ball Lightning"],"picked":"Streamline","floor":19},{"not_picked":["Melter","Turbo+1"],"picked":"Leap","floor":22}],"player_experience":2104687,"relics_obtained":[{"floor":6.0,"key":"Matryoshka"},{"floor":8.0,"key":"Ornamental Fan"},{"floor":9.0,"key":"MawBank"},{"floor":9.0,"key":"Mercury Hourglass"},{"floor":12.0,"key":"Art of War"}],"event_choices":[{"damage_healed":0.0,"max_hp_gain":0.0,"max_hp_loss":0.0,"gold_gain":0.0,"cards_transformed":["Defend_B"],"event_name":"Transmorgrifier","player_choice":"Transformed","floor":4.0,"gold_loss":0.0,"damage_taken":0.0,"cards_obtained":["Biased Cognition"]},{"damage_healed":0,"gold_gain":0,"player_choice":"Stole Relic","damage_taken":0,"relics_obtained":["War Paint"],"max_hp_gain":0,"max_hp_loss":0,"event_name":"Addict","floor":21,"gold_loss":0,"cards_obtained":["Shame"]}],"is_beta":false,"boss_relics":[{"not_picked":["Orrery","Ectoplasm"],"picked":"Nuclear Battery"}],"items_purged_floors":[],"is_endless":false,"potions_floor_spawned":[3,6,10,12,16,18,19],"killed_by":"Book of Stabbing","ascension_level":8}