{"gold_per_floor":[118,118,118,88,107,107,126,152,152,13,43,43,74,74,74,169,169,179,190,216,106,106,137,137,137,208,208,208,238,238,28,28,125,125,139,139,139,158,85,85,113,113,113,127,29,46,46,46,46,46],"floor_reached":51,"playtime":12745,"items_purged":["Strike_R"],"score":1057,"play_id":"aca4d2d5-b217-43f5-a73c-6c5d0e362cba","local_time":"20190314000253","is_ascension_mode":true,"campfire_choices":[{"data":"Power Through","floor":6.0,"key":"SMITH"},{"data":"Reckless Charge","floor":12.0,"key":"SMITH"},{"data":"Flex","floor":15.0,"key":"SMITH"},{"data":"Immolate","floor":24.0,"key":"SMITH"},{"floor":27.0,"key":"REST"},{"floor":30.0,"key":"REST"},{"data":"Heavy Blade","floor":32.0,"key":"SMITH"},{"data":"Inflame","floor":40.0,"key":"SMITH"},{"data":"Pummel","floor":42.0,"key":"SMITH"},{"floor":49.0,"key":"REST"}],"neow_cost":"NONE","seed_source_timestamp":0,"circlet_count":0,"master_deck":["AscendersBane","Strike_R+1","Strike_R+1","Strike_R+1","Defend_R+1","Defend_R+1","Defend_R+1","Bash","Power Through+1","Reckless Charge+1","Shrug It Off","Bandage Up","Flex+1","Anger","Impervious","Reaper","Hemokinesis","Pummel+1","Immolate+1","Whirlwind","Doubt","Entrench+1","Inflame+1","Battle Trance","Heavy Blade+1","Barricade+1","Armaments+1","Spot Weakness+1","Power Through+1","Writhe","Cleave+1","Anger"],"special_seed":0,"relics":["Black Blood","NeowsBlessing","Juzu Bracelet","Bottled Flame","Centennial Puzzle","Self Forming Clay","Cursed Key","Red Mask","Meat on the Bone","MutagenicStrength","Letter Opener","Dodecahedron","Vajra","Orichalcum","Kunai"],"potions_floor_usage":[50,50],"damage_taken":[{"damage":0.0,"enemies":"Small Slimes","floor":1.0,"turns":1.0},{"damage":0.0,"enemies":"2 Louse","floor":5.0,"turns":1.0},{"damage":0.0,"enemies":"Cultist","floor":7.0,"turns":1.0},{"damage":7.0,"enemies":"Gremlin Nob","floor":11.0,"turns":4.0},{"damage":35.0,"enemies":"Lagavulin","floor":13.0,"turns":5.0},{"damage":75.0,"enemies":"Hexaghost","floor":16.0,"turns":13.0},{"damage":12.0,"enemies":"3 Byrds","floor":18.0,"turns":6.0},{"damage":6.0,"enemies":"Spheric Guardian","floor":19.0,"turns":4.0},{"damage":20.0,"enemies":"Masked Bandits","floor":20.0,"turns":5.0},{"damage":33.0,"enemies":"Gremlin Leader","floor":23.0,"turns":4.0},{"damage":43.0,"enemies":"Book of Stabbing","floor":29.0,"turns":6.0},{"damage":83.0,"enemies":"Collector","floor":33.0,"turns":10.0},{"damage":15.0,"enemies":"3 Shapes","floor":35.0,"turns":6.0},{"damage":30.0,"enemies":"3 Darklings","floor":38.0,"turns":4.0},{"damage":39.0,"enemies":"Reptomancer","floor":41.0,"turns":8.0},{"damage":48.0,"enemies":"Maw","floor":44.0,"turns":14.0},{"damage":3.0,"enemies":"Transient","floor":46.0,"turns":5.0},{"damage":77,"enemies":"Awakened One","floor":50,"turns":14}],"seed_played":"-84665459083238141","potions_obtained":[{"floor":1.0,"key":"SteroidPotion"},{"floor":4.0,"key":"Energy Potion"},{"floor":4.0,"key":"Weak Potion"},{"floor":13.0,"key":"Explosive Potion"},{"floor":16.0,"key":"Regen Potion"},{"floor":18.0,"key":"FearPotion"},{"floor":19.0,"key":"Strength Potion"},{"floor":29.0,"key":"Explosive Potion"},{"floor":33.0,"key":"Dexterity Potion"},{"floor":38.0,"key":"Poison Potion"},{"floor":41.0,"key":"BloodPotion"},{"floor":47.0,"key":"SpeedPotion"},{"floor":47.0,"key":"GamblersBrew"}],"is_trial":false,"path_per_floor":["M","?","?","?","M","R","M","T","T","$","E","R","E","?","R","B",null,"M","M","?","$","?","E","R","?","T","R","?","E","R","$","R","B",null,"M","?","?","M","?","R","E","R","T","M","$","M","?","?","R","B",null],"character_chosen":"IRONCLAD","items_purchased":["Bandage Up","Flex","Whirlwind","Inflame","Battle Trance","Heavy Blade","SteroidPotion","Block Potion","AttackPotion"],"campfire_rested":3,"item_purchase_floors":[10,10,21,31,31,31,31,45,45],"current_hp_per_floor":[78,71,71,71,77,77,80,80,80,80,79,79,54,80,80,15,64,77,80,66,66,66,43,43,43,43,67,67,54,78,78,78,38,70,80,80,80,64,64,64,57,57,57,49,49,60,60,60,80,45],"gold":46,"neow_bonus":"THREE_ENEMY_KILL","is_prod":false,"is_daily":false,"chose_seed":false,"campfire_upgraded":7,"win_rate":0,"timestamp":1552482173,"path_taken":["M","?","?","?","M","R","?","?","T","$","E","R","E","?","R","BOSS","M","M","?","$","?","E","R","?","T","R","?","E","R","$","R","BOSS","M","?","?","M","?","R","E","R","T","M","?","M","?","?","R","BOSS"],"build_version":"2019-01-23","purchased_purges":1,"victory":true,"max_hp_per_floor":[80,80,80,80,80,80,80,80,80,80,80,80,80,80,80,80,80,80,80,80,80,80,80,80,80,80,80,80,80,80,80,80,80,80,80,80,80,80,80,80,80,80,80,80,80,80,80,80,80,80],"card_choices":[{"not_picked":["Entrench","Blood for Blood"],"picked":"Power Through","floor":1.0},{"not_picked":["Pommel Strike","Havoc"],"picked":"Reckless Charge","floor":5.0},{"not_picked":["Rage","Intimidate"],"picked":"Shrug It Off","floor":7.0},{"not_picked":["True Grit","Searing Blow"],"picked":"Anger","floor":11.0},{"not_picked":["Searing Blow","Demon Form"],"picked":"Impervious","floor":13.0},{"not_picked":["Brutality","Impervious"],"picked":"Reaper","floor":16.0},{"not_picked":["Clash","Fire Breathing"],"picked":"Hemokinesis","floor":18.0},{"not_picked":["Iron Wave+1","Thunderclap+1"],"picked":"Pummel","floor":19.0},{"not_picked":["Cleave","Iron Wave"],"picked":"Immolate","floor":20.0},{"not_picked":["Perfected Strike","Dark Embrace","Fire Breathing+1"],"picked":"SKIP","floor":23.0},{"not_picked":["Battle Trance","Perfected Strike"],"picked":"Entrench+1","floor":29.0},{"not_picked":["Reaper","Juggernaut"],"picked":"Barricade","floor":33.0},{"not_picked":["Cleave","Clothesline+1"],"picked":"Armaments+1","floor":35.0},{"not_picked":["Clothesline","Iron Wave+1"],"picked":"Spot Weakness+1","floor":38.0},{"not_picked":["Warcry+1","Evolve+1"],"picked":"Power Through+1","floor":41.0},{"not_picked":["Flame Barrier","Thunderclap+1"],"picked":"Cleave+1","floor":44.0},{"not_picked":["Perfected Strike+1","Pommel Strike"],"picked":"Anger","floor":46.0}],"player_experience":912168,"relics_obtained":[{"floor":8.0,"key":"Juzu Bracelet"},{"floor":9.0,"key":"Bottled Flame"},{"floor":11.0,"key":"Centennial Puzzle"},{"floor":13.0,"key":"Self Forming Clay"},{"floor":20.0,"key":"Red Mask"},{"floor":23.0,"key":"Meat on the Bone"},{"floor":26.0,"key":"Letter Opener"},{"floor":29.0,"key":"Dodecahedron"},{"floor":41.0,"key":"Orichalcum"},{"floor":43.0,"key":"Kunai"}],"event_choices":[{"cards_removed":["Defend_R"],"damage_healed":0.0,"max_hp_gain":0.0,"max_hp_loss":0.0,"gold_gain":0.0,"event_name":"Golden Wing","player_choice":"Card Removal","floor":2.0,"gold_loss":0.0,"damage_taken":7.0},{"damage_healed":0.0,"max_hp_gain":0.0,"max_hp_loss":0.0,"gold_gain":0.0,"event_name":"Shining Light","player_choice":"Ignored","floor":3.0,"gold_loss":0.0,"damage_taken":0.0},{"damage_healed":0.0,"max_hp_gain":0.0,"max_hp_loss":0.0,"gold_gain":0.0,"event_name":"The Woman in Blue","player_choice":"Bought 2 Potions","floor":4.0,"gold_loss":0.0,"damage_taken":0.0},{"damage_healed":26.0,"max_hp_gain":0.0,"max_hp_loss":0.0,"gold_gain":0.0,"event_name":"Big Fish","player_choice":"Banana","floor":14.0,"gold_loss":0.0,"damage_taken":0.0},{"damage_healed":0.0,"max_hp_gain":0.0,"max_hp_loss":0.0,"gold_gain":0.0,"event_name":"Masked Bandits","player_choice":"Fought Bandits","floor":20.0,"gold_loss":0.0,"damage_taken":0.0},{"cards_removed":["Strike_R"],"damage_healed":0.0,"max_hp_gain":0.0,"max_hp_loss":0.0,"gold_gain":0.0,"event_name":"Bonfire Elementals","player_choice":"Offered Basic","floor":22.0,"gold_loss":0.0,"damage_taken":0.0},{"damage_healed":0.0,"max_hp_gain":0.0,"max_hp_loss":0.0,"gold_gain":0.0,"event_name":"Drug Dealer","player_choice":"Inject Mutagens","floor":25.0,"gold_loss":0.0,"damage_taken":0.0,"relics_obtained":["MutagenicStrength"]},{"damage_healed":0.0,"max_hp_gain":0.0,"max_hp_loss":0.0,"gold_gain":0.0,"event_name":"Back to Basics","player_choice":"Simplicity","floor":28.0,"gold_loss":0.0,"damage_taken":0.0,"cards_upgraded":["Strike_R","Strike_R","Strike_R","Defend_R","Defend_R","Defend_R"]},{"damage_healed":0.0,"max_hp_gain":0.0,"max_hp_loss":0.0,"gold_gain":0.0,"event_name":"Tomb of Lord Red Mask","player_choice":"Ignored","floor":36.0,"gold_loss":0.0,"damage_taken":0.0},{"damage_healed":0.0,"max_hp_gain":0.0,"max_hp_loss":0.0,"gold_gain":0.0,"event_name":"Upgrade Shrine","player_choice":"Upgraded","floor":37.0,"gold_loss":0.0,"damage_taken":0.0,"cards_upgraded":["Barricade"]},{"damage_healed":0.0,"max_hp_gain":0.0,"max_hp_loss":0.0,"gold_gain":0.0,"event_name":"WeMeetAgain","player_choice":"Paid Gold","floor":39.0,"gold_loss":73.0,"damage_taken":0.0,"relics_obtained":["Vajra"]},{"damage_healed":0.0,"max_hp_gain":0.0,"max_hp_loss":0.0,"gold_gain":0.0,"event_name":"Lab","player_choice":"Got Potions","floor":47.0,"gold_loss":0.0,"damage_taken":0.0},{"damage_healed":0.0,"max_hp_gain":0.0,"max_hp_loss":0.0,"gold_gain":0.0,"event_name":"Mysterious Sphere","player_choice":"Ignored","floor":48.0,"gold_loss":0.0,"damage_taken":0.0}],"is_beta":false,"boss_relics":[{"not_picked":["Runic Pyramid","Sozu"],"picked":"Cursed Key"},{"not_picked":["Runic Cube","Tiny House"],"picked":"Black Blood"}],"items_purged_floors":[21],"is_endless":false,"potions_floor_spawned":[1,5,13,16,18,19,29,33,38,41],"ascension_level":10}