{"gold_per_floor":[118,134,134,146,166,166,195,207,275,33,33],"floor_reached":11,"playtime":1209,"items_purged":[],"score":113,"play_id":"8c10cf7f-40df-4346-b39c-b227a2172fb0","local_time":"20190307225510","is_ascension_mode":true,"campfire_choices":[{"data":"True Grit","floor":6,"key":"SMITH"}],"neow_cost":"NONE","seed_source_timestamp":269135530491033,"circlet_count":0,"master_deck":["AscendersBane","Strike_R","Strike_R","Strike_R","Strike_R","Defend_R","Defend_R","Defend_R","Defend_R","Bash","Heavy Blade+1","Power Through","True Grit+1","Sword Boomerang","Entrench","Battle Trance"],"relics":["Burning Blood","Singing Bowl","Bottled Flame","Toxic Egg 2"],"potions_floor_usage":[11,11],"damage_taken":[{"damage":1,"enemies":"Small Slimes","floor":1,"turns":4},{"damage":1,"enemies":"Cultist","floor":2,"turns":3},{"damage":3,"enemies":"Jaw Worm","floor":4,"turns":6},{"damage":3,"enemies":"Exordium Wildlife","floor":5,"turns":4},{"damage":32,"enemies":"Gremlin Nob","floor":7,"turns":5},{"damage":17,"enemies":"Lots of Slimes","floor":8,"turns":8},{"damage":46,"enemies":"Lagavulin","floor":11,"turns":11}],"seed_played":"3483809563758342902","potions_obtained":[{"floor":2,"key":"SkillPotion"},{"floor":8,"key":"Block Potion"}],"is_trial":false,"path_per_floor":["M","M","?","M","M","R","E","M","T","$","E"],"character_chosen":"IRONCLAD","items_purchased":["Toxic Egg 2"],"campfire_rested":0,"item_purchase_floors":[10],"current_hp_per_floor":[77,80,80,80,80,80,54,43,43,43,0],"gold":33,"neow_bonus":"REMOVE_CARD","is_prod":false,"is_daily":false,"chose_seed":false,"campfire_upgraded":1,"win_rate":0,"timestamp":1551959710,"path_taken":["M","M","?","M","M","R","E","?","T","?","E"],"build_version":"2019-01-23","purchased_purges":0,"victory":false,"max_hp_per_floor":[80,80,80,80,80,80,80,80,80,80,80],"card_choices":[{"not_picked":["Iron Wave","Battle Trance"],"picked":"Heavy Blade","floor":1},{"not_picked":["Uppercut","Armaments"],"picked":"Power Through","floor":2},{"not_picked":["Clash","Thunderclap"],"picked":"True Grit","floor":4},{"not_picked":["True Grit","Clash"],"picked":"Sword Boomerang","floor":5},{"not_picked":["Sentinel","Twin Strike"],"picked":"Entrench","floor":7},{"not_picked":["Thunderclap","Wild Strike"],"picked":"Battle Trance","floor":8}],"player_experience":845578,"relics_obtained":[{"floor":7,"key":"Singing Bowl"},{"floor":9,"key":"Bottled Flame"}],"event_choices":[{"damage_healed":0,"gold_gain":0,"player_choice":"Upgraded","damage_taken":0,"max_hp_gain":0,"max_hp_loss":0,"event_name":"Upgrade Shrine","floor":3,"gold_loss":0,"cards_upgraded":["Heavy Blade"]}],"is_beta":false,"boss_relics":[],"items_purged_floors":[],"is_endless":false,"potions_floor_spawned":[2,8],"killed_by":"Lagavulin","ascension_level":10}