{"gold_per_floor":[114,127,127,138,158,183,183,37,61,81,96,108,108,283,283,387,387,403,414,414,432,179,179,209,8,8,0,0,0,0,11,11,11],"floor_reached":33,"playtime":3562,"items_purged":["Shame","Doubt","Strike_B"],"score":292,"play_id":"f0169c46-b3fa-451d-89c1-6fce4ec0ca85","local_time":"20190115002039","is_ascension_mode":false,"campfire_choices":[{"floor":7.0,"key":"REST"},{"floor":13.0,"key":"REST"},{"data":"White Noise","floor":15.0,"key":"SMITH"},{"floor":23,"key":"REST"},{"floor":32,"key":"REST"}],"neow_cost":"CURSE","seed_source_timestamp":0,"circlet_count":0,"master_deck":["Defend_B","Defend_B","Defend_B","Defend_B","Zap","Dualcast","Static Discharge","Ball Lightning","White Noise+1","Streamline","Redo","Lockon","Hello World","Chill","Conserve Battery","All For One","Streamline+1","Turbo+1","Rip and Tear","Capacitor","Steam+1","Darkness","Bite","Bite","Bite","Bite","Bite","Barrage+1"],"special_seed":0,"relics":["FrozenCore","Incense Burner","Bag of Marbles","Bag of Preparation","Happy Flower","Ancient Tea Set","Gambling Chip"],"potions_floor_usage":[21,24,31,33],"damage_taken":[{"damage":6.0,"enemies":"Jaw Worm","floor":1.0,"turns":4.0},{"damage":4.0,"enemies":"2 Louse","floor":2.0,"turns":4.0},{"damage":6.0,"enemies":"Small Slimes","floor":4.0,"turns":3.0},{"damage":8.0,"enemies":"3 Louse","floor":5.0,"turns":4.0},{"damage":13.0,"enemies":"Gremlin Nob","floor":6.0,"turns":3.0},{"damage":11.0,"enemies":"Red Slaver","floor":10.0,"turns":3.0},{"damage":9.0,"enemies":"Gremlin Gang","floor":11.0,"turns":5.0},{"damage":1.0,"enemies":"2 Fungi Beasts","floor":12.0,"turns":3.0},{"damage":18.0,"enemies":"Hexaghost","floor":16.0,"turns":7.0},{"damage":26,"enemies":"3 Byrds","floor":18,"turns":8},{"damage":17,"enemies":"Shell Parasite","floor":19,"turns":6},{"damage":10,"enemies":"Cultist and Chosen","floor":21,"turns":6},{"damage":30,"enemies":"Book of Stabbing","floor":24,"turns":6},{"damage":12,"enemies":"Snecko","floor":31,"turns":4},{"damage":70,"enemies":"Champ","floor":33,"turns":9}],"seed_played":"-8166700005926099648","potions_obtained":[{"floor":1.0,"key":"FearPotion"},{"floor":2.0,"key":"FocusPotion"},{"floor":10.0,"key":"Fire Potion"},{"floor":16.0,"key":"SkillPotion"},{"floor":31,"key":"Strength Potion"}],"is_trial":false,"path_per_floor":["M","M","?","M","M","E","R","$","T","M","M","M","R","?","R","B",null,"M","M","?","M","$","R","E","$","T","?","$","$","?","M","R","B"],"character_chosen":"DEFECT","items_purchased":["Lockon","Capacitor","Regen Potion","Darkness"],"campfire_rested":4,"item_purchase_floors":[8,22,22,25],"current_hp_per_floor":[69,65,58,52,44,31,53,53,53,42,33,32,54,54,54,36,75,49,32,32,22,22,44,14,14,14,14,14,14,14,19,34,0],"gold":11,"neow_bonus":"ONE_RARE_RELIC","is_prod":false,"is_daily":false,"chose_seed":false,"campfire_upgraded":1,"win_rate":0.0,"timestamp":1547472039,"path_taken":["M","M","?","M","M","E","R","?","T","M","M","M","R","?","R","BOSS","M","M","?","M","$","R","E","$","T","?","?","$","?","M","R","BOSS"],"build_version":"2019-01-10","purchased_purges":3,"victory":false,"max_hp_per_floor":[75,75,75,75,75,75,75,75,75,75,75,75,75,75,75,75,75,75,75,75,75,75,75,75,75,75,75,75,75,52,52,52,52],"card_choices":[{"not_picked":["Defragment","Redo"],"picked":"Static Discharge","floor":1.0},{"not_picked":["Sweeping Beam","Rebound"],"picked":"Ball Lightning","floor":2.0},{"not_picked":["Barrage","Compile Driver"],"picked":"White Noise","floor":4.0},{"not_picked":["Leap","Hologram"],"picked":"Streamline","floor":5.0},{"not_picked":["Rebound","Sweeping Beam"],"picked":"Redo","floor":6.0},{"not_picked":["Auto Shields","Steam"],"picked":"Hello World","floor":10.0},{"not_picked":["Steam","Compile Driver"],"picked":"Chill","floor":11.0},{"not_picked":["Steam","Seek"],"picked":"Conserve Battery","floor":12.0},{"not_picked":["Multi-Cast","Thunder Strike"],"picked":"All For One","floor":16.0},{"not_picked":["Beam Cell","Rebound+1"],"picked":"Streamline+1","floor":18},{"not_picked":["Coolheaded","Leap"],"picked":"Turbo+1","floor":19},{"not_picked":["Barrage","Lockon"],"picked":"Rip and Tear","floor":21},{"not_picked":["Compile Driver","Hologram"],"picked":"Steam+1","floor":24},{"not_picked":["Capacitor","Gash"],"picked":"Barrage+1","floor":31}],"player_experience":122763,"relics_obtained":[{"floor":6.0,"key":"Bag of Marbles"},{"floor":9.0,"key":"Bag of Preparation"},{"floor":24,"key":"Ancient Tea Set"},{"floor":26,"key":"Gambling Chip"}],"event_choices":[{"cards_removed":["Strike_B"],"damage_healed":0.0,"max_hp_gain":0.0,"max_hp_loss":0.0,"gold_gain":0.0,"event_name":"Golden Wing","player_choice":"Card Removal","floor":3.0,"gold_loss":0.0,"damage_taken":7.0},{"damage_healed":0.0,"max_hp_gain":0.0,"max_hp_loss":0.0,"gold_gain":175.0,"event_name":"Liars Game","player_choice":"AGREE","floor":14.0,"gold_loss":0.0,"damage_taken":0.0,"cards_obtained":["Doubt"]},{"damage_healed":0,"gold_gain":0,"player_choice":"Opened","damage_taken":0,"relics_obtained":["Happy Flower"],"max_hp_gain":0,"max_hp_loss":0,"event_name":"The Mausoleum","floor":20,"gold_loss":0},{"damage_healed":0,"gold_gain":0,"player_choice":"Paid Fearfully","damage_taken":0,"max_hp_gain":0,"max_hp_loss":0,"event_name":"Masked Bandits","floor":27,"gold_loss":8},{"damage_healed":0,"gold_gain":0,"player_choice":"Became a vampire","damage_taken":0,"max_hp_gain":0,"max_hp_loss":23,"event_name":"Vampires","floor":30,"gold_loss":0,"cards_obtained":["Bite","Bite","Bite","Bite","Bite"]}],"is_beta":false,"boss_relics":[{"not_picked":["Empty Cage","Runic Pyramid"],"picked":"FrozenCore"}],"items_purged_floors":[8,22,25],"is_endless":false,"potions_floor_spawned":[1,2,10,16,31],"killed_by":"Champ","ascension_level":0}