{"gold_per_floor":[113,13,28,45,58,92,92,121,193,209,209,227,3,23,23,127,127,139,139,39,51,51,51,51,51,51,70,20,46,46,63,63,166,166,185,196,196,212,263,263,10,10,10,36,36,1,1],"floor_reached":47,"playtime":6476,"items_purged":["Strike_B","Strike_B"],"score":725,"play_id":"edb7d510-2924-4b17-bb58-f02da6441af0","local_time":"20190612215828","is_ascension_mode":true,"campfire_choices":[{"data":"Redo","floor":7.0,"key":"SMITH"},{"floor":11.0,"key":"REST"},{"data":"Buffer","floor":15.0,"key":"SMITH"},{"data":"Loop","floor":23,"key":"SMITH"},{"data":"Defragment","floor":25,"key":"SMITH"},{"data":"Mayhem","floor":32,"key":"SMITH"},{"floor":40,"key":"REST"},{"floor":42,"key":"REST"},{"floor":45,"key":"REST"}],"neow_cost":"NONE","seed_source_timestamp":0,"circlet_count":0,"master_deck":["Strike_B","Defend_B","Defend_B","Defend_B","Defend_B","Zap","Dualcast","Sweeping Beam","BootSequence","Redo+1","Glacier","Cold Snap","Capacitor","Tempest","Self Repair","Rebound","Hello World","Mayhem+1","Turbo","Buffer+1","Electrodynamics","Barrage","Loop+1","Defragment+1","Undo","Ball Lightning","Undo+1","Rebound","Creative AI","Regret","Decay","Decay","Turbo+1","Glacier","Writhe","Consume","Chill","Bandage Up","Rainbow","Blizzard"],"special_seed":0,"relics":["Cracked Core","Potion Belt","Pocketwatch","Cables","Inserter","Letter Opener","Art of War","Calling Bell","Boot","Symbiotic Virus","WingedGreaves","StoneCalendar","Happy Flower","Pen Nib"],"potions_floor_usage":[18,29,29,29,31,33,39,44,44,47],"damage_taken":[{"damage":3.0,"enemies":"2 Louse","floor":1.0,"turns":2.0},{"damage":2.0,"enemies":"Jaw Worm","floor":3.0,"turns":3.0},{"damage":1.0,"enemies":"Cultist","floor":4.0,"turns":3.0},{"damage":5.0,"enemies":"Looter","floor":5.0,"turns":4.0},{"damage":15.0,"enemies":"3 Sentries","floor":6.0,"turns":9.0},{"damage":15.0,"enemies":"Gremlin Nob","floor":8.0,"turns":4.0},{"damage":5.0,"enemies":"Exordium Wildlife","floor":10.0,"turns":4.0},{"damage":3.0,"enemies":"2 Fungi Beasts","floor":12.0,"turns":3.0},{"damage":0.0,"enemies":"Red Slaver","floor":14.0,"turns":4.0},{"damage":35.0,"enemies":"Hexaghost","floor":16.0,"turns":15.0},{"damage":4,"enemies":"Shell Parasite","floor":18,"turns":7},{"damage":0,"enemies":"Chosen","floor":21,"turns":6},{"damage":22,"enemies":"Sentry and Sphere","floor":27,"turns":4},{"damage":6,"enemies":"Book of Stabbing","floor":29,"turns":7},{"damage":8,"enemies":"Snake Plant","floor":31,"turns":6},{"damage":33,"enemies":"Automaton","floor":33,"turns":9},{"damage":6,"enemies":"3 Shapes","floor":35,"turns":4},{"damage":17,"enemies":"Orb Walker","floor":36,"turns":3},{"damage":19,"enemies":"Sphere and 2 Shapes","floor":38,"turns":7},{"damage":55,"enemies":"2 Orb Walkers","floor":39,"turns":4},{"damage":18,"enemies":"Nemesis","floor":44,"turns":7},{"damage":58,"enemies":"Reptomancer","floor":47,"turns":3}],"seed_played":"8392949085729631320","potions_obtained":[{"floor":3.0,"key":"SpeedPotion"},{"floor":8.0,"key":"AttackPotion"},{"floor":10.0,"key":"Dexterity Potion"},{"floor":12.0,"key":"Dexterity Potion"},{"floor":14.0,"key":"FearPotion"},{"floor":21,"key":"Weak Potion"},{"floor":27,"key":"PowerPotion"},{"floor":31,"key":"Fire Potion"},{"floor":38,"key":"AttackPotion"},{"floor":44,"key":"LiquidBronze"}],"is_trial":false,"path_per_floor":["M","$","M","M","M","E","R","E","T","M","R","M","$","M","R","B",null,"M","?","$","M","$","R","?","R","T","M","$","E","?","M","R","B",null,"M","M","?","M","?","R","$","R","T","E","R","$","E"],"character_chosen":"DEFECT","items_purchased":["Redo","Mayhem","Turbo","Ball Lightning","Bandage Up","FocusPotion","Weak Potion","AttackPotion","Blizzard"],"campfire_rested":4,"item_purchase_floors":[2,13,13,28,41,41,41,41,46],"current_hp_per_floor":[65,65,63,62,57,42,42,27,27,29,51,55,55,62,62,34,65,68,68,68,75,75,75,75,75,75,60,60,61,61,60,60,34,65,59,49,68,56,1,23,23,45,45,31,53,53,0],"gold":1,"neow_bonus":"THREE_CARDS","is_prod":false,"is_daily":false,"chose_seed":false,"campfire_upgraded":5,"win_rate":0,"timestamp":1560340708,"path_taken":["M","$","M","M","M","E","R","E","T","M","R","M","$","M","R","BOSS","M","?","$","M","$","R","?","R","T","M","$","E","?","M","R","BOSS","M","?","?","M","?","R","$","R","T","E","R","?","E"],"build_version":"2019-01-23","purchased_purges":2,"victory":false,"max_hp_per_floor":[75,75,75,75,75,75,75,75,75,75,75,75,75,75,75,75,75,75,75,75,75,75,75,75,75,75,75,75,75,75,75,75,75,75,75,75,75,75,75,75,75,75,75,75,75,75,75],"card_choices":[{"not_picked":["Coolheaded","Scrape"],"picked":"Sweeping Beam","floor":0.0},{"not_picked":["Sweeping Beam","Cold Snap"],"picked":"BootSequence","floor":1.0},{"not_picked":["Beam Cell","Fission"],"picked":"Glacier","floor":3.0},{"not_picked":["Blizzard","Go for the Eyes"],"picked":"Cold Snap","floor":4.0},{"not_picked":["Melter","Compile Driver"],"picked":"Capacitor","floor":5.0},{"not_picked":["Redo","Auto Shields"],"picked":"Tempest","floor":6.0},{"not_picked":["Aggregate","Skim"],"picked":"Self Repair","floor":8.0},{"not_picked":["Skim","Go for the Eyes"],"picked":"Rebound","floor":10.0},{"not_picked":["Go for the Eyes","Reprogram"],"picked":"Hello World","floor":12.0},{"not_picked":["Beam Cell","Cold Snap"],"picked":"Buffer","floor":14.0},{"not_picked":["Hyperbeam","Multi-Cast"],"picked":"Electrodynamics","floor":16.0},{"not_picked":["Streamline","Skim"],"picked":"Barrage","floor":18},{"not_picked":["Chill","Reinforced Body"],"picked":"Loop","floor":21},{"not_picked":["Conserve Battery","Glacier"],"picked":"Undo","floor":27},{"not_picked":["Hello World","Aggregate+1"],"picked":"Undo+1","floor":29},{"not_picked":["Steam Power","Sweeping Beam"],"picked":"Rebound","floor":31},{"not_picked":["Meteor Strike","Core Surge"],"picked":"Creative AI","floor":33},{"not_picked":["Ball Lightning+1","Sweeping Beam"],"picked":"Turbo+1","floor":35},{"not_picked":["Rip and Tear","Beam Cell"],"picked":"Glacier","floor":36},{"not_picked":["Barrage","Turbo+1"],"picked":"Consume","floor":38},{"not_picked":["Gash","Coolheaded+1"],"picked":"Chill","floor":39},{"not_picked":["Stack+1","Cold Snap"],"picked":"Rainbow","floor":44}],"player_experience":2025690,"relics_obtained":[{"floor":6.0,"key":"Potion Belt"},{"floor":8.0,"key":"Pocketwatch"},{"floor":9.0,"key":"Cables"},{"floor":26,"key":"Letter Opener"},{"floor":29,"key":"Art of War"},{"floor":34,"key":"Boot"},{"floor":34,"key":"Symbiotic Virus"},{"floor":34,"key":"WingedGreaves"},{"floor":39,"key":"StoneCalendar"},{"floor":43,"key":"Happy Flower"},{"floor":44,"key":"Pen Nib"}],"event_choices":[{"damage_healed":0,"gold_gain":0,"player_choice":"Ignored","damage_taken":0,"max_hp_gain":0,"max_hp_loss":0,"event_name":"Vampires","floor":19,"gold_loss":0},{"damage_healed":0,"gold_gain":0,"player_choice":"Read","damage_taken":0,"max_hp_gain":0,"max_hp_loss":0,"event_name":"The Library","floor":24,"gold_loss":0,"cards_obtained":["Defragment"]},{"cards_removed":["Strike_B"],"damage_healed":0,"gold_gain":0,"player_choice":"Purged","damage_taken":0,"max_hp_gain":0,"max_hp_loss":0,"event_name":"Purifier","floor":30,"gold_loss":0},{"damage_healed":19,"gold_gain":0,"player_choice":"Writhe","damage_taken":0,"max_hp_gain":0,"max_hp_loss":0,"event_name":"Winding Halls","floor":37,"gold_loss":0,"cards_obtained":["Writhe"]},{"damage_healed":0,"gold_gain":0,"player_choice":"Fight","damage_taken":0,"max_hp_gain":0,"max_hp_loss":0,"event_name":"Mysterious Sphere","floor":39,"gold_loss":0}],"is_beta":false,"boss_relics":[{"not_picked":["Empty Cage","Runic Pyramid"],"picked":"Inserter"},{"not_picked":["Black Star","Lizard Tail"],"picked":"Calling Bell"}],"items_purged_floors":[2,20],"is_endless":false,"potions_floor_spawned":[3,8,10,12,14,21,27,31,38,44],"killed_by":"Reptomancer","ascension_level":9}