{"gold_per_floor":[109,109,82,96,96,429,429,458,458,473,502,502,518,518,518,622,622,636,636,649,16,29,29,44,44,99,111,111,10,39,52,52,52],"floor_reached":33,"playtime":1678,"items_purged":["Strike_R"],"score":438,"play_id":"7fe9d01d-1e67-41a7-9030-f7ab4bc306dd","local_time":"20190605210554","is_ascension_mode":true,"campfire_choices":[{"data":"Sword Boomerang","floor":7,"key":"SMITH"},{"floor":15,"key":"REST"},{"floor":23,"key":"REST"},{"data":"Heavy Blade","floor":25,"key":"SMITH"},{"data":"Flame Barrier","floor":28,"key":"SMITH"},{"floor":32,"key":"REST"}],"neow_cost":"NONE","seed_source_timestamp":200268117280929,"circlet_count":0,"master_deck":["Strike_R+1","Strike_R+1","Strike_R+1","Defend_R","Defend_R","Defend_R","Defend_R","Bash","Sword Boomerang+1","Heavy Blade+1","Metallicize","Feed+1","Flame Barrier+1","Rage","Exhume","Feel No Pain+1","Rupture","Shrug It Off","Impervious","Thunderclap+1","True Grit","True Grit"],"relics":["Burning Blood","NeowsBlessing","Old Coin","Whetstone","Pear","Red Skull","Question Card","Mark of Pain","Blue Candle","Charon\u0027s Ashes","Orichalcum","Paper Frog"],"potions_floor_usage":[8,8,16,16,31],"damage_taken":[{"damage":0,"enemies":"Small Slimes","floor":1,"turns":1},{"damage":0,"enemies":"Cultist","floor":4,"turns":1},{"damage":0,"enemies":"3 Sentries","floor":6,"turns":2},{"damage":9,"enemies":"Lagavulin","floor":8,"turns":6},{"damage":12,"enemies":"Jaw Worm","floor":10,"turns":5},{"damage":38,"enemies":"3 Sentries","floor":11,"turns":7},{"damage":3,"enemies":"3 Louse","floor":13,"turns":3},{"damage":52,"enemies":"The Guardian","floor":16,"turns":10},{"damage":23,"enemies":"3 Byrds","floor":18,"turns":7},{"damage":28,"enemies":"2 Thieves","floor":20,"turns":4},{"damage":29,"enemies":"Snecko","floor":22,"turns":5},{"damage":36,"enemies":"Centurion and Healer","floor":24,"turns":11},{"damage":14,"enemies":"Sentry and Sphere","floor":27,"turns":6},{"damage":27,"enemies":"Book of Stabbing","floor":30,"turns":5},{"damage":4,"enemies":"Cultist and Chosen","floor":31,"turns":6},{"damage":115,"enemies":"Champ","floor":33,"turns":12}],"seed_played":"-8974265323215434336","potions_obtained":[{"floor":2,"key":"FairyPotion"},{"floor":2,"key":"Energy Potion"},{"floor":2,"key":"SmokeBomb"},{"floor":6,"key":"Weak Potion"},{"floor":8,"key":"Swift Potion"},{"floor":10,"key":"Weak Potion"},{"floor":20,"key":"Ancient Potion"},{"floor":30,"key":"Regen Potion"},{"floor":31,"key":"Explosive Potion"}],"is_trial":false,"path_per_floor":["?","M","?","?","?","?","$","M"],"character_chosen":"IRONCLAD","items_purchased":["Heavy Blade","Blue Candle","Rupture","Charon\u0027s Ashes","True Grit"],"campfire_rested":3,"item_purchase_floors":[3,21,21,21,29],"current_hp_per_floor":[80,80,80,80,64,70,70,67,77,75,47,22,29,29,59,17,84,71,71,53,53,30,64,42,42,42,42,42,42,21,38,77,0],"gold":52,"neow_bonus":"THREE_ENEMY_KILL","is_prod":false,"is_daily":false,"chose_seed":false,"campfire_upgraded":3,"win_rate":0,"timestamp":1559761554,"path_taken":["M","?","$","?","?","E","R","E","T","M","E","?","M","?","R","BOSS","M","?","M","?","M","R","M","R","T","?","R","$","E","M","R","BOSS"],"build_version":"2019-01-23","purchased_purges":1,"victory":false,"max_hp_per_floor":[80,80,80,80,80,80,80,80,90,94,98,98,102,102,102,106,106,110,110,114,114,114,114,122,122,122,130,130,130,130,130,130,130],"card_choices":[{"not_picked":["Flex","Pummel"],"picked":"Sword Boomerang","floor":1},{"not_picked":["Havoc","Dual Wield","Heavy Blade"],"picked":"SKIP","floor":4},{"not_picked":["Armaments","Rupture"],"picked":"Metallicize","floor":6},{"not_picked":["Pummel","Cleave"],"picked":"Feed","floor":8},{"not_picked":["Clothesline","Clash","Warcry"],"picked":"SKIP","floor":10},{"not_picked":["Rampage","Armaments"],"picked":"Flame Barrier","floor":11},{"not_picked":["Pommel Strike","Seeing Red","Clothesline"],"picked":"Rage","floor":13},{"not_picked":["Limit Break","Dark Embrace","Juggernaut"],"picked":"Exhume","floor":16},{"not_picked":["Sword Boomerang","Iron Wave","Hemokinesis+1","Body Slam"],"picked":"SKIP","floor":18},{"not_picked":["Body Slam+1","Clothesline","Shrug It Off"],"picked":"Feel No Pain+1","floor":20},{"not_picked":["Rampage","Wild Strike","Anger+1"],"picked":"Shrug It Off","floor":22},{"not_picked":["Spot Weakness","Hemokinesis","Sentinel+1"],"picked":"Impervious","floor":24},{"not_picked":["Entrench","Power Through","Iron Wave"],"picked":"Thunderclap+1","floor":27},{"not_picked":["Seeing Red","Clash","Carnage"],"picked":"True Grit","floor":30},{"not_picked":["Pommel Strike","Twin Strike","Iron Wave","Whirlwind"],"picked":"SKIP","floor":31}],"player_experience":24742,"relics_obtained":[{"floor":6,"key":"Old Coin"},{"floor":8,"key":"Whetstone"},{"floor":9,"key":"Pear"},{"floor":11,"key":"Red Skull"},{"floor":26,"key":"Orichalcum"},{"floor":30,"key":"Paper Frog"}],"event_choices":[{"damage_healed":0,"gold_gain":0,"player_choice":"Got Potions","damage_taken":0,"max_hp_gain":0,"max_hp_loss":0,"event_name":"Lab","floor":2,"gold_loss":0},{"damage_healed":0,"gold_gain":0,"player_choice":"Entered Light","damage_taken":16,"max_hp_gain":0,"max_hp_loss":0,"event_name":"Shining Light","floor":5,"gold_loss":0,"cards_upgraded":["Strike_R","Strike_R"]},{"damage_healed":0,"gold_gain":0,"player_choice":"Success","damage_taken":25,"relics_obtained":["Question Card"],"max_hp_gain":0,"max_hp_loss":0,"event_name":"Scrap Ooze","floor":12,"gold_loss":0},{"damage_healed":0,"gold_gain":0,"player_choice":"Ignored","damage_taken":0,"max_hp_gain":0,"max_hp_loss":0,"event_name":"Liars Game","floor":14,"gold_loss":0},{"cards_removed":["Strike_R"],"damage_healed":0,"gold_gain":0,"player_choice":"Purged","damage_taken":0,"max_hp_gain":0,"max_hp_loss":0,"event_name":"Purifier","floor":19,"gold_loss":0}],"is_beta":false,"boss_relics":[{"not_picked":["Lizard Tail","White Beast Statue"],"picked":"Mark of Pain"}],"items_purged_floors":[29],"is_endless":false,"potions_floor_spawned":[6,8,10,20,30,31],"killed_by":"Champ","ascension_level":5}