{"gold_per_floor":[115,35,55,10,10,42,42,62,62,87,107,107,126,152,152,229,229,214,224,76,175,175,175,175],"floor_reached":24,"playtime":702,"items_purged":["Strike_B"],"score":406,"play_id":"efc0171f-e040-4135-8e66-1ee0705460b1","local_time":"20190530154241","is_ascension_mode":true,"campfire_choices":[{"data":"Barrage","floor":7,"key":"SMITH"},{"floor":12,"key":"REST"},{"floor":15,"key":"REST"},{"floor":23,"key":"REST"}],"neow_cost":"NONE","seed_source_timestamp":8399095475838,"circlet_count":0,"master_deck":["AscendersBane","Strike_B","Strike_B","Strike_B","Defend_B","Defend_B","Defend_B","Defend_B","Zap","Dualcast","Coolheaded","Cold Snap","Cold Snap","Coolheaded","Barrage+1","Turbo","White Noise","Static Discharge+1","Hologram","Echo Form+1","Barrage","Sweeping Beam","Defragment+1","Decay"],"relics":["Cracked Core","NeowsBlessing","Frozen Egg 2","Turnip","Shuriken","Bag of Preparation","DataDisk","Inserter"],"potions_floor_usage":[10,18,19],"damage_taken":[{"damage":0,"enemies":"Cultist","floor":1,"turns":1},{"damage":0,"enemies":"Small Slimes","floor":3,"turns":1},{"damage":0,"enemies":"3 Sentries","floor":6,"turns":1},{"damage":6,"enemies":"2 Louse","floor":8,"turns":2},{"damage":12,"enemies":"Lagavulin","floor":10,"turns":6},{"damage":5,"enemies":"Large Slime","floor":11,"turns":4},{"damage":10,"enemies":"Looter","floor":13,"turns":2},{"damage":39,"enemies":"Gremlin Nob","floor":14,"turns":4},{"damage":20,"enemies":"Slime Boss","floor":16,"turns":6},{"damage":29,"enemies":"2 Thieves","floor":18,"turns":5},{"damage":18,"enemies":"Chosen","floor":19,"turns":4},{"damage":31,"enemies":"Snake Plant","floor":24,"turns":2}],"seed_played":"4249993730160981943","potions_obtained":[{"floor":8,"key":"Ancient Potion"},{"floor":10,"key":"FearPotion"},{"floor":16,"key":"Swift Potion"}],"is_trial":false,"path_per_floor":["M","$","M","$","?","E","R","M","T","E","M","R","M","E","R","B",null,"M","M","$","?","?","R","M"],"character_chosen":"DEFECT","items_purchased":["Cold Snap","Auto Shields","Coolheaded","Defragment+1"],"campfire_rested":3,"item_purchase_floors":[2,2,4,20],"current_hp_per_floor":[64,64,64,64,64,64,64,58,58,46,41,62,52,13,34,14,57,28,10,10,10,10,31,0],"gold":175,"neow_bonus":"THREE_ENEMY_KILL","is_prod":false,"is_daily":false,"chose_seed":false,"campfire_upgraded":1,"win_rate":0,"timestamp":1559223761,"path_taken":["M","$","?","$","?","E","R","M","T","E","M","R","M","E","R","BOSS","M","M","$","?","?","R","M"],"build_version":"2019-01-23","purchased_purges":1,"victory":false,"max_hp_per_floor":[71,71,71,71,71,71,71,71,71,71,71,71,71,71,71,71,71,71,71,71,71,71,71,71],"card_choices":[{"not_picked":["Go for the Eyes","Hologram"],"picked":"Coolheaded","floor":1},{"not_picked":["Rip and Tear","Rebound"],"picked":"Cold Snap","floor":3},{"not_picked":["Reinforced Body","Coolheaded"],"picked":"Barrage","floor":6},{"not_picked":["Cold Snap","Conserve Battery"],"picked":"Turbo","floor":8},{"not_picked":["Conserve Battery","Barrage"],"picked":"White Noise","floor":10},{"not_picked":["Barrage","Rebound"],"picked":"Static Discharge+1","floor":11},{"not_picked":["Steam","Gash"],"picked":"Hologram","floor":13},{"not_picked":["Ball Lightning","Chaos","Double Energy"],"picked":"SKIP","floor":14},{"not_picked":["Meteor Strike","Reboot"],"picked":"Echo Form+1","floor":16},{"not_picked":["Go for the Eyes","Redo"],"picked":"Barrage","floor":18},{"not_picked":["Recycle","Sunder"],"picked":"Sweeping Beam","floor":19}],"player_experience":717219,"relics_obtained":[{"floor":6,"key":"Turnip"},{"floor":9,"key":"Shuriken"},{"floor":10,"key":"Bag of Preparation"},{"floor":14,"key":"DataDisk"}],"event_choices":[{"cards_removed":["Auto Shields"],"damage_healed":0,"gold_gain":0,"player_choice":"Gave Card","damage_taken":0,"relics_obtained":["Frozen Egg 2"],"max_hp_gain":0,"max_hp_loss":0,"event_name":"WeMeetAgain","floor":5,"gold_loss":0},{"damage_healed":0,"gold_gain":99,"player_choice":"Stole From Cult","damage_taken":0,"max_hp_gain":0,"max_hp_loss":0,"event_name":"Nest","floor":21,"gold_loss":0},{"damage_healed":0,"gold_gain":0,"player_choice":"Smashed Altar","damage_taken":0,"max_hp_gain":0,"max_hp_loss":0,"event_name":"Forgotten Altar","floor":22,"gold_loss":0,"cards_obtained":["Decay"]}],"is_beta":false,"boss_relics":[{"not_picked":["Philosopher\u0027s Stone","Runic Dome"],"picked":"Inserter"}],"items_purged_floors":[20],"is_endless":false,"potions_floor_spawned":[8,10,16],"killed_by":"Snake Plant","ascension_level":14}