{"gold_per_floor":[119,134,134,134,148,180,180,209,285,299,317,327,327,327,327,430,430,446,446,371,371,133,133,158,158,158,158,186,197,231,257,257,358,358,378,397,144,144,155,181,193,236,274,338,350,362,374,399,411,423],"floor_reached":51,"playtime":2397,"items_purged":["Strike_R","Strike_R"],"score":1201,"play_id":"2764f48a-52ac-42dd-9c7f-2762a04e604c","local_time":"20190618013158","is_ascension_mode":true,"campfire_choices":[{"data":"Bash","floor":13.0,"key":"SMITH"},{"data":"Anger","floor":15.0,"key":"SMITH"},{"data":"Demon Form","floor":23.0,"key":"SMITH"},{"data":"Havoc","floor":25.0,"key":"SMITH"},{"data":"Evolve","floor":27.0,"key":"SMITH"},{"floor":32.0,"key":"REST"},{"data":"Metallicize","floor":41.0,"key":"SMITH"},{"data":"Impervious","floor":45.0,"key":"SMITH"},{"data":"Sentinel","floor":47.0,"key":"SMITH"},{"data":"Rampage","floor":49,"key":"SMITH"}],"neow_cost":"NONE","seed_source_timestamp":1251661911291350,"circlet_count":0,"master_deck":["Defend_R+1","Defend_R","Defend_R","Defend_R+1","Bash+1","Rampage+1","Clothesline","Anger+1","Disarm","Uppercut+1","Fiend Fire+1","Body Slam+1","Havoc+1","Evolve+1","Demon Form+1","Heavy Blade+1","Metallicize+1","Sentinel+1","Impervious+1","Feel No Pain+1","Feel No Pain+1","Corruption+1"],"special_seed":0,"relics":["Burning Blood","Happy Flower","Thread and Needle","Pen Nib","Red Skull","Molten Egg 2","Philosopher\u0027s Stone","Centennial Puzzle","Calipers","Magic Flower","Bag of Marbles","Bag of Preparation","Snecko Eye","Oddly Smooth Stone","MawBank","Sundial","Lantern","Unceasing Top","Dodecahedron"],"potions_floor_usage":[50],"damage_taken":[{"damage":3.0,"enemies":"Jaw Worm","floor":1.0,"turns":4.0},{"damage":0.0,"enemies":"2 Louse","floor":2.0,"turns":3.0},{"damage":0.0,"enemies":"Small Slimes","floor":5.0,"turns":3.0},{"damage":22.0,"enemies":"Lagavulin","floor":6.0,"turns":5.0},{"damage":8.0,"enemies":"Gremlin Nob","floor":8.0,"turns":4.0},{"damage":0.0,"enemies":"Looter","floor":10.0,"turns":3.0},{"damage":14.0,"enemies":"Exordium Wildlife","floor":11.0,"turns":4.0},{"damage":9.0,"enemies":"Lots of Slimes","floor":12.0,"turns":5.0},{"damage":5.0,"enemies":"Slime Boss","floor":16.0,"turns":8.0},{"damage":2.0,"enemies":"3 Byrds","floor":18.0,"turns":6.0},{"damage":26.0,"enemies":"Gremlin Leader","floor":24.0,"turns":4.0},{"damage":26.0,"enemies":"Book of Stabbing","floor":28.0,"turns":4.0},{"damage":8.0,"enemies":"2 Thieves","floor":29.0,"turns":2.0},{"damage":23.0,"enemies":"Gremlin Leader","floor":30.0,"turns":3.0},{"damage":13.0,"enemies":"Automaton","floor":33.0,"turns":6.0},{"damage":1.0,"enemies":"3 Shapes","floor":35.0,"turns":5.0},{"damage":0.0,"enemies":"Orb Walker","floor":36.0,"turns":1.0},{"damage":0.0,"enemies":"Jaw Worm Horde","floor":39.0,"turns":4.0},{"damage":0.0,"enemies":"Nemesis","floor":40.0,"turns":1.0},{"damage":0.0,"enemies":"Giant Head","floor":42.0,"turns":7.0},{"damage":0.0,"enemies":"2 Orb Walkers","floor":44.0,"turns":4.0},{"damage":0,"enemies":"Maw","floor":48,"turns":4},{"damage":5,"enemies":"Donu and Deca","floor":50,"turns":5}],"seed_played":"3082434507793840043","potions_obtained":[{"floor":1.0,"key":"Weak Potion"},{"floor":2.0,"key":"Strength Potion"},{"floor":6.0,"key":"Fire Potion"},{"floor":8.0,"key":"FearPotion"},{"floor":12.0,"key":"Poison Potion"},{"floor":30.0,"key":"Fire Potion"},{"floor":33.0,"key":"FairyPotion"},{"floor":36.0,"key":"SteroidPotion"},{"floor":42.0,"key":"Energy Potion"},{"floor":44.0,"key":"LiquidBronze"}],"is_trial":false,"path_per_floor":["?","?","?","?","?","?","?","T","?","M","?","T"],"character_chosen":"IRONCLAD","items_purchased":["Demon Form","Oddly Smooth Stone"],"campfire_rested":1,"item_purchase_floors":[22,37],"current_hp_per_floor":[75,80,64,69,75,59,59,57,57,63,55,52,52,52,52,53,77,81,81,81,81,81,81,61,61,61,61,41,42,28,28,53,49,76,84,85,85,85,85,85,85,85,85,85,85,85,85,85,85,85],"gold":435,"neow_bonus":"RANDOM_COMMON_RELIC","is_prod":false,"is_daily":false,"chose_seed":false,"campfire_upgraded":9,"win_rate":0,"timestamp":1560814318,"path_taken":["M","M","?","?","M","E","?","E","T","M","M","M","R","?","R","BOSS","M","?","?","?","$","R","E","R","T","R","E","M","E","?","R","BOSS","M","M","$","?","?","E","R","E","T","?","R","?","R","M","R","BOSS"],"build_version":"2019-01-23","purchased_purges":2,"victory":true,"max_hp_per_floor":[80,80,80,85,85,85,85,85,85,85,85,85,85,85,85,85,85,85,85,85,85,85,85,85,85,85,85,85,85,85,85,85,85,85,85,85,85,85,85,85,85,85,85,85,85,85,85,85,85,85],"card_choices":[{"not_picked":["Iron Wave","Clash"],"picked":"Rampage","floor":1.0},{"not_picked":["Warcry","Twin Strike"],"picked":"Clothesline","floor":2.0},{"not_picked":["Rage","Wild Strike","Heavy Blade"],"picked":"SKIP","floor":5.0},{"not_picked":["Wild Strike","Iron Wave","Fire Breathing"],"picked":"SKIP","floor":6.0},{"not_picked":["Burning Pact","Dropkick"],"picked":"Anger","floor":8.0},{"not_picked":["Thunderclap+1","Warcry","Twin Strike+1"],"picked":"SKIP","floor":10.0},{"not_picked":["Twin Strike+1","Evolve"],"picked":"Disarm","floor":11.0},{"not_picked":["Intimidate","Twin Strike+1"],"picked":"Uppercut+1","floor":12.0},{"not_picked":["Juggernaut","Immolate+1"],"picked":"Fiend Fire+1","floor":16.0},{"not_picked":["Dual Wield","Thunderclap+1"],"picked":"Body Slam+1","floor":18.0},{"not_picked":["Clash+1","Infernal Blade","Searing Blow+1"],"picked":"SKIP","floor":24.0},{"not_picked":["Wild Strike+1","Reckless Charge+1"],"picked":"Heavy Blade+1","floor":28.0},{"not_picked":["Clothesline+1","Flex+1"],"picked":"Metallicize","floor":29.0},{"not_picked":["Thunderclap+1","Demon Form"],"picked":"Sentinel","floor":30.0},{"not_picked":["Fiend Fire+1","Bludgeon+1"],"picked":"Impervious","floor":33.0},{"not_picked":["Clash+1","Sword Boomerang+1"],"picked":"Feel No Pain+1","floor":35.0},{"not_picked":["Body Slam+1","True Grit+1"],"picked":"Feel No Pain+1","floor":36.0},{"not_picked":["Anger+1","Fire Breathing","Pummel+1"],"picked":"SKIP","floor":39.0},{"not_picked":["Twin Strike+1","Clash+1","Rupture+1"],"picked":"SKIP","floor":40.0},{"not_picked":["Flex","Havoc","Spot Weakness"],"picked":"SKIP","floor":42.0},{"not_picked":["Warcry","Anger+1"],"picked":"Corruption+1","floor":44.0},{"not_picked":["Pommel Strike+1","Anger+1","Inflame+1"],"picked":"SKIP","floor":48}],"player_experience":54683,"relics_obtained":[{"floor":6.0,"key":"Thread and Needle"},{"floor":8.0,"key":"Red Skull"},{"floor":9.0,"key":"Molten Egg 2"},{"floor":24.0,"key":"Centennial Puzzle"},{"floor":26.0,"key":"Calipers"},{"floor":28.0,"key":"Magic Flower"},{"floor":30.0,"key":"Bag of Marbles"},{"floor":31.0,"key":"Bag of Preparation"},{"floor":40.0,"key":"MawBank"},{"floor":42.0,"key":"Sundial"},{"floor":43.0,"key":"Lantern"},{"floor":44.0,"key":"Unceasing Top"},{"floor":46.0,"key":"Dodecahedron"}],"event_choices":[{"damage_healed":0.0,"max_hp_gain":0.0,"max_hp_loss":0.0,"gold_gain":0.0,"event_name":"Shining Light","player_choice":"Entered Light","floor":3.0,"gold_loss":0.0,"damage_taken":16.0,"cards_upgraded":["Defend_R","Defend_R"]},{"damage_healed":0.0,"max_hp_gain":5.0,"max_hp_loss":0.0,"gold_gain":0.0,"event_name":"Big Fish","player_choice":"Donut","floor":4.0,"gold_loss":0.0,"damage_taken":0.0},{"damage_healed":0.0,"max_hp_gain":0.0,"max_hp_loss":0.0,"gold_gain":0.0,"event_name":"Dead Adventurer","player_choice":"Searched \u00271\u0027 times","floor":7.0,"gold_loss":0.0,"damage_taken":0.0,"relics_obtained":["Pen Nib"]},{"damage_healed":0.0,"max_hp_gain":0.0,"max_hp_loss":0.0,"gold_gain":0.0,"event_name":"Liars Game","player_choice":"Ignored","floor":14.0,"gold_loss":0.0,"damage_taken":0.0},{"damage_healed":0.0,"max_hp_gain":0.0,"max_hp_loss":0.0,"gold_gain":0.0,"event_name":"The Library","player_choice":"Read","floor":19.0,"gold_loss":0.0,"damage_taken":0.0,"cards_obtained":["Body Slam"]},{"cards_removed":["Strike_R"],"damage_healed":0.0,"max_hp_gain":0.0,"max_hp_loss":0.0,"gold_gain":0.0,"event_name":"Beggar","player_choice":"Gave Gold","floor":20.0,"gold_loss":75.0,"damage_taken":0.0},{"damage_healed":0.0,"max_hp_gain":0.0,"max_hp_loss":0.0,"gold_gain":0.0,"cards_transformed":["Strike_R","Strike_R"],"event_name":"Drug Dealer","player_choice":"Became Test Subject","floor":21.0,"gold_loss":0.0,"damage_taken":0.0,"cards_obtained":["Havoc","Evolve"]},{"cards_removed":["Body Slam"],"damage_healed":5.0,"max_hp_gain":0.0,"max_hp_loss":0.0,"gold_gain":0.0,"event_name":"Bonfire Elementals","player_choice":"Offered Common","floor":38.0,"gold_loss":0.0,"damage_taken":0.0},{"cards_removed":["Body Slam"],"damage_healed":5.0,"max_hp_gain":0.0,"max_hp_loss":0.0,"gold_gain":0.0,"event_name":"Bonfire Elementals","player_choice":"Offered Special","floor":38.0,"gold_loss":0.0,"damage_taken":0.0},{"damage_healed":0.0,"max_hp_gain":0.0,"max_hp_loss":0.0,"gold_gain":0.0,"event_name":"Mysterious Sphere","player_choice":"Fight","floor":44.0,"gold_loss":0.0,"damage_taken":0.0}],"is_beta":false,"boss_relics":[{"not_picked":["Lizard Tail","Black Blood"],"picked":"Philosopher\u0027s Stone"},{"not_picked":["Fusion Hammer","Runic Pyramid"],"picked":"Snecko Eye"}],"items_purged_floors":[22,37],"is_endless":false,"potions_floor_spawned":[1,2,6,8,12,30,33,36,42,44],"ascension_level":9}