{"gold_per_floor":[115,115,133,133,133,166,166,209,209,7,7,46,21,21,21,21],"floor_reached":16,"playtime":1528,"items_purged":["Strike_R"],"score":125,"play_id":"3041729c-c68d-42f4-9cfb-7df1837d6a1e","local_time":"20190123000918","is_ascension_mode":true,"campfire_choices":[{"floor":7,"key":"REST"},{"data":"Havoc","floor":11,"key":"SMITH"},{"floor":15,"key":"REST"}],"neow_cost":"NONE","seed_source_timestamp":614798280878177,"circlet_count":0,"master_deck":["Strike_R","Strike_R","Strike_R","Strike_R","Defend_R","Defend_R","Defend_R+1","Defend_R","Bash","Armaments","Heavy Blade","Heavy Blade+1","Injury","Carnage","Exhume","Metallicize","Havoc+1","Dropkick","Shrug It Off"],"relics":["Burning Blood","Golden Idol","Bottled Flame","Lantern","Peace Pipe"],"potions_floor_usage":[6,6,12],"damage_taken":[{"damage":10,"enemies":"Jaw Worm","floor":1,"turns":5},{"damage":0,"enemies":"Small Slimes","floor":3,"turns":3},{"damage":38,"enemies":"Lagavulin","floor":6,"turns":7},{"damage":35,"enemies":"Gremlin Nob","floor":8,"turns":5},{"damage":21,"enemies":"3 Sentries","floor":12,"turns":12},{"damage":44,"enemies":"Hexaghost","floor":16,"turns":14}],"seed_played":"-6332631962553985771","potions_obtained":[{"floor":1,"key":"Strength Potion"},{"floor":3,"key":"SpeedPotion"},{"floor":6,"key":"Ancient Potion"},{"floor":12,"key":"GamblersBrew"}],"is_trial":false,"path_per_floor":["M","?","M","?","?","E","R","E","T","$","R","E","$","?","R","B"],"character_chosen":"IRONCLAD","items_purchased":["Metallicize","Havoc","Shrug It Off"],"campfire_rested":2,"item_purchase_floors":[10,10,13],"current_hp_per_floor":[76,81,85,68,68,36,61,32,32,32,32,17,17,17,42,0],"gold":21,"neow_bonus":"THREE_CARDS","is_prod":false,"is_daily":false,"chose_seed":false,"campfire_upgraded":1,"win_rate":0,"timestamp":1548162558,"path_taken":["M","?","M","?","?","E","R","E","T","$","R","E","$","?","R","BOSS"],"build_version":"2019-01-17v2","purchased_purges":1,"victory":false,"max_hp_per_floor":[80,85,85,85,85,85,85,85,85,85,85,85,85,85,85,85],"card_choices":[{"not_picked":["Infernal Blade","Combust"],"picked":"Armaments","floor":0},{"not_picked":["Hemokinesis","Headbutt"],"picked":"Heavy Blade","floor":1},{"not_picked":["Combust","Armaments"],"picked":"Heavy Blade","floor":3},{"not_picked":["Headbutt","Body Slam"],"picked":"Carnage","floor":6},{"not_picked":["Headbutt","Anger"],"picked":"Exhume","floor":8},{"not_picked":["Body Slam","Rupture"],"picked":"Dropkick","floor":12}],"player_experience":137434,"relics_obtained":[{"floor":6,"key":"Bottled Flame"},{"floor":8,"key":"Lantern"},{"floor":12,"key":"Peace Pipe"}],"event_choices":[{"damage_healed":0,"gold_gain":0,"player_choice":"Donut","damage_taken":0,"max_hp_gain":5,"max_hp_loss":0,"event_name":"Big Fish","floor":2,"gold_loss":0},{"damage_healed":0,"gold_gain":0,"player_choice":"Entered Light","damage_taken":17,"max_hp_gain":0,"max_hp_loss":0,"event_name":"Shining Light","floor":4,"gold_loss":0,"cards_upgraded":["Defend_R","Heavy Blade"]},{"damage_healed":0,"gold_gain":0,"player_choice":"Take Wound","damage_taken":0,"relics_obtained":["Golden Idol"],"max_hp_gain":0,"max_hp_loss":0,"event_name":"Golden Idol","floor":5,"gold_loss":0,"cards_obtained":["Injury"]},{"damage_healed":0,"gold_gain":0,"player_choice":"Searched \u00271\u0027 times","damage_taken":0,"max_hp_gain":0,"max_hp_loss":0,"event_name":"Dead Adventurer","floor":14,"gold_loss":0}],"is_beta":false,"boss_relics":[],"items_purged_floors":[10],"is_endless":false,"potions_floor_spawned":[1,3,6,12],"killed_by":"Hexaghost","ascension_level":2}