{"gold_per_floor":[109,109,128,139,18,18,28,53,53,53,70,83,83,111,111,212,212,202,202,20,20,20,20,38,38],"floor_reached":25,"playtime":4033,"items_purged":[],"score":363,"play_id":"38f0ed1d-7325-4c67-bbbe-66f2f2827120","local_time":"20190328000604","is_ascension_mode":true,"campfire_choices":[{"data":"Body Slam","floor":6.0,"key":"SMITH"},{"data":"Heavy Blade","floor":10.0,"key":"SMITH"},{"data":"Fiend Fire","floor":13.0,"key":"SMITH"},{"data":"Body Slam","floor":15.0,"key":"SMITH"},{"data":"Limit Break","floor":23.0,"key":"SMITH"}],"neow_cost":"NONE","seed_source_timestamp":0,"circlet_count":0,"master_deck":["AscendersBane","Strike_R","Strike_R","Defend_R","Defend_R","Defend_R","Bash","Dramatic Entrance","Iron Wave","Headbutt","Body Slam+1","Shrug It Off","Heavy Blade+1","Ghostly Armor","Shrug It Off","Feed","Body Slam+1","Double Tap","Fiend Fire+1","Entrench+1","Rupture+1","Anger","Cleave","Limit Break+1","Pommel Strike"],"special_seed":0,"relics":["Burning Blood","FaceOfCleric","Matryoshka","Anchor","Ornamental Fan","Singing Bowl","Astrolabe"],"potions_floor_usage":[],"damage_taken":[{"damage":0.0,"enemies":"2 Louse","floor":1.0,"turns":2.0},{"damage":1.0,"enemies":"Cultist","floor":3.0,"turns":3.0},{"damage":5.0,"enemies":"Small Slimes","floor":4.0,"turns":3.0},{"damage":5.0,"enemies":"Exordium Thugs","floor":7.0,"turns":4.0},{"damage":7.0,"enemies":"3 Sentries","floor":8.0,"turns":4.0},{"damage":0.0,"enemies":"2 Fungi Beasts","floor":11.0,"turns":3.0},{"damage":0.0,"enemies":"Red Slaver","floor":12.0,"turns":3.0},{"damage":14.0,"enemies":"Gremlin Nob","floor":14.0,"turns":4.0},{"damage":46.0,"enemies":"Slime Boss","floor":16.0,"turns":12.0},{"damage":8.0,"enemies":"2 Thieves","floor":18.0,"turns":4.0},{"damage":0.0,"enemies":"3 Byrds","floor":24.0,"turns":5.0},{"damage":116,"enemies":"Gremlin Leader","floor":25,"turns":7}],"seed_played":"-8023171090835589729","potions_obtained":[{"floor":1.0,"key":"Poison Potion"},{"floor":4.0,"key":"Strength Potion"},{"floor":12.0,"key":"Strength Potion"},{"floor":14.0,"key":"Fire Potion"}],"is_trial":false,"path_per_floor":["M","?","M","M","$","R","M","E","T","R","M","M","R","E","R","B",null,"M","?","$","$","?","R","M","E"],"character_chosen":"IRONCLAD","items_purchased":["Fiend Fire","Shrug It Off","Cleave","Limit Break"],"campfire_rested":0,"item_purchase_floors":[5,5,20,20],"current_hp_per_floor":[78,78,81,82,82,82,83,83,83,83,85,86,86,79,79,43,79,81,81,81,81,105,105,109,0],"gold":38,"neow_bonus":"RANDOM_COLORLESS","is_prod":false,"is_daily":false,"chose_seed":false,"campfire_upgraded":5,"win_rate":0,"timestamp":1553691964,"path_taken":["M","?","M","?","?","R","M","E","T","R","M","M","R","E","R","BOSS","M","?","?","$","?","R","?","E"],"build_version":"2019-01-23","purchased_purges":0,"victory":false,"max_hp_per_floor":[80,80,81,82,82,82,83,84,84,84,85,86,86,87,87,91,91,95,95,95,95,105,105,109,109],"card_choices":[{"not_picked":["Thunderclap","Perfected Strike"],"picked":"Iron Wave","floor":1.0},{"not_picked":["Uppercut","Heavy Blade"],"picked":"Headbutt","floor":3.0},{"not_picked":["Sword Boomerang","Wild Strike"],"picked":"Body Slam","floor":4.0},{"not_picked":["Havoc","Rampage"],"picked":"Heavy Blade","floor":7.0},{"not_picked":["Rampage","Perfected Strike"],"picked":"Ghostly Armor","floor":8.0},{"not_picked":["Thunderclap","Wild Strike"],"picked":"Shrug It Off","floor":11.0},{"not_picked":["Entrench","Thunderclap"],"picked":"Feed","floor":12.0},{"not_picked":["True Grit","Thunderclap"],"picked":"Body Slam","floor":14.0},{"not_picked":["Exhume","Brutality"],"picked":"Double Tap","floor":16.0},{"not_picked":["Thunderclap","Rage+1"],"picked":"Anger","floor":18.0},{"not_picked":["Warcry","Anger"],"picked":"Pommel Strike","floor":24.0}],"player_experience":1099434,"relics_obtained":[{"floor":8.0,"key":"Matryoshka"},{"floor":9.0,"key":"Anchor"},{"floor":9.0,"key":"Ornamental Fan"},{"floor":14.0,"key":"Singing Bowl"}],"event_choices":[{"damage_healed":0.0,"max_hp_gain":0.0,"max_hp_loss":0.0,"gold_gain":0.0,"event_name":"FaceTrader","player_choice":"Trade","floor":2.0,"gold_loss":0.0,"damage_taken":0.0,"relics_obtained":["FaceOfCleric"]},{"cards_removed":["Defend_R"],"damage_healed":0.0,"max_hp_gain":0.0,"max_hp_loss":0.0,"gold_gain":0.0,"event_name":"Wheel of Change","player_choice":"Card Removal","floor":19.0,"gold_loss":0.0,"damage_taken":0.0},{"cards_removed":["Fiend Fire"],"damage_healed":14.0,"max_hp_gain":10.0,"max_hp_loss":0.0,"gold_gain":0.0,"event_name":"Bonfire Elementals","player_choice":"Offered Rare","floor":22.0,"gold_loss":0.0,"damage_taken":0.0}],"is_beta":false,"boss_relics":[{"not_picked":["Calling Bell","Snecko Eye"],"picked":"Astrolabe"}],"items_purged_floors":[],"is_endless":false,"potions_floor_spawned":[1,4,12,14],"killed_by":"Gremlin Leader","ascension_level":12}