{"gold_per_floor":[117,117,132,145,145,175,175,203,227,255,271,271,286,7,7,105,105,120,138,149,52,52,52,80,80,80,80,80,94,94,106,106,106],"floor_reached":33,"playtime":2941,"items_purged":["Defend_R"],"score":456,"play_id":"76183bba-07a9-44a7-8d1b-15babaac73d9","local_time":"20190321124244","is_ascension_mode":true,"campfire_choices":[{"data":"Dark Embrace","floor":7.0,"key":"SMITH"},{"floor":12.0,"key":"REST"},{"data":"Shockwave","floor":15.0,"key":"SMITH"},{"floor":23.0,"key":"REST"},{"data":"Armaments","floor":25.0,"key":"SMITH"},{"data":"Inflame","floor":27.0,"key":"SMITH"},{"data":"Combust","floor":30.0,"key":"SMITH"},{"data":"Corruption","floor":32,"key":"SMITH"}],"neow_cost":"NONE","seed_source_timestamp":139530644551444,"circlet_count":0,"master_deck":["AscendersBane","Strike_R","Strike_R","Strike_R","Strike_R","Defend_R","Defend_R","Defend_R","Bash","Hemokinesis+1","Shockwave+1","Anger","Dark Embrace+1","Sever Soul","Ghostly Armor","Combust+1","Dual Wield","Reaper","Battle Trance","Brutality","Headbutt+1","Inflame+1","Armaments+1","Flex","RitualDagger","Flex","Necronomicurse","Clash","Corruption+1"],"special_seed":0,"relics":["Burning Blood","NeowsBlessing","Oddly Smooth Stone","Bag of Marbles","Strawberry","Regal Pillow","Runic Pyramid","Bronze Scales","Matryoshka","Necronomicon"],"potions_floor_usage":[33,33],"damage_taken":[{"damage":0.0,"enemies":"Jaw Worm","floor":1.0,"turns":1.0},{"damage":0.0,"enemies":"Cultist","floor":3.0,"turns":1.0},{"damage":0.0,"enemies":"2 Louse","floor":4.0,"turns":2.0},{"damage":21.0,"enemies":"Gremlin Nob","floor":6.0,"turns":4.0},{"damage":26.0,"enemies":"3 Sentries","floor":8.0,"turns":6.0},{"damage":16.0,"enemies":"Lagavulin","floor":10.0,"turns":7.0},{"damage":14.0,"enemies":"Gremlin Gang","floor":11.0,"turns":3.0},{"damage":8.0,"enemies":"Lots of Slimes","floor":13.0,"turns":2.0},{"damage":34.0,"enemies":"Slime Boss","floor":16.0,"turns":6.0},{"damage":33.0,"enemies":"3 Byrds","floor":18.0,"turns":4.0},{"damage":25.0,"enemies":"Chosen","floor":19.0,"turns":5.0},{"damage":51.0,"enemies":"Centurion and Healer","floor":20.0,"turns":7.0},{"damage":72.0,"enemies":"Slavers","floor":24.0,"turns":8.0},{"damage":20.0,"enemies":"Snake Plant","floor":29.0,"turns":2.0},{"damage":5,"enemies":"Chosen and Byrds","floor":31,"turns":4},{"damage":113,"enemies":"Automaton","floor":33,"turns":8}],"seed_played":"-316387887744749587","potions_obtained":[{"floor":3.0,"key":"Dexterity Potion"},{"floor":4.0,"key":"FearPotion"},{"floor":10.0,"key":"Poison Potion"},{"floor":11.0,"key":"Explosive Potion"},{"floor":18.0,"key":"Dexterity Potion"},{"floor":29.0,"key":"GamblersBrew"},{"floor":31,"key":"GamblersBrew"}],"is_trial":false,"path_per_floor":["M","?","M","M","?","E","R","E","T","E","M","R","M","$","R","B",null,"M","M","M","$","?","R","E","R","T","R","?","M","R","M","R","B"],"character_chosen":"IRONCLAD","items_purchased":["Reaper","Battle Trance","Flex","Block Potion"],"campfire_rested":2,"item_purchase_floors":[14,14,21,21],"current_hp_per_floor":[78,78,80,80,80,65,65,45,52,42,34,75,73,73,73,51,78,60,53,44,44,38,79,63,63,63,63,47,33,33,34,34,0],"gold":106,"neow_bonus":"THREE_ENEMY_KILL","is_prod":false,"is_daily":false,"chose_seed":false,"campfire_upgraded":6,"win_rate":0,"timestamp":1553132564,"path_taken":["M","?","M","?","?","E","R","E","T","E","?","R","M","?","R","BOSS","M","M","M","$","?","R","E","R","T","R","?","M","R","M","R","BOSS"],"build_version":"2019-01-23","purchased_purges":1,"victory":false,"max_hp_per_floor":[80,80,80,80,80,80,80,80,87,87,87,87,87,87,87,87,87,87,87,87,87,87,87,87,87,87,87,87,87,87,87,87,87],"card_choices":[{"not_picked":["Clash","Warcry"],"picked":"Hemokinesis","floor":1.0},{"not_picked":["Heavy Blade","Searing Blow"],"picked":"Shockwave","floor":3.0},{"not_picked":["Body Slam","Hemokinesis"],"picked":"Anger","floor":4.0},{"not_picked":["Wild Strike","Headbutt"],"picked":"Dark Embrace","floor":6.0},{"not_picked":["Rampage","Headbutt"],"picked":"Sever Soul","floor":8.0},{"not_picked":["Cleave","Pommel Strike"],"picked":"Ghostly Armor","floor":10.0},{"not_picked":["Metallicize","Rampage"],"picked":"Combust","floor":11.0},{"not_picked":["Headbutt","Sword Boomerang"],"picked":"Dual Wield","floor":13.0},{"not_picked":["Barricade","Juggernaut"],"picked":"Brutality","floor":16.0},{"not_picked":["Whirlwind","Dual Wield"],"picked":"Headbutt+1","floor":18.0},{"not_picked":["Iron Wave","Thunderclap"],"picked":"Inflame","floor":19.0},{"not_picked":["Twin Strike","Juggernaut"],"picked":"Armaments","floor":20.0},{"not_picked":["Entrench","Rage"],"picked":"Flex","floor":24.0},{"not_picked":["Dual Wield","Armaments"],"picked":"Clash","floor":29.0},{"not_picked":["Flex","Whirlwind"],"picked":"Corruption","floor":31}],"player_experience":1022464,"relics_obtained":[{"floor":6.0,"key":"Oddly Smooth Stone"},{"floor":8.0,"key":"Bag of Marbles"},{"floor":9.0,"key":"Strawberry"},{"floor":10.0,"key":"Regal Pillow"},{"floor":24.0,"key":"Bronze Scales"},{"floor":26.0,"key":"Matryoshka"},{"floor":28.0,"key":"Necronomicon"}],"event_choices":[{"damage_healed":0.0,"max_hp_gain":0.0,"max_hp_loss":0.0,"gold_gain":0.0,"event_name":"Upgrade Shrine","player_choice":"Upgraded","floor":2.0,"gold_loss":0.0,"damage_taken":0.0,"cards_upgraded":["Hemokinesis"]},{"cards_removed":["Strike_R"],"damage_healed":0.0,"max_hp_gain":0.0,"max_hp_loss":0.0,"gold_gain":0.0,"event_name":"Purifier","player_choice":"Purged","floor":5.0,"gold_loss":0.0,"damage_taken":0.0},{"damage_healed":0.0,"max_hp_gain":0.0,"max_hp_loss":0.0,"gold_gain":0.0,"event_name":"Nest","player_choice":"Joined the Cult","floor":22.0,"gold_loss":0.0,"damage_taken":6.0,"cards_obtained":["RitualDagger"]},{"damage_healed":0.0,"max_hp_gain":0.0,"max_hp_loss":0.0,"gold_gain":0.0,"event_name":"Cursed Tome","player_choice":"Obtained Book","floor":28.0,"gold_loss":0.0,"damage_taken":16.0}],"is_beta":false,"boss_relics":[{"not_picked":["Runic Dome","Eternal Feather"],"picked":"Runic Pyramid"}],"items_purged_floors":[14],"is_endless":false,"potions_floor_spawned":[3,4,10,11,18,29,31],"killed_by":"Automaton","ascension_level":12}