{"gold_per_floor":[110,128,15,25,44,74,74,74,123,123],"floor_reached":10,"playtime":969,"items_purged":[],"score":68,"play_id":"c9e0a96f-8535-40cc-bd23-5a506ffd2be7","local_time":"20190524233616","is_ascension_mode":false,"campfire_choices":[{"floor":7,"key":"RECALL"}],"neow_cost":"TEN_PERCENT_HP_LOSS","seed_source_timestamp":598698470887768,"circlet_count":0,"master_deck":["Strike_R","Strike_R","Strike_R","Strike_R","Strike_R","Defend_R","Defend_R","Defend_R","Defend_R","Bash","Fiend Fire","Heavy Blade","Impervious","Pummel","Rage","Armaments","Pommel Strike","Flex","Pain"],"relics":["Burning Blood","Question Card","WarpedTongs"],"potions_floor_usage":[10],"damage_taken":[{"damage":1,"enemies":"Cultist","floor":1,"turns":3},{"damage":2,"enemies":"2 Louse","floor":2,"turns":2},{"damage":1,"enemies":"Small Slimes","floor":4,"turns":4},{"damage":9,"enemies":"Blue Slaver","floor":5,"turns":5},{"damage":49,"enemies":"Gremlin Nob","floor":6,"turns":6},{"damage":30,"enemies":"Lagavulin","floor":10,"turns":6}],"seed_played":"2829477351345232692","potions_obtained":[{"floor":6,"key":"Weak Potion"}],"is_trial":false,"path_per_floor":["M","M","$","M","M","E","R","?","T","E"],"character_chosen":"IRONCLAD","items_purchased":["Pummel","Rage"],"campfire_rested":0,"item_purchase_floors":[3,3],"current_hp_per_floor":[72,72,72,72,69,26,26,26,26,0],"gold":123,"neow_bonus":"THREE_RARE_CARDS","is_prod":false,"is_daily":false,"chose_seed":false,"campfire_upgraded":0,"win_rate":0,"timestamp":1558704976,"path_taken":["M","M","$","M","?","E","R","?","T","E"],"build_version":"2019-01-23","purchased_purges":0,"victory":false,"max_hp_per_floor":[72,72,72,72,72,72,72,72,72,72],"card_choices":[{"not_picked":["Bludgeon","Double Tap"],"picked":"Fiend Fire","floor":0},{"not_picked":["Wild Strike","Anger"],"picked":"Heavy Blade","floor":1},{"not_picked":["Sword Boomerang","Flex"],"picked":"Impervious","floor":2},{"not_picked":["Second Wind","Whirlwind"],"picked":"Armaments","floor":4},{"not_picked":["Twin Strike","Second Wind"],"picked":"Pommel Strike","floor":5},{"not_picked":["Shrug It Off","Uppercut"],"picked":"Flex","floor":6}],"player_experience":1977686,"relics_obtained":[{"floor":6,"key":"Question Card"}],"event_choices":[{"damage_healed":0,"gold_gain":0,"player_choice":"Rummage","damage_taken":0,"relics_obtained":["WarpedTongs"],"max_hp_gain":0,"max_hp_loss":0,"event_name":"Accursed Blacksmith","floor":8,"gold_loss":0,"cards_obtained":["Pain"]}],"is_beta":false,"boss_relics":[],"items_purged_floors":[],"is_endless":false,"potions_floor_spawned":[6],"killed_by":"Lagavulin","ascension_level":0}