{"gold_per_floor":[115,127,137,137,31,57,22,56,83,83,83,48,48,66,66,166,166,156,156,166,166,87,122,122,153,179,213,213,256,279,316,328,340],"floor_reached":33,"playtime":1879,"items_purged":[],"score":629,"play_id":"36bc0e13-df56-487b-a480-26e756d9bbcb","local_time":"20190617002352","is_ascension_mode":true,"campfire_choices":[{"floor":10.0,"key":"REST"},{"floor":13.0,"key":"REST"},{"data":"Bane","floor":15.0,"key":"SMITH"},{"data":"Burst","floor":24.0,"key":"SMITH"},{"floor":32.0,"key":"REST"}],"neow_cost":"NONE","seed_source_timestamp":873059782839286,"circlet_count":0,"master_deck":["Defend_G","Defend_G","Defend_G","Defend_G","Defend_G","Strike_G","Strike_G","Strike_G","Strike_G","Strike_G+1","Survivor","Neutralize","Flying Knee","Backstab","Deadly Poison","Bane+1","Well Laid Plans","Blur","Deadly Poison+1","Caltrops","Quick Slash","Burst+1","Distraction","Ghostly","Ghostly","Ghostly","Ghostly","Ghostly","Slice+1","Corpse Explosion","Predator","Accuracy","Noxious Fumes","Writhe","Catalyst+1","Terror+1","Blade Dance+1"],"special_seed":0,"relics":["Ring of the Snake","Juzu Bracelet","Potion Belt","PreservedInsect","Bottled Lightning","Oddly Smooth Stone","Black Star","Bag of Marbles","Question Card","Ninja Scroll","Mummified Hand","Centennial Puzzle","Ancient Tea Set","Strawberry","MawBank","Toxic Egg 2","Molten Egg 2","Du-Vu Doll","Pear"],"potions_floor_usage":[],"damage_taken":[{"damage":3.0,"enemies":"2 Louse","floor":1.0,"turns":2.0},{"damage":7.0,"enemies":"Jaw Worm","floor":2.0,"turns":4.0},{"damage":4.0,"enemies":"Small Slimes","floor":3.0,"turns":4.0},{"damage":27.0,"enemies":"3 Sentries","floor":6.0,"turns":12.0},{"damage":20.0,"enemies":"Gremlin Nob","floor":8.0,"turns":4.0},{"damage":12.0,"enemies":"2 Fungi Beasts","floor":14.0,"turns":3.0},{"damage":10.0,"enemies":"Hexaghost","floor":16.0,"turns":9.0},{"damage":11.0,"enemies":"2 Thieves","floor":18.0,"turns":4.0},{"damage":15.0,"enemies":"3 Byrds","floor":20.0,"turns":6.0},{"damage":3.0,"enemies":"Slavers","floor":23.0,"turns":2.0},{"damage":2.0,"enemies":"Book of Stabbing","floor":25.0,"turns":5.0},{"damage":0.0,"enemies":"Slavers","floor":27.0,"turns":1.0},{"damage":0.0,"enemies":"Gremlin Leader","floor":29.0,"turns":5.0},{"damage":1.0,"enemies":"Snecko","floor":30.0,"turns":4.0},{"damage":5.0,"enemies":"Slavers","floor":31.0,"turns":6.0},{"damage":69,"enemies":"Champ","floor":33,"turns":8}],"seed_played":"9177350610388395015","potions_obtained":[{"floor":2.0,"key":"GamblersBrew"},{"floor":3.0,"key":"Swift Potion"},{"floor":23.0,"key":"AttackPotion"},{"floor":25.0,"key":"GamblersBrew"}],"is_trial":false,"path_per_floor":["M","M","M","?","$","E","?","E","T","R","?","$","R","M","R","B",null,"M","?","M","?","$","E","R","E","T","E","?","E","M","E","R","B"],"character_chosen":"THE_SILENT","items_purchased":["Bane","Well Laid Plans","Caltrops","Corpse Explosion"],"campfire_rested":3,"item_purchase_floors":[5,5,12,22],"current_hp_per_floor":[60,53,49,42,42,15,32,12,12,33,19,19,40,28,28,18,57,46,35,20,32,32,29,29,27,27,34,34,34,33,38,52,0],"gold":340,"neow_bonus":"RANDOM_COMMON_RELIC","is_prod":false,"is_daily":false,"chose_seed":false,"campfire_upgraded":2,"win_rate":0,"timestamp":1560695032,"path_taken":["M","M","M","?","$","E","?","E","T","R","?","$","R","M","R","BOSS","M","?","M","?","$","E","R","E","T","E","?","E","M","E","R","BOSS"],"build_version":"2019-01-23","purchased_purges":0,"victory":false,"max_hp_per_floor":[70,70,70,70,70,70,70,70,70,70,70,70,70,70,70,70,70,70,35,35,35,35,35,35,35,35,42,42,42,42,52,52,52],"card_choices":[{"not_picked":["Bane","Calculated Gamble"],"picked":"Flying Knee","floor":1.0},{"not_picked":["Quick Slash","Prepared"],"picked":"Backstab","floor":2.0},{"not_picked":["Sucker Punch","Acrobatics"],"picked":"Deadly Poison","floor":3.0},{"not_picked":["Cloak And Dagger","Finisher"],"picked":"Blur","floor":6.0},{"not_picked":["Slice","Acrobatics"],"picked":"Deadly Poison","floor":8.0},{"not_picked":["Slice","Accuracy"],"picked":"Quick Slash","floor":14.0},{"not_picked":["A Thousand Cuts","Corpse Explosion"],"picked":"Burst","floor":16.0},{"not_picked":["Reflex","Blade Dance"],"picked":"Distraction","floor":18.0},{"not_picked":["Finisher","Dagger Throw+1"],"picked":"Slice+1","floor":20.0},{"not_picked":["Escape Plan","Outmaneuver"],"picked":"Predator","floor":23.0},{"not_picked":["Calculated Gamble","Setup","Quick Slash"],"picked":"Accuracy","floor":25.0},{"not_picked":["Backflip","Phantasmal Killer","Well Laid Plans"],"picked":"Noxious Fumes","floor":27.0},{"not_picked":["Bane","Caltrops","Tools of the Trade"],"picked":"Catalyst+1","floor":29.0},{"not_picked":["Cloak And Dagger+1","Heel Hook+1","Footwork"],"picked":"Terror+1","floor":30.0},{"not_picked":["Expertise+1","Blur+1","Caltrops"],"picked":"Blade Dance+1","floor":31.0}],"player_experience":2212354,"relics_obtained":[{"floor":6.0,"key":"PreservedInsect"},{"floor":8.0,"key":"Bottled Lightning"},{"floor":9.0,"key":"Oddly Smooth Stone"},{"floor":23.0,"key":"Bag of Marbles"},{"floor":23.0,"key":"Question Card"},{"floor":25.0,"key":"Ninja Scroll"},{"floor":25.0,"key":"Mummified Hand"},{"floor":26.0,"key":"Centennial Puzzle"},{"floor":27.0,"key":"Ancient Tea Set"},{"floor":27.0,"key":"Strawberry"},{"floor":29.0,"key":"Toxic Egg 2"},{"floor":29.0,"key":"Molten Egg 2"},{"floor":31.0,"key":"Du-Vu Doll"},{"floor":31.0,"key":"Pear"}],"event_choices":[{"damage_healed":0.0,"max_hp_gain":0.0,"max_hp_loss":0.0,"gold_gain":0.0,"event_name":"Scrap Ooze","player_choice":"Success","floor":4.0,"gold_loss":0.0,"damage_taken":7.0,"relics_obtained":["Potion Belt"]},{"damage_healed":17.0,"max_hp_gain":0.0,"max_hp_loss":0.0,"gold_gain":0.0,"event_name":"The Cleric","player_choice":"Healed","floor":7.0,"gold_loss":35.0,"damage_taken":0.0},{"damage_healed":0.0,"max_hp_gain":0.0,"max_hp_loss":0.0,"gold_gain":0.0,"event_name":"Shining Light","player_choice":"Entered Light","floor":11.0,"gold_loss":0.0,"damage_taken":14.0,"cards_upgraded":["Deadly Poison","Strike_G"]},{"damage_healed":0.0,"max_hp_gain":0.0,"max_hp_loss":35.0,"gold_gain":0.0,"event_name":"Ghosts","player_choice":"Became a Ghost","floor":19.0,"gold_loss":0.0,"damage_taken":0.0,"cards_obtained":["Ghostly","Ghostly","Ghostly","Ghostly","Ghostly"]},{"damage_healed":12.0,"max_hp_gain":0.0,"max_hp_loss":0.0,"gold_gain":0.0,"event_name":"The Library","player_choice":"Heal","floor":21.0,"gold_loss":0.0,"damage_taken":0.0},{"damage_healed":0.0,"max_hp_gain":0.0,"max_hp_loss":0.0,"gold_gain":0.0,"event_name":"The Mausoleum","player_choice":"Opened","floor":28.0,"gold_loss":0.0,"damage_taken":0.0,"relics_obtained":["MawBank"],"cards_obtained":["Writhe"]}],"is_beta":false,"boss_relics":[{"not_picked":["Eternal Feather","HoveringKite"],"picked":"Black Star"}],"items_purged_floors":[],"is_endless":false,"potions_floor_spawned":[2,3,23,25],"killed_by":"Champ","ascension_level":9}