{"gold_per_floor":[115,115,40,55,72,72,72,72,119,149,159,186,203,303,303,303],"floor_reached":16,"playtime":611,"items_purged":["Regret"],"score":198,"play_id":"662497ba-3237-4943-ad00-70711190079a","local_time":"20190531103928","is_ascension_mode":true,"campfire_choices":[{"data":"Bash","floor":6,"key":"SMITH"},{"data":"Clothesline","floor":8,"key":"SMITH"},{"data":"Flame Barrier","floor":15,"key":"SMITH"}],"neow_cost":"NONE","seed_source_timestamp":3490378980769,"circlet_count":0,"master_deck":["AscendersBane","Strike_R","Strike_R","Strike_R","Strike_R","Strike_R","Defend_R","Defend_R","Defend_R","Defend_R","Bash+1","Feel No Pain","Clothesline+1","Cleave","Flame Barrier+1","Sword Boomerang","Sword Boomerang"],"relics":["Burning Blood","Vajra","Boot","Blood Vial","StoneCalendar","Du-Vu Doll"],"potions_floor_usage":[12,16],"damage_taken":[{"damage":1,"enemies":"Cultist","floor":1,"turns":3},{"damage":5,"enemies":"2 Louse","floor":4,"turns":2},{"damage":4,"enemies":"Small Slimes","floor":5,"turns":3},{"damage":27,"enemies":"Gremlin Nob","floor":10,"turns":5},{"damage":21,"enemies":"Gremlin Gang","floor":11,"turns":6},{"damage":35,"enemies":"Lagavulin","floor":12,"turns":6},{"damage":0,"enemies":"Lots of Slimes","floor":13,"turns":1},{"damage":35,"enemies":"The Guardian","floor":16,"turns":8}],"seed_played":"4439474905952156714","potions_obtained":[{"floor":4,"key":"BloodPotion"},{"floor":12,"key":"SpeedPotion"},{"floor":13,"key":"Dexterity Potion"}],"is_trial":false,"path_per_floor":["M","?","$","M","M","R","?","R","T","E","M","E","M","?","R","B"],"character_chosen":"IRONCLAD","items_purchased":[],"campfire_rested":0,"item_purchase_floors":[],"current_hp_per_floor":[73,73,73,74,75,75,75,75,75,54,41,21,29,29,29,0],"gold":303,"neow_bonus":"RANDOM_COMMON_RELIC","is_prod":false,"is_daily":false,"chose_seed":false,"campfire_upgraded":3,"win_rate":0,"timestamp":1559291968,"path_taken":["M","?","$","M","M","R","?","R","T","E","M","E","M","?","R","BOSS"],"build_version":"2019-01-23","purchased_purges":1,"victory":false,"max_hp_per_floor":[75,75,75,75,75,75,75,75,75,75,75,75,75,75,75,75],"card_choices":[{"not_picked":["True Grit","Corruption"],"picked":"Feel No Pain","floor":1},{"not_picked":["Metallicize","Flex"],"picked":"Clothesline","floor":4},{"not_picked":["Entrench","Seeing Red"],"picked":"Cleave","floor":5},{"not_picked":["Uppercut","Anger"],"picked":"Flame Barrier","floor":10},{"not_picked":["Armaments","Warcry"],"picked":"Sword Boomerang","floor":11},{"not_picked":["Clash","Warcry"],"picked":"Sword Boomerang","floor":12},{"not_picked":["Heavy Blade","Twin Strike","Havoc"],"picked":"SKIP","floor":13}],"player_experience":724607,"relics_obtained":[{"floor":9,"key":"Blood Vial"},{"floor":10,"key":"StoneCalendar"},{"floor":12,"key":"Du-Vu Doll"}],"event_choices":[{"damage_healed":0,"gold_gain":0,"player_choice":"Box","damage_taken":0,"relics_obtained":["Boot"],"max_hp_gain":0,"max_hp_loss":0,"event_name":"Big Fish","floor":2,"gold_loss":0,"cards_obtained":["Regret"]},{"damage_healed":0,"gold_gain":0,"player_choice":"Leave","damage_taken":0,"max_hp_gain":0,"max_hp_loss":0,"event_name":"The Cleric","floor":7,"gold_loss":0},{"damage_healed":0,"gold_gain":100,"player_choice":"Gold","damage_taken":0,"max_hp_gain":0,"max_hp_loss":0,"event_name":"Wheel of Change","floor":14,"gold_loss":0}],"is_beta":false,"boss_relics":[],"items_purged_floors":[3],"is_endless":false,"potions_floor_spawned":[4,12,13],"killed_by":"The Guardian","ascension_level":16}