{"gold_per_floor":[109,122,47,47,59,59,88,88,88,98,133,133,143,157,157,157],"floor_reached":16,"playtime":1076,"items_purged":["Strike_R"],"score":174,"play_id":"68997b80-ac12-40c5-ab50-965611506f74","local_time":"20190317193106","is_ascension_mode":true,"campfire_choices":[{"data":"Seeing Red","floor":6,"key":"SMITH"},{"floor":8,"key":"REST"},{"data":"Pommel Strike","floor":12,"key":"SMITH"},{"floor":15,"key":"REST"}],"neow_cost":"NONE","seed_source_timestamp":323756713833249,"circlet_count":0,"master_deck":["AscendersBane","Strike_R","Strike_R","Strike_R","Defend_R","Defend_R","Defend_R","Defend_R","Bash+1","Sword Boomerang","Pummel","Limit Break","Seeing Red+1","Pommel Strike+1","Shrug It Off","Juggernaut+1","Warcry","Anger"],"relics":["Burning Blood","Mercury Hourglass","Frozen Egg 2","Bag of Marbles"],"potions_floor_usage":[11,11,13],"damage_taken":[{"damage":0,"enemies":"Small Slimes","floor":1,"turns":3},{"damage":6,"enemies":"Cultist","floor":2,"turns":4},{"damage":3,"enemies":"2 Louse","floor":5,"turns":3},{"damage":66,"enemies":"Gremlin Nob","floor":7,"turns":5},{"damage":12,"enemies":"Looter","floor":10,"turns":3},{"damage":18,"enemies":"Lagavulin","floor":11,"turns":5},{"damage":4,"enemies":"Red Slaver","floor":13,"turns":2},{"damage":1,"enemies":"Exordium Wildlife","floor":14,"turns":2},{"damage":67,"enemies":"Hexaghost","floor":16,"turns":10}],"seed_played":"-4938066677779718386","potions_obtained":[{"floor":5,"key":"Regen Potion"},{"floor":7,"key":"SkillPotion"},{"floor":10,"key":"Block Potion"},{"floor":11,"key":"AttackPotion"}],"is_trial":false,"path_per_floor":["M","M","$","?","M","R","E","R","T","M","E","R","M","M","R","B"],"character_chosen":"IRONCLAD","items_purchased":[],"campfire_rested":2,"item_purchase_floors":[],"current_hp_per_floor":[78,78,78,78,80,80,20,44,44,38,35,35,37,42,66,0],"gold":157,"neow_bonus":"UPGRADE_CARD","is_prod":false,"is_daily":false,"chose_seed":false,"campfire_upgraded":2,"win_rate":0,"timestamp":1552811466,"path_taken":["M","M","$","?","M","R","E","R","T","?","E","R","M","M","R","BOSS"],"build_version":"2019-01-23","purchased_purges":1,"victory":false,"max_hp_per_floor":[80,80,80,80,80,80,80,80,80,80,80,80,80,80,80,80],"card_choices":[{"not_picked":["Twin Strike","Clash"],"picked":"Sword Boomerang","floor":1},{"not_picked":["Thunderclap","Perfected Strike"],"picked":"Pummel","floor":2},{"not_picked":["Havoc","Sword Boomerang"],"picked":"Seeing Red","floor":5},{"not_picked":["Headbutt","Shrug It Off"],"picked":"Pommel Strike","floor":7},{"not_picked":["Sentinel","Pommel Strike"],"picked":"Shrug It Off","floor":10},{"not_picked":["Cleave","Body Slam"],"picked":"Juggernaut+1","floor":11},{"not_picked":["True Grit","Sword Boomerang"],"picked":"Warcry","floor":13},{"not_picked":["Heavy Blade","Perfected Strike"],"picked":"Anger","floor":14}],"player_experience":973708,"relics_obtained":[{"floor":7,"key":"Mercury Hourglass"},{"floor":9,"key":"Frozen Egg 2"},{"floor":11,"key":"Bag of Marbles"}],"event_choices":[{"damage_healed":0,"gold_gain":0,"cards_transformed":["Strike_R"],"player_choice":"Transformed","damage_taken":0,"max_hp_gain":0,"max_hp_loss":0,"event_name":"Transmorgrifier","floor":4,"gold_loss":0,"cards_obtained":["Limit Break"]}],"is_beta":false,"boss_relics":[],"items_purged_floors":[3],"is_endless":false,"potions_floor_spawned":[5,7,10,11],"killed_by":"Hexaghost","ascension_level":11}