{"gold_per_floor":[118,293,20,30,30,30,63,63,90,101,22,32,61,81,81,177,177,194,194,23,23,23,23,39,39,63,63,94,94,108,18,18,18],"floor_reached":33,"playtime":9796,"items_purged":["Doubt","Pain"],"score":459,"play_id":"a723c150-e166-46f2-baf6-c49c9df64469","local_time":"20190317223823","is_ascension_mode":true,"campfire_choices":[{"data":"Battle Trance","floor":6.0,"key":"SMITH"},{"data":"Heavy Blade","floor":15.0,"key":"SMITH"},{"floor":23.0,"key":"REST"},{"floor":25.0,"key":"REST"},{"floor":29.0,"key":"REST"},{"data":"Inflame","floor":32.0,"key":"SMITH"}],"neow_cost":"NONE","seed_source_timestamp":325754108464571,"circlet_count":0,"master_deck":["AscendersBane","Strike_R","Strike_R","Strike_R","Defend_R+1","Defend_R","Defend_R","Defend_R+1","Bash","Heavy Blade+1","Battle Trance+1","Disarm","Immolate","Flex","Inflame+1","Bludgeon","Whirlwind+1","Flex","Fiend Fire","Shame","Fiend Fire","Inflame","Inflame","Shame","Sentinel+1","RitualDagger","Reaper","Sentinel+1"],"special_seed":0,"relics":["Burning Blood","NeowsBlessing","Frozen Eye","Happy Flower","War Paint","Matryoshka","Calling Bell","Juzu Bracelet","Dodecahedron","Bird Faced Urn","PreservedInsect","Smiling Mask","Lantern","Dead Branch"],"potions_floor_usage":[33],"damage_taken":[{"damage":0.0,"enemies":"Small Slimes","floor":1.0,"turns":1.0},{"damage":0.0,"enemies":"Jaw Worm","floor":4.0,"turns":1.0},{"damage":0.0,"enemies":"3 Sentries","floor":7.0,"turns":2.0},{"damage":0.0,"enemies":"Cultist","floor":10.0,"turns":3.0},{"damage":7.0,"enemies":"Large Slime","floor":12.0,"turns":5.0},{"damage":10.0,"enemies":"Gremlin Nob","floor":13.0,"turns":3.0},{"damage":6.0,"enemies":"Blue Slaver","floor":14.0,"turns":2.0},{"damage":49.0,"enemies":"The Guardian","floor":16.0,"turns":13.0},{"damage":36.0,"enemies":"3 Byrds","floor":18.0,"turns":5.0},{"damage":34.0,"enemies":"Shell Parasite","floor":24.0,"turns":4.0},{"damage":38.0,"enemies":"Gremlin Leader","floor":28.0,"turns":5.0},{"damage":10.0,"enemies":"3 Cultists","floor":30.0,"turns":4.0},{"damage":97,"enemies":"Collector","floor":33,"turns":7}],"seed_played":"-971520320944679895","potions_obtained":[{"floor":4.0,"key":"Weak Potion"},{"floor":7.0,"key":"SpeedPotion"},{"floor":12.0,"key":"Explosive Potion"},{"floor":16.0,"key":"Strength Potion"},{"floor":28.0,"key":"SkillPotion"},{"floor":30.0,"key":"Regen Potion"}],"is_trial":false,"path_per_floor":["M","?","$","M","?","R","E","?","T","M","$","M","E","M","R","B",null,"M","?","$","?","?","R","M","R","T","?","E","R","M","?","R","B"],"character_chosen":"IRONCLAD","items_purchased":["Frozen Eye","Inflame","Inflame"],"campfire_rested":3,"item_purchase_floors":[3,11,20],"current_hp_per_floor":[78,78,78,80,80,80,80,73,73,79,79,78,74,74,74,31,68,40,40,40,40,40,64,40,64,64,58,28,52,56,56,56,0],"gold":18,"neow_bonus":"THREE_ENEMY_KILL","is_prod":false,"is_daily":false,"chose_seed":false,"campfire_upgraded":3,"win_rate":0,"timestamp":1552822703,"path_taken":["M","?","$","M","?","R","E","?","T","M","?","?","E","M","R","BOSS","M","?","$","?","?","R","M","R","T","?","E","R","M","?","R","BOSS"],"build_version":"2019-01-23","purchased_purges":2,"victory":false,"max_hp_per_floor":[80,80,80,80,80,80,80,80,80,80,80,80,80,80,80,80,80,80,80,80,80,80,80,80,80,80,80,80,80,80,80,80,80],"card_choices":[{"not_picked":["Armaments","True Grit"],"picked":"Heavy Blade","floor":1.0},{"not_picked":["Pommel Strike","Heavy Blade"],"picked":"Battle Trance","floor":4.0},{"not_picked":["Body Slam","Heavy Blade"],"picked":"Immolate","floor":7.0},{"not_picked":["Whirlwind","Shrug It Off"],"picked":"Flex","floor":10.0},{"not_picked":["Sword Boomerang","Metallicize"],"picked":"Bludgeon","floor":12.0},{"not_picked":["Thunderclap","Headbutt"],"picked":"Whirlwind","floor":13.0},{"not_picked":["Anger","Shrug It Off"],"picked":"Flex","floor":14.0},{"not_picked":["Barricade","Brutality"],"picked":"Fiend Fire","floor":16.0},{"not_picked":["Shrug It Off","Perfected Strike"],"picked":"Fiend Fire","floor":18.0},{"not_picked":["Cleave","Havoc"],"picked":"Sentinel+1","floor":24.0},{"not_picked":["Wild Strike","Pommel Strike+1"],"picked":"Reaper","floor":28.0},{"not_picked":["Wild Strike","Sword Boomerang"],"picked":"Sentinel+1","floor":30.0}],"player_experience":974784,"relics_obtained":[{"floor":7.0,"key":"Happy Flower"},{"floor":9.0,"key":"War Paint"},{"floor":13.0,"key":"Matryoshka"},{"floor":17.0,"key":"Juzu Bracelet"},{"floor":17.0,"key":"Dodecahedron"},{"floor":17.0,"key":"Bird Faced Urn"},{"floor":26.0,"key":"Smiling Mask"},{"floor":26.0,"key":"Lantern"},{"floor":28.0,"key":"Dead Branch"}],"event_choices":[{"damage_healed":0.0,"max_hp_gain":0.0,"max_hp_loss":0.0,"gold_gain":175.0,"event_name":"Liars Game","player_choice":"AGREE","floor":2.0,"gold_loss":0.0,"damage_taken":0.0,"cards_obtained":["Doubt"]},{"damage_healed":0.0,"max_hp_gain":0.0,"max_hp_loss":0.0,"gold_gain":0.0,"cards_transformed":["Strike_R"],"event_name":"Living Wall","player_choice":"Change","floor":5.0,"gold_loss":0.0,"damage_taken":0.0,"cards_obtained":["Disarm"]},{"cards_removed":["Strike_R"],"damage_healed":0.0,"max_hp_gain":0.0,"max_hp_loss":0.0,"gold_gain":0.0,"event_name":"Golden Wing","player_choice":"Card Removal","floor":8.0,"gold_loss":0.0,"damage_taken":7.0},{"damage_healed":0.0,"max_hp_gain":0.0,"max_hp_loss":0.0,"gold_gain":0.0,"event_name":"Duplicator","player_choice":"Copied","floor":19.0,"gold_loss":0.0,"damage_taken":0.0,"cards_obtained":["Inflame"]},{"damage_healed":0.0,"max_hp_gain":0.0,"max_hp_loss":0.0,"gold_gain":0.0,"event_name":"Addict","player_choice":"Stole Relic","floor":21.0,"gold_loss":0.0,"damage_taken":0.0,"relics_obtained":["PreservedInsect"],"cards_obtained":["Shame"]},{"damage_healed":0.0,"max_hp_gain":0.0,"max_hp_loss":0.0,"gold_gain":0.0,"event_name":"Beggar","player_choice":"Ignored","floor":22.0,"gold_loss":0.0,"damage_taken":0.0},{"damage_healed":0.0,"max_hp_gain":0.0,"max_hp_loss":0.0,"gold_gain":0.0,"event_name":"Nest","player_choice":"Joined the Cult","floor":27.0,"gold_loss":0.0,"damage_taken":6.0,"cards_obtained":["RitualDagger"]},{"cards_removed":["Pain"],"damage_healed":0.0,"max_hp_gain":0.0,"max_hp_loss":0.0,"gold_gain":0.0,"event_name":"Designer","player_choice":"Upgrade and Remove","floor":31.0,"gold_loss":90.0,"damage_taken":0.0,"cards_upgraded":["Whirlwind"]}],"is_beta":false,"boss_relics":[{"not_picked":["Snecko Eye","Runic Dome"],"picked":"Calling Bell"}],"items_purged_floors":[3,20],"is_endless":false,"potions_floor_spawned":[4,7,10,12,16,28,30],"killed_by":"Collector","ascension_level":11}