{"gold_per_floor":[115,128,128,147,37,37,212,226,305,305,13,13,31,63,63,162,162,172,172,191,208,208,208,208],"floor_reached":24,"playtime":3769,"items_purged":["Defend_B","Defend_B"],"score":235,"play_id":"8bb7c687-aaf9-4377-8764-00e0797e5ac6","local_time":"20190212231029","is_ascension_mode":true,"campfire_choices":[{"data":"Genetic Algorithm","floor":6,"key":"SMITH"},{"data":"Echo Form","floor":10,"key":"SMITH"},{"floor":15,"key":"REST"},{"floor":23,"key":"REST"}],"neow_cost":"NONE","seed_source_timestamp":621269658191126,"circlet_count":0,"master_deck":["Strike_B","Strike_B","Defend_B","Defend_B","Zap","Dualcast","Gash","Genetic Algorithm+1","Hologram","Self Repair","Echo Form+1","Conserve Battery","Auto Shields","Capacitor","Ball Lightning","Scrape","Electrodynamics","Redo","Skim+1","Decay"],"relics":["Cracked Core","Gremlin Horn","Bronze Scales","Empty Cage"],"potions_floor_usage":[8,14,16,21,21,21],"damage_taken":[{"damage":0,"enemies":"Cultist","floor":1,"turns":4},{"damage":2,"enemies":"Jaw Worm","floor":2,"turns":4},{"damage":0,"enemies":"Small Slimes","floor":4,"turns":2},{"damage":10,"enemies":"Red Slaver","floor":8,"turns":3},{"damage":13,"enemies":"Exordium Thugs","floor":13,"turns":5},{"damage":47,"enemies":"Gremlin Nob","floor":14,"turns":5},{"damage":15,"enemies":"Slime Boss","floor":16,"turns":9},{"damage":36,"enemies":"Shell Parasite","floor":18,"turns":6},{"damage":27,"enemies":"Spheric Guardian","floor":20,"turns":4},{"damage":16,"enemies":"Snake Plant","floor":21,"turns":4},{"damage":29,"enemies":"Gremlin Leader","floor":24,"turns":2}],"seed_played":"-1094267866304413429","potions_obtained":[{"floor":2,"key":"Ancient Potion"},{"floor":3,"key":"Energy Potion"},{"floor":3,"key":"Block Potion"},{"floor":13,"key":"FearPotion"},{"floor":14,"key":"SkillPotion"},{"floor":16,"key":"Strength Potion"}],"is_trial":false,"path_per_floor":["M","M","?","M","$","R","?","M","T","R","$","?","M","E","R","B",null,"M","?","M","M","?","R","E"],"character_chosen":"DEFECT","items_purchased":["Self Repair","Conserve Battery","Auto Shields","Capacitor"],"campfire_rested":2,"item_purchase_floors":[5,11,11,11],"current_hp_per_floor":[75,73,73,73,73,73,73,70,70,70,70,70,64,24,46,31,75,46,46,19,3,3,25,0],"gold":208,"neow_bonus":"REMOVE_CARD","is_prod":false,"is_daily":false,"chose_seed":false,"campfire_upgraded":2,"win_rate":0,"timestamp":1549973429,"path_taken":["M","M","?","?","$","R","?","M","T","R","$","?","?","E","R","BOSS","M","?","M","M","?","R","E"],"build_version":"2019-01-23","purchased_purges":2,"victory":false,"max_hp_per_floor":[75,75,75,75,75,75,75,75,75,75,75,75,75,75,75,75,75,75,75,75,75,75,75,75],"card_choices":[{"not_picked":["Compile Driver","Stack"],"picked":"Gash","floor":1},{"not_picked":["Stack","Barrage"],"picked":"Genetic Algorithm","floor":2},{"not_picked":["Ball Lightning","Darkness"],"picked":"Hologram","floor":4},{"not_picked":["Sunder","Hologram"],"picked":"Echo Form","floor":8},{"not_picked":["Cold Snap","Steam Power"],"picked":"Ball Lightning","floor":13},{"not_picked":["Multi-Cast","Beam Cell"],"picked":"Scrape","floor":14},{"not_picked":["Rainbow","Machine Learning"],"picked":"Electrodynamics","floor":16},{"not_picked":["Beam Cell+1","Auto Shields+1","Aggregate"],"picked":"SKIP","floor":18},{"not_picked":["Cold Snap","Scrape"],"picked":"Redo","floor":20},{"not_picked":["Storm","Coolheaded+1"],"picked":"Skim+1","floor":21}],"player_experience":446465,"relics_obtained":[{"floor":9,"key":"Gremlin Horn"},{"floor":14,"key":"Bronze Scales"}],"event_choices":[{"damage_healed":0,"gold_gain":0,"player_choice":"Got Potions","damage_taken":0,"max_hp_gain":0,"max_hp_loss":0,"event_name":"Lab","floor":3,"gold_loss":0},{"damage_healed":0,"gold_gain":175,"player_choice":"AGREE","damage_taken":0,"max_hp_gain":0,"max_hp_loss":0,"event_name":"Liars Game","floor":7,"gold_loss":0,"cards_obtained":["Doubt"]},{"damage_healed":0,"gold_gain":0,"cards_transformed":["Strike_B"],"player_choice":"Transformed","damage_taken":0,"max_hp_gain":0,"max_hp_loss":0,"event_name":"Transmorgrifier","floor":12,"gold_loss":0,"cards_obtained":["Hello World"]},{"damage_healed":0,"gold_gain":0,"player_choice":"Ignored","damage_taken":0,"max_hp_gain":0,"max_hp_loss":0,"event_name":"Vampires","floor":19,"gold_loss":0},{"damage_healed":0,"gold_gain":0,"player_choice":"Smashed Altar","damage_taken":0,"max_hp_gain":0,"max_hp_loss":0,"event_name":"Forgotten Altar","floor":22,"gold_loss":0,"cards_obtained":["Decay"]}],"is_beta":false,"boss_relics":[{"not_picked":["Busted Crown","Inserter"],"picked":"Empty Cage"}],"items_purged_floors":[5,11],"is_endless":false,"potions_floor_spawned":[2,13,14,16],"killed_by":"Gremlin Leader","ascension_level":4}