{"gold_per_floor":[114,130,20,35,35,60,11,11,38,50,50,69,102,116,116,214,214,227,238,89,101,32,32,49,49,49,81,81,110,110,125,125,226,226,237,253,253,51,67,67,92,108,108,118,118,118,118,128,128,128],"floor_reached":50,"playtime":11975,"items_purged":["Strike_G","Strike_G","Defend_G"],"score":549,"play_id":"9a3fcafc-a549-4150-9162-a205edbfa973","local_time":"20190107012351","is_ascension_mode":false,"campfire_choices":[{"floor":8,"key":"REST"},{"floor":11,"key":"REST"},{"data":"Catalyst","floor":15,"key":"SMITH"},{"floor":23,"key":"REST"},{"floor":28,"key":"REST"},{"floor":30,"key":"REST"},{"floor":32,"key":"REST"},{"floor":40,"key":"REST"},{"floor":45,"key":"REST"},{"floor":49,"key":"REST"}],"neow_cost":"NONE","seed_source_timestamp":189115072269930,"circlet_count":0,"master_deck":["Defend_G","Defend_G+1","Defend_G","Defend_G","Strike_G","Strike_G","Survivor","Neutralize","Poisoned Stab","Deadly Poison+1","Caltrops","Blur","Catalyst+1","Deadly Poison","Predator","Outmaneuver","Acrobatics","Choke","Backflip","Noxious Fumes","Tools of the Trade","Underhanded Strike","Finisher","Bane","Dodge and Roll+1","Eviscerate","Adrenaline","Sucker Punch+1","Leg Sweep+1","Bouncing Flask+1","Glass Knife","Dodge and Roll+1","Blade Dance+1","Flying Knee","Adrenaline+1","Crippling Poison+1","Infinite Blades+1","Terror+1","Backstab","Deflect+1","Noxious Fumes+1","Dark Shackles+1","Pain","Backflip+1","Deflect+1"],"relics":["Ring of the Snake","Lantern","Dream Catcher","Vajra","Strawberry","Philosopher\u0027s Stone","Letter Opener","Toxic Egg 2","FossilizedHelix","Lizard Tail","War Paint","Bottled Tornado","WarpedTongs"],"potions_floor_usage":[6,16,33,33,33,41,44,44],"damage_taken":[{"damage":0,"enemies":"Jaw Worm","floor":1,"turns":6},{"damage":1,"enemies":"Cultist","floor":2,"turns":3},{"damage":0,"enemies":"Small Slimes","floor":4,"turns":4},{"damage":33,"enemies":"Gremlin Nob","floor":6,"turns":5},{"damage":11,"enemies":"Exordium Thugs","floor":10,"turns":4},{"damage":0,"enemies":"Large Slime","floor":12,"turns":6},{"damage":16,"enemies":"Lagavulin","floor":13,"turns":7},{"damage":0,"enemies":"2 Fungi Beasts","floor":14,"turns":4},{"damage":43,"enemies":"Slime Boss","floor":16,"turns":6},{"damage":33,"enemies":"3 Byrds","floor":18,"turns":4},{"damage":3,"enemies":"Shell Parasite","floor":19,"turns":3},{"damage":6,"enemies":"Centurion and Healer","floor":21,"turns":5},{"damage":7,"enemies":"Cultist and Chosen","floor":24,"turns":7},{"damage":5,"enemies":"Gremlin Leader","floor":27,"turns":5},{"damage":39,"enemies":"Slavers","floor":29,"turns":5},{"damage":12,"enemies":"Snake Plant","floor":31,"turns":3},{"damage":17,"enemies":"Champ","floor":33,"turns":5},{"damage":45,"enemies":"3 Darklings","floor":35,"turns":4},{"damage":3,"enemies":"3 Shapes","floor":36,"turns":4},{"damage":12,"enemies":"Jaw Worm Horde","floor":39,"turns":3},{"damage":35,"enemies":"Giant Head","floor":41,"turns":7},{"damage":14,"enemies":"Transient","floor":42,"turns":5},{"damage":37,"enemies":"Writhing Mass","floor":44,"turns":6},{"damage":1,"enemies":"Maw","floor":48,"turns":5},{"damage":49,"enemies":"Time Eater","floor":50,"turns":8}],"seed_played":"8494035121111001786","potions_obtained":[{"floor":2,"key":"Dexterity Potion"},{"floor":6,"key":"SteroidPotion"},{"floor":14,"key":"Regen Potion"},{"floor":16,"key":"AttackPotion"},{"floor":19,"key":"SteroidPotion"},{"floor":27,"key":"Swift Potion"},{"floor":33,"key":"Strength Potion"},{"floor":41,"key":"LiquidBronze"},{"floor":42,"key":"Dexterity Potion"}],"is_trial":false,"path_per_floor":["M","M","$","M","?","E","$","R","T","M","R","M","E","M","R","B",null,"M","M","$","M","$","R","M","$","T","E","R","E","R","M","R","B",null,"M","M","?","$","M","R","E","M","T","M","R","?","?","M","R","B"],"character_chosen":"THE_SILENT","items_purchased":["Caltrops","Deadly Poison","Bane","Eviscerate","Terror+1"],"campfire_rested":9,"item_purchase_floors":[3,7,20,22,38],"current_hp_per_floor":[70,69,69,69,62,29,29,50,50,39,60,60,51,51,51,22,77,44,41,41,35,35,58,51,51,51,46,69,30,53,41,64,47,77,32,29,29,29,17,40,5,38,38,1,24,24,24,23,46,0],"gold":128,"neow_bonus":"RANDOM_COMMON_RELIC","is_prod":false,"is_daily":false,"chose_seed":false,"campfire_upgraded":1,"win_rate":0.0,"timestamp":1546784631,"path_taken":["M","M","$","M","?","E","?","R","T","?","R","M","E","M","R","BOSS","M","M","$","M","$","R","M","$","T","E","R","E","R","M","R","BOSS","M","M","?","?","M","R","E","M","T","M","R","?","?","M","R","BOSS"],"build_version":"2019-01-03v4","purchased_purges":3,"victory":false,"max_hp_per_floor":[70,70,70,70,70,70,70,70,70,70,70,70,77,77,77,77,77,77,77,77,77,77,77,77,77,77,77,77,77,77,77,77,77,77,77,77,77,77,77,77,77,77,77,77,77,77,77,77,77,77],"card_choices":[{"not_picked":["All Out Attack","Dagger Throw"],"picked":"Poisoned Stab","floor":1},{"not_picked":["Dagger Spray","Dodge and Roll"],"picked":"Deadly Poison","floor":2},{"not_picked":["Dagger Throw","Deflect"],"picked":"Blur","floor":4},{"not_picked":["After Image","Blur"],"picked":"Catalyst","floor":6},{"not_picked":["Dagger Throw","Escape Plan"],"picked":"Predator","floor":8},{"not_picked":["Deadly Poison","Reflex"],"picked":"Outmaneuver","floor":10},{"not_picked":["Poisoned Stab","Blade Dance"],"picked":"Acrobatics","floor":11},{"not_picked":["Outmaneuver","Dagger Throw"],"picked":"Choke","floor":12},{"not_picked":["Outmaneuver","Deadly Poison"],"picked":"Backflip","floor":13},{"not_picked":["Catalyst","Backflip"],"picked":"Noxious Fumes","floor":14},{"not_picked":["Phantasmal Killer","Doppelganger"],"picked":"Tools of the Trade","floor":16},{"not_picked":["Blade Dance","Tactician"],"picked":"Underhanded Strike","floor":18},{"not_picked":["Deflect","Prepared"],"picked":"Finisher","floor":19},{"not_picked":["Caltrops+1","PiercingWail+1"],"picked":"Dodge and Roll+1","floor":21},{"not_picked":["Backflip+1","Deflect"],"picked":"Adrenaline","floor":23},{"not_picked":["Slice","Bane"],"picked":"Sucker Punch+1","floor":24},{"not_picked":["Backflip","Deadly Poison+1"],"picked":"Leg Sweep+1","floor":27},{"not_picked":["Deadly Poison+1","Quick Slash"],"picked":"Bouncing Flask+1","floor":28},{"not_picked":["Backflip+1","Poisoned Stab"],"picked":"Glass Knife","floor":29},{"not_picked":["Flechettes","Dagger Spray"],"picked":"Dodge and Roll+1","floor":30},{"not_picked":["Prepared+1","Flying Knee"],"picked":"Blade Dance+1","floor":31},{"not_picked":["Escape Plan+1","Reflex+1"],"picked":"Flying Knee","floor":32},{"not_picked":["Night Terror+1","Phantasmal Killer+1"],"picked":"Adrenaline+1","floor":33},{"not_picked":["Riddle With Holes+1","Dagger Throw"],"picked":"Crippling Poison+1","floor":35},{"not_picked":["Deadly Poison+1","Choke"],"picked":"Infinite Blades+1","floor":36},{"not_picked":["Sucker Punch","Glass Knife","Dagger Spray+1"],"picked":"SKIP","floor":39},{"not_picked":["Noxious Fumes+1","Eviscerate"],"picked":"Backstab","floor":40},{"not_picked":["Bane","Prepared+1","Dagger Throw"],"picked":"SKIP","floor":41},{"not_picked":["PiercingWail+1","Backflip+1","Deadly Poison+1"],"picked":"SKIP","floor":42},{"not_picked":["Blade Dance+1","Quick Slash+1"],"picked":"Deflect+1","floor":44},{"not_picked":["Sucker Punch","Acrobatics+1"],"picked":"Noxious Fumes+1","floor":45},{"not_picked":["Transmutation+1","Madness+1"],"picked":"Dark Shackles+1","floor":46},{"not_picked":["Acrobatics+1","Poisoned Stab+1"],"picked":"Backflip+1","floor":48},{"not_picked":["Deadly Poison+1","Outmaneuver+1"],"picked":"Deflect+1","floor":49}],"player_experience":82792,"relics_obtained":[{"floor":6,"key":"Dream Catcher"},{"floor":9,"key":"Vajra"},{"floor":13,"key":"Strawberry"},{"floor":26,"key":"Letter Opener"},{"floor":27,"key":"Toxic Egg 2"},{"floor":29,"key":"FossilizedHelix"},{"floor":41,"key":"War Paint"},{"floor":43,"key":"Bottled Tornado"}],"event_choices":[{"cards_removed":["Strike_G"],"damage_healed":0,"gold_gain":0,"player_choice":"Card Removal","damage_taken":7,"max_hp_gain":0,"max_hp_loss":0,"event_name":"Golden Wing","floor":5,"gold_loss":0},{"damage_healed":0,"gold_gain":0,"player_choice":"Ignored","damage_taken":0,"max_hp_gain":0,"max_hp_loss":0,"event_name":"NoteForYourself","floor":37,"gold_loss":0},{"damage_healed":0,"gold_gain":0,"player_choice":"Memory 1","damage_taken":0,"max_hp_gain":0,"max_hp_loss":0,"event_name":"SensoryStone","floor":46,"gold_loss":0},{"damage_healed":0,"gold_gain":0,"player_choice":"Rummage","damage_taken":0,"relics_obtained":["WarpedTongs"],"max_hp_gain":0,"max_hp_loss":0,"event_name":"Accursed Blacksmith","floor":47,"gold_loss":0,"cards_obtained":["Pain"]}],"is_beta":false,"boss_relics":[{"not_picked":["Sozu","Ring of the Serpent"],"picked":"Philosopher\u0027s Stone"},{"not_picked":["Tiny House","Coffee Dripper"],"picked":"Lizard Tail"}],"items_purged_floors":[3,20,38],"is_endless":false,"potions_floor_spawned":[2,6,14,16,19,24,27,33,41,42],"killed_by":"Time Eater","ascension_level":0}