{"gold_per_floor":[112,123,48,48,48,48,63,63,63,0,17,17,17,30,30,109,109,125,125,135,135],"floor_reached":21,"playtime":1007,"items_purged":["Regret"],"score":296,"play_id":"4bd005cd-ff88-4de5-a9bd-b6b4d913f545","local_time":"20190619210225","is_ascension_mode":true,"campfire_choices":[{"data":"Chaos","floor":6.0,"key":"SMITH"},{"data":"Zap","floor":8.0,"key":"SMITH"},{"data":"Leap","floor":12.0,"key":"SMITH"},{"floor":15.0,"key":"REST"}],"neow_cost":"NONE","seed_source_timestamp":15548890669537,"circlet_count":0,"master_deck":["AscendersBane","Strike_B","Strike_B+1","Strike_B","Strike_B","Defend_B","Defend_B","Defend_B","Defend_B","Zap+1","Dualcast","Parasite","Leap+1","Gash+1","Chaos+1","All For One","Gash","Glacier","Echo Form","Sunder","Steam+1"],"special_seed":0,"relics":["Calling Bell","Dream Catcher","Shuriken","Torii","Meat on the Bone","Ancient Tea Set","Nuclear Battery"],"potions_floor_usage":[16,21,21],"damage_taken":[{"damage":7.0,"enemies":"2 Louse","floor":1.0,"turns":5.0},{"damage":9.0,"enemies":"Cultist","floor":2.0,"turns":5.0},{"damage":1.0,"enemies":"Jaw Worm","floor":7.0,"turns":4.0},{"damage":3.0,"enemies":"Red Slaver","floor":11.0,"turns":3.0},{"damage":10.0,"enemies":"Exordium Thugs","floor":14.0,"turns":4.0},{"damage":18,"enemies":"The Guardian","floor":16,"turns":10},{"damage":14,"enemies":"Spheric Guardian","floor":18,"turns":6},{"damage":22,"enemies":"2 Thieves","floor":20,"turns":4},{"damage":50,"enemies":"Masked Bandits","floor":21,"turns":3}],"seed_played":"4474172740920074434","potions_obtained":[{"floor":2.0,"key":"FocusPotion"},{"floor":14.0,"key":"Poison Potion"},{"floor":20,"key":"PowerPotion"}],"is_trial":false,"path_per_floor":["M","M","$","?","?","R","M","R","T","?","M","R","$","M","R","B",null,"M","?","M","?"],"character_chosen":"DEFECT","items_purchased":[],"campfire_rested":1,"item_purchase_floors":[],"current_hp_per_floor":[57,48,48,27,27,27,26,26,26,26,35,35,35,37,58,40,63,49,49,39,0],"gold":135,"neow_bonus":"BOSS_RELIC","is_prod":false,"is_daily":false,"chose_seed":false,"campfire_upgraded":3,"win_rate":0,"timestamp":1560970945,"path_taken":["M","M","$","?","?","R","?","R","T","?","?","R","?","M","R","BOSS","M","?","?","?"],"build_version":"2019-01-23","purchased_purges":1,"victory":false,"max_hp_per_floor":[71,71,71,71,71,71,71,71,71,71,71,71,71,71,71,71,71,71,71,71,71],"card_choices":[{"not_picked":["Turbo","Go for the Eyes"],"picked":"Leap","floor":1.0},{"not_picked":["Consume","Auto Shields"],"picked":"Gash","floor":2.0},{"not_picked":["Static Discharge","Turbo"],"picked":"Gash","floor":7.0},{"not_picked":["Force Field","Beam Cell","BootSequence"],"picked":"SKIP","floor":11.0},{"not_picked":["Force Field","Beam Cell","BootSequence"],"picked":"SKIP","floor":11.0},{"not_picked":["Steam Power","Fusion","Melter"],"picked":"SKIP","floor":14.0},{"not_picked":["Hologram","Loop"],"picked":"Glacier","floor":15.0},{"not_picked":["Biased Cognition","All For One"],"picked":"Echo Form","floor":16},{"not_picked":["Conserve Battery","Steam"],"picked":"Sunder","floor":18},{"not_picked":["Streamline+1","Ball Lightning"],"picked":"Steam+1","floor":20}],"player_experience":788469,"relics_obtained":[{"floor":0.0,"key":"Dream Catcher"},{"floor":0.0,"key":"Shuriken"},{"floor":0.0,"key":"Torii"},{"floor":9.0,"key":"Meat on the Bone"}],"event_choices":[{"damage_healed":0.0,"max_hp_gain":0.0,"max_hp_loss":0.0,"gold_gain":0.0,"event_name":"Shining Light","player_choice":"Entered Light","floor":4.0,"gold_loss":0.0,"damage_taken":21.0,"cards_upgraded":["Strike_B","Gash"]},{"damage_healed":0.0,"max_hp_gain":0.0,"max_hp_loss":0.0,"gold_gain":0.0,"event_name":"Match and Keep!","player_choice":"2 cards matched","floor":5.0,"gold_loss":0.0,"damage_taken":0.0,"cards_obtained":["Chaos","All For One"]},{"damage_healed":0.0,"max_hp_gain":0.0,"max_hp_loss":0.0,"gold_gain":0.0,"event_name":"WeMeetAgain","player_choice":"Paid Gold","floor":10.0,"gold_loss":63.0,"damage_taken":0.0,"relics_obtained":["Ancient Tea Set"]},{"cards_removed":["Regret"],"damage_healed":0,"gold_gain":0,"player_choice":"Purged","damage_taken":0,"max_hp_gain":0,"max_hp_loss":0,"event_name":"Purifier","floor":19,"gold_loss":0},{"damage_healed":0,"gold_gain":0,"player_choice":"Fought Bandits","damage_taken":0,"max_hp_gain":0,"max_hp_loss":0,"event_name":"Masked Bandits","floor":21,"gold_loss":0}],"is_beta":false,"boss_relics":[{"not_picked":["Philosopher\u0027s Stone","Cursed Key"],"picked":"Nuclear Battery"}],"items_purged_floors":[3],"is_endless":false,"potions_floor_spawned":[2,14,20],"killed_by":"Masked Bandits","ascension_level":15}