{"gold_per_floor":[16,16,16,26,39,67,67,82,162,162,162,29,62,33,33,108,108,125,125,22,34,47,47,76,76,76,21,46,59,59,75,75,75],"floor_reached":33,"playtime":2011,"items_purged":["Strike_R"],"score":527,"play_id":"063a3ce9-5fbd-4b6d-86ec-df565037e642","local_time":"20190529045544","is_ascension_mode":true,"campfire_choices":[{"data":"Bash","floor":7,"key":"SMITH"},{"floor":10,"key":"REST"},{"floor":15,"key":"REST"},{"floor":23,"key":"RECALL"},{"floor":25,"key":"REST"},{"floor":32,"key":"REST"}],"neow_cost":"NO_GOLD","seed_source_timestamp":42789624925606,"circlet_count":0,"master_deck":["AscendersBane","Strike_R+1","Strike_R+1","Defend_R","Defend_R","Defend_R","Defend_R","Bash+1","Reaper+1","Pommel Strike","Battle Trance","Shockwave","Metallicize","Feel No Pain+1","Armaments","Flex","True Grit","Offering","Shrug It Off+1","Thunderclap","Clothesline","Cleave","True Grit","Feed","Warcry","Sentinel"],"relics":["Burning Blood","Incense Burner","Sundial","Whetstone","Fusion Hammer","Bronze Scales","Lantern","Shuriken"],"potions_floor_usage":[13,16,16,31,33,33],"damage_taken":[{"damage":12,"enemies":"Cultist","floor":1,"turns":6},{"damage":10,"enemies":"Small Slimes","floor":4,"turns":4},{"damage":11,"enemies":"2 Louse","floor":5,"turns":3},{"damage":40,"enemies":"3 Sentries","floor":6,"turns":14},{"damage":18,"enemies":"Red Slaver","floor":8,"turns":7},{"damage":22,"enemies":"Lagavulin","floor":13,"turns":9},{"damage":50,"enemies":"Slime Boss","floor":16,"turns":24},{"damage":10,"enemies":"Chosen","floor":18,"turns":7},{"damage":6,"enemies":"3 Byrds","floor":21,"turns":7},{"damage":15,"enemies":"Centurion and Healer","floor":22,"turns":8},{"damage":60,"enemies":"Book of Stabbing","floor":24,"turns":9},{"damage":26,"enemies":"Slavers","floor":28,"turns":5},{"damage":1,"enemies":"Chosen and Byrds","floor":29,"turns":7},{"damage":0,"enemies":"Snake Plant","floor":31,"turns":6},{"damage":96,"enemies":"Automaton","floor":33,"turns":12}],"seed_played":"3361377293837464349","potions_obtained":[{"floor":4,"key":"Explosive Potion"},{"floor":6,"key":"Dexterity Potion"},{"floor":13,"key":"Fire Potion"},{"floor":18,"key":"SteroidPotion"},{"floor":29,"key":"Strength Potion"},{"floor":31,"key":"Poison Potion"}],"is_trial":false,"path_per_floor":["M","?","?","M","M","E","R","M","T","R","?","$","E","$","R","B",null,"M","?","$","M","M","R","E","R","T","$","E","M","?","M","R","B"],"character_chosen":"IRONCLAD","items_purchased":["Feel No Pain","Armaments","True Grit","Thunderclap","SkillPotion"],"campfire_rested":4,"item_purchase_floors":[12,12,14,20,27],"current_hp_per_floor":[66,59,59,63,66,41,41,35,35,57,57,57,48,48,70,43,67,70,70,70,75,75,75,28,50,50,50,51,66,66,77,78,0],"gold":75,"neow_bonus":"THREE_RARE_CARDS","is_prod":false,"is_daily":false,"chose_seed":false,"campfire_upgraded":1,"win_rate":0,"timestamp":1559098544,"path_taken":["M","?","?","?","M","E","R","M","T","R","?","$","E","$","R","BOSS","M","?","$","?","M","R","E","R","T","$","E","M","?","M","R","BOSS"],"build_version":"2019-01-23","purchased_purges":1,"victory":false,"max_hp_per_floor":[75,75,75,75,75,75,75,75,75,75,75,75,75,75,75,75,75,75,75,75,75,75,75,75,75,75,75,75,78,78,78,78,78],"card_choices":[{"not_picked":["Exhume","Bludgeon"],"picked":"Reaper","floor":0},{"not_picked":["Power Through","Wild Strike"],"picked":"Pommel Strike","floor":1},{"not_picked":["Metallicize","Pommel Strike"],"picked":"Battle Trance","floor":4},{"not_picked":["Heavy Blade","Sword Boomerang"],"picked":"Shockwave","floor":5},{"not_picked":["Disarm","Dual Wield"],"picked":"Metallicize","floor":6},{"not_picked":["Uppercut","Pommel Strike","Berserk"],"picked":"SKIP","floor":8},{"not_picked":["Infernal Blade","Spot Weakness"],"picked":"Flex","floor":13},{"not_picked":["Bludgeon","Juggernaut"],"picked":"Offering","floor":16},{"not_picked":["Metallicize","Hemokinesis"],"picked":"Shrug It Off+1","floor":18},{"not_picked":["Anger","Battle Trance"],"picked":"Clothesline","floor":21},{"not_picked":["Twin Strike","Havoc"],"picked":"Cleave","floor":22},{"not_picked":["Ghostly Armor","Twin Strike"],"picked":"True Grit","floor":24},{"not_picked":["Blood for Blood","Iron Wave"],"picked":"Feed","floor":28},{"not_picked":["Cleave+1","Clothesline"],"picked":"Warcry","floor":29},{"not_picked":["Cleave","Entrench"],"picked":"Sentinel","floor":31}],"player_experience":704101,"relics_obtained":[{"floor":6,"key":"Incense Burner"},{"floor":9,"key":"Sundial"},{"floor":13,"key":"Whetstone"},{"floor":24,"key":"Bronze Scales"},{"floor":26,"key":"Lantern"},{"floor":28,"key":"Shuriken"}],"event_choices":[{"cards_removed":["Strike_R"],"damage_healed":0,"gold_gain":0,"player_choice":"Card Removal","damage_taken":7,"max_hp_gain":0,"max_hp_loss":0,"event_name":"Golden Wing","floor":2,"gold_loss":0},{"cards_removed":["Strike_R"],"damage_healed":0,"gold_gain":0,"player_choice":"Purged","damage_taken":0,"max_hp_gain":0,"max_hp_loss":0,"event_name":"Purifier","floor":3,"gold_loss":0},{"damage_healed":0,"gold_gain":0,"player_choice":"Upgraded","damage_taken":0,"max_hp_gain":0,"max_hp_loss":0,"event_name":"Upgrade Shrine","floor":11,"gold_loss":0,"cards_upgraded":["Reaper"]},{"damage_healed":0,"gold_gain":0,"player_choice":"Upgraded","damage_taken":0,"max_hp_gain":0,"max_hp_loss":0,"event_name":"Upgrade Shrine","floor":19,"gold_loss":0,"cards_upgraded":["Feel No Pain"]},{"damage_healed":0,"gold_gain":0,"player_choice":"Ignored","damage_taken":0,"max_hp_gain":0,"max_hp_loss":0,"event_name":"Beggar","floor":30,"gold_loss":0}],"is_beta":false,"boss_relics":[{"not_picked":["Black Blood","Ectoplasm"],"picked":"Fusion Hammer"}],"items_purged_floors":[20],"is_endless":false,"potions_floor_spawned":[4,6,8,13,18,29,31],"killed_by":"Automaton","ascension_level":16}