{"gold_per_floor":[114,40,140,61,136,136,154,180,203,230,244,275,37,65,65,170,170,180,180,170,26,26],"floor_reached":22,"playtime":1296,"items_purged":["Strike_R"],"score":231,"play_id":"d7344a11-cbed-497d-8745-0f748148867f","local_time":"20190605002655","is_ascension_mode":true,"campfire_choices":[{"data":"Corruption","floor":6,"key":"SMITH"},{"floor":15,"key":"REST"}],"neow_cost":"NONE","seed_source_timestamp":126314280306192,"circlet_count":0,"master_deck":["Strike_R","Strike_R","Strike_R","Defend_R","Defend_R","Defend_R","Defend_R","Bash","Corruption+1","Hemokinesis","Thunderclap","Rampage","Anger","Metallicize","Shrug It Off","Armaments","Cleave","Demon Form","Shrug It Off","Shrug It Off","Shockwave","Anger","Anger","True Grit","Metallicize"],"relics":["Burning Blood","Boot","Dream Catcher","Darkstone Periapt","Oddly Smooth Stone","Pantograph","Anchor","Orrery"],"potions_floor_usage":[12,12,14,18,20,22,22],"damage_taken":[{"damage":0,"enemies":"Small Slimes","floor":1,"turns":4},{"damage":3,"enemies":"Cultist","floor":7,"turns":2},{"damage":40,"enemies":"3 Sentries","floor":8,"turns":9},{"damage":18,"enemies":"Gremlin Nob","floor":10,"turns":4},{"damage":0,"enemies":"2 Louse","floor":11,"turns":3},{"damage":11,"enemies":"Lagavulin","floor":12,"turns":6},{"damage":30,"enemies":"3 Sentries","floor":14,"turns":9},{"damage":31,"enemies":"Slime Boss","floor":16,"turns":13},{"damage":23,"enemies":"Spheric Guardian","floor":18,"turns":7},{"damage":5,"enemies":"2 Thieves","floor":20,"turns":4},{"damage":73,"enemies":"Masked Bandits","floor":22,"turns":4}],"seed_played":"148939947552919439","potions_obtained":[{"floor":1,"key":"Block Potion"},{"floor":7,"key":"Dexterity Potion"},{"floor":11,"key":"BloodPotion"},{"floor":14,"key":"SpeedPotion"},{"floor":16,"key":"EssenceOfSteel"},{"floor":18,"key":"Ancient Potion"},{"floor":20,"key":"SkillPotion"}],"is_trial":false,"path_per_floor":["?","$","?","M","?","M","?"],"character_chosen":"IRONCLAD","items_purchased":["Corruption","Hemokinesis","Pantograph","Metallicize"],"campfire_rested":1,"item_purchase_floors":[2,4,13,21],"current_hp_per_floor":[88,88,88,88,77,77,80,46,46,34,40,35,35,19,45,45,88,71,71,72,72,0],"gold":26,"neow_bonus":"TEN_PERCENT_HP_BONUS","is_prod":false,"is_daily":false,"chose_seed":false,"campfire_upgraded":1,"win_rate":1,"timestamp":1559687215,"path_taken":["M","$","?","?","?","R","?","E","T","E","M","E","$","E","R","BOSS","M","?","?","$","?"],"build_version":"2019-01-23","purchased_purges":1,"victory":false,"max_hp_per_floor":[88,88,88,88,88,88,88,88,88,88,88,88,88,88,88,88,88,88,88,88,88,88],"card_choices":[{"not_picked":["Rupture","Warcry","Power Through"],"picked":"SKIP","floor":1},{"not_picked":["Searing Blow","Clash"],"picked":"Thunderclap","floor":7},{"not_picked":["Shrug It Off","Fire Breathing"],"picked":"Rampage","floor":8},{"not_picked":["Armaments","Rupture"],"picked":"Anger","floor":10},{"not_picked":["Perfected Strike","Thunderclap"],"picked":"Metallicize","floor":11},{"not_picked":["Warcry","Whirlwind"],"picked":"Shrug It Off","floor":12},{"not_picked":["Twin Strike","Sever Soul"],"picked":"Armaments","floor":14},{"not_picked":["Armaments","Pummel"],"picked":"Cleave","floor":15},{"not_picked":["Feed","Impervious"],"picked":"Demon Form","floor":16},{"not_picked":["Combust","Thunderclap"],"picked":"Shrug It Off","floor":17},{"not_picked":["Armaments","Warcry"],"picked":"Shrug It Off","floor":17},{"not_picked":["Anger","Perfected Strike"],"picked":"Shockwave","floor":17},{"not_picked":["Reckless Charge","Body Slam"],"picked":"Anger","floor":17},{"not_picked":["Body Slam","Warcry"],"picked":"Anger","floor":17},{"not_picked":["Cleave","Anger+1","Searing Blow"],"picked":"SKIP","floor":18},{"not_picked":["Entrench","Rampage+1"],"picked":"True Grit","floor":20}],"player_experience":9328,"relics_obtained":[{"floor":8,"key":"Boot"},{"floor":9,"key":"Dream Catcher"},{"floor":10,"key":"Darkstone Periapt"},{"floor":12,"key":"Oddly Smooth Stone"},{"floor":14,"key":"Anchor"}],"event_choices":[{"damage_healed":0,"gold_gain":100,"player_choice":"Pray","damage_taken":0,"max_hp_gain":0,"max_hp_loss":0,"event_name":"Golden Shrine","floor":3,"gold_loss":0},{"damage_healed":0,"gold_gain":75,"player_choice":"Gather Gold","damage_taken":11,"max_hp_gain":0,"max_hp_loss":0,"event_name":"World of Goop","floor":5,"gold_loss":0},{"cards_removed":["Strike_R"],"damage_healed":0,"gold_gain":0,"player_choice":"Offered Basic","damage_taken":0,"max_hp_gain":0,"max_hp_loss":0,"event_name":"Bonfire Elementals","floor":19,"gold_loss":0},{"damage_healed":0,"gold_gain":0,"player_choice":"Fought Bandits","damage_taken":0,"max_hp_gain":0,"max_hp_loss":0,"event_name":"Masked Bandits","floor":22,"gold_loss":0}],"is_beta":false,"boss_relics":[{"not_picked":["Runic Dome","Black Blood"],"picked":"Orrery"}],"items_purged_floors":[21],"is_endless":false,"potions_floor_spawned":[1,7,11,14,16,18,20],"killed_by":"Masked Bandits","ascension_level":2}