{"gold_per_floor":[110,185,185,110,124,124,154,173,173,184,217,231,87,87,87,190,190,202,202,4,4,18,18,33,53,53,53],"floor_reached":27,"playtime":1648,"items_purged":["Strike_R"],"score":275,"play_id":"1ed83486-3267-40e8-8fa6-06eee43216cf","local_time":"20190530232620","is_ascension_mode":false,"campfire_choices":[{"floor":6.0,"key":"RECALL"},{"floor":15.0,"key":"REST"},{"floor":23.0,"key":"REST"}],"neow_cost":"NONE","seed_source_timestamp":106957370828697,"circlet_count":0,"master_deck":["Strike_R","Strike_R","Strike_R","Strike_R","Defend_R","Defend_R","Defend_R","Defend_R","Bash","Iron Wave","Anger","Twin Strike","Flex+1","Rupture","Flame Barrier","True Grit","Infernal Blade+1","Dark Embrace","Warcry","Barricade","Iron Wave","Rampage","Spot Weakness","Inflame","Iron Wave","Dual Wield","Inflame","RitualDagger","Combust","Hemokinesis","Combust","Twin Strike","Flame Barrier+1","Iron Wave+1"],"special_seed":0,"relics":["Burning Blood","NeowsBlessing","Magic Flower","Prayer Wheel","Bottled Tornado","Bottled Flame","Anchor","Orrery","Toy Ornithopter"],"potions_floor_usage":[25,25],"damage_taken":[{"damage":0.0,"enemies":"2 Louse","floor":1.0,"turns":1.0},{"damage":0.0,"enemies":"Jaw Worm","floor":5.0,"turns":1.0},{"damage":0.0,"enemies":"Gremlin Nob","floor":7.0,"turns":1.0},{"damage":0.0,"enemies":"Cultist","floor":8.0,"turns":3.0},{"damage":12.0,"enemies":"2 Fungi Beasts","floor":10.0,"turns":3.0},{"damage":30.0,"enemies":"Lagavulin","floor":11.0,"turns":9.0},{"damage":0.0,"enemies":"3 Louse","floor":12.0,"turns":3.0},{"damage":50.0,"enemies":"Slime Boss","floor":16.0,"turns":10.0},{"damage":13.0,"enemies":"Spheric Guardian","floor":18.0,"turns":4.0},{"damage":0.0,"enemies":"3 Byrds","floor":21.0,"turns":2.0},{"damage":67.0,"enemies":"Sentry and Sphere","floor":22.0,"turns":7.0},{"damage":19.0,"enemies":"Snake Plant","floor":24.0,"turns":4.0},{"damage":45,"enemies":"Snecko","floor":25,"turns":6},{"damage":19,"enemies":"Cultist and Chosen","floor":27,"turns":4}],"seed_played":"1856575701561571721","potions_obtained":[{"floor":5.0,"key":"Regen Potion"},{"floor":8.0,"key":"SpeedPotion"},{"floor":11.0,"key":"Block Potion"},{"floor":12.0,"key":"SmokeBomb"},{"floor":18.0,"key":"Poison Potion"},{"floor":24.0,"key":"Dexterity Potion"}],"is_trial":false,"path_per_floor":["M","?","?","$","M","R","E","M","T","M","E","M","$","?","R","B",null,"M","?","$","M","M","R","M","M","T","M"],"character_chosen":"IRONCLAD","items_purchased":["Anchor","Toy Ornithopter"],"campfire_rested":2,"item_purchase_floors":[13,20],"current_hp_per_floor":[80,69,36,36,45,45,54,63,63,60,39,48,48,32,56,15,80,76,70,70,80,22,46,36,16,16,0],"gold":53,"neow_bonus":"THREE_ENEMY_KILL","is_prod":false,"is_daily":false,"chose_seed":false,"campfire_upgraded":0,"win_rate":0,"timestamp":1559222780,"path_taken":["M","?","?","?","M","R","E","?","T","M","E","M","$","?","R","BOSS","M","?","$","M","M","R","M","M","T","M"],"build_version":"2019-01-23","purchased_purges":1,"victory":false,"max_hp_per_floor":[80,80,80,80,80,80,80,80,80,80,80,80,80,80,80,80,80,80,80,80,80,80,80,80,80,80,80],"card_choices":[{"not_picked":["Armaments","Havoc"],"picked":"Iron Wave","floor":1.0},{"not_picked":["Clash","Perfected Strike"],"picked":"Anger","floor":5.0},{"not_picked":["Rampage","Headbutt"],"picked":"Twin Strike","floor":7.0},{"not_picked":["Infernal Blade","Sword Boomerang"],"picked":"Flex","floor":8.0},{"not_picked":["Warcry","Perfected Strike"],"picked":"Rupture","floor":8.0},{"not_picked":["Rage","True Grit"],"picked":"Flame Barrier","floor":10.0},{"not_picked":["Iron Wave","Thunderclap"],"picked":"True Grit","floor":10.0},{"not_picked":["Warcry","Sentinel"],"picked":"Infernal Blade","floor":11.0},{"not_picked":["Flame Barrier","Cleave"],"picked":"Dark Embrace","floor":12.0},{"not_picked":["Warcry","Perfected Strike","Searing Blow"],"picked":"SKIP","floor":12.0},{"not_picked":["Perfected Strike","Searing Blow"],"picked":"Warcry","floor":12.0},{"not_picked":["Bludgeon","Offering"],"picked":"Barricade","floor":16.0},{"not_picked":["Sword Boomerang","Perfected Strike"],"picked":"Iron Wave","floor":17.0},{"not_picked":["Headbutt","Seeing Red"],"picked":"Rampage","floor":17.0},{"not_picked":["Anger","Feel No Pain"],"picked":"Spot Weakness","floor":17.0},{"not_picked":["Feel No Pain","Flame Barrier"],"picked":"Inflame","floor":17.0},{"not_picked":["Clash","Clothesline"],"picked":"Iron Wave","floor":17.0},{"not_picked":["Flex","Inflame+1"],"picked":"Dual Wield","floor":18.0},{"not_picked":["True Grit","Thunderclap"],"picked":"Inflame","floor":18.0},{"not_picked":["Blood for Blood+1","Entrench"],"picked":"Combust","floor":22.0},{"not_picked":["Havoc+1","Dual Wield"],"picked":"Hemokinesis","floor":22.0},{"not_picked":["Cleave+1","Twin Strike"],"picked":"Combust","floor":24.0},{"not_picked":["Havoc","Burning Pact+1"],"picked":"Twin Strike","floor":24.0},{"not_picked":["Spot Weakness","Sword Boomerang+1"],"picked":"Flame Barrier+1","floor":25},{"not_picked":["Cleave","Perfected Strike"],"picked":"Iron Wave+1","floor":25}],"player_experience":2025452,"relics_obtained":[{"floor":7.0,"key":"Prayer Wheel"},{"floor":9.0,"key":"Bottled Tornado"},{"floor":11.0,"key":"Bottled Flame"}],"event_choices":[{"damage_healed":0.0,"max_hp_gain":0.0,"max_hp_loss":0.0,"gold_gain":75.0,"event_name":"World of Goop","player_choice":"Gather Gold","floor":2.0,"gold_loss":0.0,"damage_taken":11.0},{"damage_healed":0.0,"max_hp_gain":0.0,"max_hp_loss":0.0,"gold_gain":0.0,"event_name":"Scrap Ooze","player_choice":"Success","floor":3.0,"gold_loss":0.0,"damage_taken":33.0,"relics_obtained":["Magic Flower"]},{"damage_healed":0.0,"max_hp_gain":0.0,"max_hp_loss":0.0,"gold_gain":0.0,"event_name":"Shining Light","player_choice":"Entered Light","floor":14.0,"gold_loss":0.0,"damage_taken":16.0,"cards_upgraded":["Infernal Blade","Flex"]},{"damage_healed":0.0,"max_hp_gain":0.0,"max_hp_loss":0.0,"gold_gain":0.0,"event_name":"Nest","player_choice":"Joined the Cult","floor":19.0,"gold_loss":0.0,"damage_taken":6.0,"cards_obtained":["RitualDagger"]}],"is_beta":false,"boss_relics":[{"not_picked":["Lizard Tail","Eternal Feather"],"picked":"Orrery"}],"items_purged_floors":[4],"is_endless":false,"potions_floor_spawned":[5,8,11,12,18,21,24],"killed_by":"Cultist and Chosen","ascension_level":0}