{"gold_per_floor":[109,109,59,76,251,251,251,251,251,283,283,296,129,154,154,256,256,267,267,69,79,97,97,129,129,153,153,153,178,178,190,190,190],"floor_reached":33,"playtime":1994,"items_purged":["Doubt","Writhe"],"score":441,"play_id":"a43d7781-3812-490c-9ac9-8c7c7ee9593b","local_time":"20190410234223","is_ascension_mode":true,"campfire_choices":[{"data":"Backflip","floor":6.0,"key":"SMITH"},{"data":"All Out Attack","floor":8.0,"key":"SMITH"},{"data":"Cloak And Dagger","floor":11.0,"key":"SMITH"},{"data":"Blade Dance","floor":15.0,"key":"SMITH"},{"data":"Accuracy","floor":23.0,"key":"SMITH"},{"floor":25.0,"key":"REST"},{"data":"Accuracy","floor":28.0,"key":"SMITH"},{"data":"Infinite Blades","floor":32.0,"key":"SMITH"}],"neow_cost":"CURSE","seed_source_timestamp":257154806971424,"circlet_count":0,"master_deck":["Survivor","Neutralize","Quick Slash","Backflip+1","All Out Attack+1","Cloak And Dagger+1","Accuracy+1","Accuracy+1","Flying Knee","Blade Dance+1","A Thousand Cuts","Escape Plan","All Out Attack","Riddle With Holes","Calculated Gamble","Corpse Explosion","Die Die Die","Dagger Throw","Corpse Explosion","PiercingWail","Backstab","Accuracy+1","Bane","Prepared","Bane+1","Prepared","Infinite Blades+1","Masterful Stab"],"special_seed":0,"relics":["Ring of the Snake","Tough Bandages","PreservedInsect","Mercury Hourglass","Question Card","Lantern","Pandora\u0027s Box","Potion Belt","Vajra","The Courier","Pantograph"],"potions_floor_usage":[33,33],"damage_taken":[{"damage":3.0,"enemies":"Jaw Worm","floor":1.0,"turns":6.0},{"damage":1.0,"enemies":"2 Louse","floor":4.0,"turns":2.0},{"damage":19.0,"enemies":"Lagavulin","floor":10.0,"turns":4.0},{"damage":0.0,"enemies":"Small Slimes","floor":12.0,"turns":2.0},{"damage":0.0,"enemies":"3 Sentries","floor":14.0,"turns":3.0},{"damage":22.0,"enemies":"Hexaghost","floor":16.0,"turns":8.0},{"damage":1.0,"enemies":"Chosen","floor":18.0,"turns":3.0},{"damage":6.0,"enemies":"3 Byrds","floor":21.0,"turns":2.0},{"damage":0.0,"enemies":"3 Cultists","floor":22.0,"turns":2.0},{"damage":15.0,"enemies":"Slavers","floor":24.0,"turns":3.0},{"damage":0.0,"enemies":"Gremlin Leader","floor":29.0,"turns":3.0},{"damage":1.0,"enemies":"Centurion and Healer","floor":31.0,"turns":2.0},{"damage":84,"enemies":"Automaton","floor":33,"turns":6}],"seed_played":"6151626568290373749","potions_obtained":[{"floor":1.0,"key":"LiquidBronze"},{"floor":12.0,"key":"Dexterity Potion"},{"floor":14.0,"key":"LiquidBronze"},{"floor":18.0,"key":"GhostInAJar"},{"floor":21.0,"key":"Regen Potion"},{"floor":24.0,"key":"Weak Potion"}],"is_trial":false,"path_per_floor":["M","?","?","M","?","R","?","R","T","E","R","M","$","E","R","B",null,"M","?","$","M","M","R","E","R","T","?","R","E","?","M","R","B"],"character_chosen":"THE_SILENT","items_purchased":["Accuracy","Flying Knee","Accuracy","Bane"],"campfire_rested":1,"item_purchase_floors":[13,13,20,20],"current_hp_per_floor":[60,60,60,59,59,59,59,59,59,40,40,40,40,40,40,18,57,56,56,56,50,55,55,40,61,61,61,61,61,61,60,60,0],"gold":190,"neow_bonus":"ONE_RARE_RELIC","is_prod":false,"is_daily":false,"chose_seed":false,"campfire_upgraded":7,"win_rate":0,"timestamp":1554903743,"path_taken":["M","?","?","M","?","R","?","R","T","E","R","?","$","E","R","BOSS","M","?","$","?","M","R","E","R","T","?","R","E","?","M","R","BOSS"],"build_version":"2019-01-23","purchased_purges":2,"victory":false,"max_hp_per_floor":[70,70,70,70,70,70,70,70,70,70,70,70,70,70,70,70,70,70,70,70,70,70,70,70,70,70,70,70,70,70,70,70,70],"card_choices":[{"not_picked":["Deflect","Slice"],"picked":"Quick Slash","floor":1.0},{"not_picked":["Outmaneuver","Blade Dance"],"picked":"Backflip","floor":4.0},{"not_picked":["Predator","PiercingWail"],"picked":"Cloak And Dagger","floor":10.0},{"not_picked":["Footwork","Unload","Backstab"],"picked":"Accuracy","floor":12.0},{"not_picked":["Dodge and Roll","Adrenaline","Slice"],"picked":"Blade Dance","floor":14.0},{"not_picked":["Phantasmal Killer","Glass Knife","Grand Finale"],"picked":"A Thousand Cuts","floor":16.0},{"not_picked":["Noxious Fumes","Deadly Poison+1","Slice"],"picked":"Backstab","floor":18.0},{"not_picked":["All Out Attack","Deadly Poison","Endless Agony+1"],"picked":"Prepared","floor":21.0},{"not_picked":["Deadly Poison","Noxious Fumes","Caltrops"],"picked":"Bane+1","floor":22.0},{"not_picked":["Quick Slash","Flying Knee+1","Dodge and Roll"],"picked":"Prepared","floor":24.0},{"not_picked":["Deadly Poison","Setup","PiercingWail"],"picked":"Infinite Blades","floor":29.0},{"not_picked":["Phantasmal Killer","Bouncing Flask","Outmaneuver+1"],"picked":"Masterful Stab","floor":31.0}],"player_experience":1242476,"relics_obtained":[{"floor":9.0,"key":"Mercury Hourglass"},{"floor":10.0,"key":"Question Card"},{"floor":14.0,"key":"Lantern"},{"floor":24.0,"key":"Potion Belt"},{"floor":26.0,"key":"Vajra"},{"floor":29.0,"key":"The Courier"}],"event_choices":[{"damage_healed":0.0,"max_hp_gain":0.0,"max_hp_loss":0.0,"gold_gain":0.0,"event_name":"Big Fish","player_choice":"Box","floor":2.0,"gold_loss":0.0,"damage_taken":0.0,"relics_obtained":["PreservedInsect"],"cards_obtained":["Regret"]},{"cards_removed":["Regret"],"damage_healed":0.0,"max_hp_gain":0.0,"max_hp_loss":0.0,"gold_gain":0.0,"event_name":"The Cleric","player_choice":"Card Removal","floor":3.0,"gold_loss":50.0,"damage_taken":0.0},{"damage_healed":0.0,"max_hp_gain":0.0,"max_hp_loss":0.0,"gold_gain":175.0,"event_name":"Liars Game","player_choice":"AGREE","floor":5.0,"gold_loss":0.0,"damage_taken":0.0,"cards_obtained":["Doubt"]},{"damage_healed":0.0,"max_hp_gain":0.0,"max_hp_loss":0.0,"gold_gain":0.0,"cards_transformed":["Defend_G"],"event_name":"Transmorgrifier","player_choice":"Transformed","floor":7.0,"gold_loss":0.0,"damage_taken":0.0,"cards_obtained":["All Out Attack"]},{"damage_healed":0.0,"max_hp_gain":0.0,"max_hp_loss":0.0,"gold_gain":0.0,"event_name":"Accursed Blacksmith","player_choice":"Forge","floor":19.0,"gold_loss":0.0,"damage_taken":0.0,"cards_upgraded":["Accuracy"]},{"damage_healed":0.0,"max_hp_gain":0.0,"max_hp_loss":0.0,"gold_gain":0.0,"event_name":"Ghosts","player_choice":"Ignored","floor":27.0,"gold_loss":0.0,"damage_taken":0.0},{"damage_healed":0.0,"max_hp_gain":0.0,"max_hp_loss":0.0,"gold_gain":0.0,"event_name":"The Mausoleum","player_choice":"Opened","floor":30.0,"gold_loss":0.0,"damage_taken":0.0,"relics_obtained":["Pantograph"]}],"is_beta":false,"boss_relics":[{"not_picked":["Calling Bell","Philosopher\u0027s Stone"],"picked":"Pandora\u0027s Box"}],"items_purged_floors":[13,20],"is_endless":false,"potions_floor_spawned":[1,12,14,18,21,24],"killed_by":"Automaton","ascension_level":6}