{"gold_per_floor":[366,376,10,30,30,63,63,88,133,160,160,160,160,194,194,315,315,335,335,180,180,44,44,85,105,151,151,169,169,169,24,24,145,145,168,183,198,198,264,287,326,326,351,386,386,29,29,53,53,53],"floor_reached":51,"playtime":4325,"items_purged":["Strike_R"],"score":1322,"play_id":"b986ff08-564f-4d9b-916f-17ff76e6267b","local_time":"20190620141814","is_ascension_mode":true,"campfire_choices":[{"floor":7.0,"key":"REST"},{"data":"Disarm","floor":12.0,"key":"SMITH"},{"data":"Metamorphosis","floor":15.0,"key":"SMITH"},{"data":"Limit Break","floor":23.0,"key":"SMITH"},{"data":"Pommel Strike","floor":27.0,"key":"SMITH"},{"data":"Exhume","floor":30.0,"key":"SMITH"},{"data":"Evolve","floor":32.0,"key":"SMITH"},{"floor":45.0,"key":"REST"},{"floor":47.0,"key":"REST"},{"floor":49.0,"key":"REST"}],"neow_cost":"PERCENT_DAMAGE","seed_source_timestamp":1467786895818768,"circlet_count":0,"master_deck":["AscendersBane","Defend_R","Defend_R","Defend_R","Defend_R","Bash","Shrug It Off","Dropkick","Metamorphosis+1","Pommel Strike+1","Power Through","Disarm+1","Exhume+1","Dark Embrace","Inflame","RitualDagger","Evolve+1","Body Slam","Limit Break+1","Reaper","Sword Boomerang+1","Infernal Blade+1","Offering","Shrug It Off+1","Pommel Strike+1","Madness","Madness","Shockwave+1","Pommel Strike+1","Armaments+1","Corruption"],"special_seed":0,"relics":["Burning Blood","Orichalcum","Kunai","Bag of Marbles","Bronze Scales","Potion Belt","Dream Catcher","Golden Idol","Odd Mushroom","Empty Cage","Red Skull","Vajra","Happy Flower","Fusion Hammer","FossilizedHelix","Boot","Mercury Hourglass","Anchor","Toxic Egg 2","Dodecahedron"],"potions_floor_usage":[50,50,50],"damage_taken":[{"damage":9.0,"enemies":"Small Slimes","floor":1.0,"turns":5.0},{"damage":2.0,"enemies":"Jaw Worm","floor":2.0,"turns":4.0},{"damage":12.0,"enemies":"2 Louse","floor":4.0,"turns":3.0},{"damage":26.0,"enemies":"3 Sentries","floor":6.0,"turns":7.0},{"damage":0.0,"enemies":"Lagavulin","floor":8.0,"turns":5.0},{"damage":11.0,"enemies":"Gremlin Nob","floor":10.0,"turns":4.0},{"damage":7.0,"enemies":"The Mushroom Lair","floor":14.0,"turns":4.0},{"damage":0.0,"enemies":"Hexaghost","floor":16.0,"turns":10.0},{"damage":13.0,"enemies":"Shell Parasite","floor":18.0,"turns":7.0},{"damage":6.0,"enemies":"Book of Stabbing","floor":24.0,"turns":7.0},{"damage":21.0,"enemies":"Spheric Guardian","floor":25.0,"turns":5.0},{"damage":6.0,"enemies":"3 Cultists","floor":28.0,"turns":4.0},{"damage":66.0,"enemies":"Automaton","floor":33.0,"turns":8.0},{"damage":26.0,"enemies":"3 Darklings","floor":35.0,"turns":9.0},{"damage":15.0,"enemies":"3 Shapes","floor":36.0,"turns":6.0},{"damage":6.0,"enemies":"Jaw Worm Horde","floor":37.0,"turns":3.0},{"damage":6.0,"enemies":"2 Orb Walkers","floor":39.0,"turns":5.0},{"damage":6.0,"enemies":"Writhing Mass","floor":40.0,"turns":4.0},{"damage":10.0,"enemies":"Giant Head","floor":41.0,"turns":7.0},{"damage":0.0,"enemies":"Nemesis","floor":44.0,"turns":6.0},{"damage":0.0,"enemies":"Transient","floor":48.0,"turns":5.0},{"damage":0,"enemies":"Donu and Deca","floor":50,"turns":5}],"seed_played":"-3729032060335827714","potions_obtained":[{"floor":2.0,"key":"Weak Potion"},{"floor":6.0,"key":"Fire Potion"},{"floor":8.0,"key":"Dexterity Potion"},{"floor":16.0,"key":"Swift Potion"},{"floor":18.0,"key":"SpeedPotion"},{"floor":24.0,"key":"FearPotion"},{"floor":25.0,"key":"Swift Potion"},{"floor":35.0,"key":"Block Potion"},{"floor":40.0,"key":"EssenceOfSteel"},{"floor":41.0,"key":"Strength Potion"},{"floor":48.0,"key":"BloodPotion"}],"is_trial":false,"path_per_floor":["?","?","?","?","?","?","?","M","?","?","T","M"],"character_chosen":"IRONCLAD","items_purchased":["Orichalcum","Metamorphosis","Pommel Strike","Evolve","Limit Break","Happy Flower","Dodecahedron","Armaments+1","Strength Potion"],"campfire_rested":4,"item_purchase_floors":[3,3,3,20,22,31,46,46,46],"current_hp_per_floor":[48,52,52,46,46,26,50,56,56,51,44,44,24,23,23,29,67,60,54,54,54,54,54,54,39,39,39,39,80,80,80,80,20,65,80,80,80,70,75,75,71,71,71,80,80,80,80,80,80,80],"gold":53,"neow_bonus":"TWO_FIFTY_GOLD","is_prod":false,"is_daily":false,"chose_seed":false,"campfire_upgraded":6,"win_rate":0,"timestamp":1561033094,"path_taken":["M","M","$","M","?","E","R","E","T","E","?","R","?","?","R","BOSS","M","?","$","?","$","R","E","M","T","R","M","?","R","$","R","BOSS","M","M","?","?","?","M","E","?","T","E","R","$","R","?","R","BOSS"],"build_version":"2019-01-23","purchased_purges":1,"victory":true,"max_hp_per_floor":[80,80,80,80,80,80,80,80,80,80,80,80,80,80,80,80,80,80,80,80,80,80,80,80,80,80,80,80,80,80,80,80,80,80,80,80,80,80,80,80,80,80,80,80,80,80,80,80,80,80],"card_choices":[{"not_picked":["Perfected Strike","Thunderclap"],"picked":"Shrug It Off","floor":1.0},{"not_picked":["Dual Wield","Clash"],"picked":"Dropkick","floor":2.0},{"not_picked":["Perfected Strike","Sever Soul"],"picked":"Power Through","floor":4.0},{"not_picked":["Wild Strike","Seeing Red","Entrench"],"picked":"SKIP","floor":6.0},{"not_picked":["Rampage","Barricade"],"picked":"Disarm","floor":8.0},{"not_picked":["Sever Soul","Armaments"],"picked":"Exhume","floor":10.0},{"not_picked":["Impervious","Brutality"],"picked":"Dark Embrace","floor":16.0},{"not_picked":["Iron Wave+1","Body Slam+1"],"picked":"Inflame","floor":18.0},{"not_picked":["Bloodletting","Flex"],"picked":"Reaper","floor":24.0},{"not_picked":["True Grit","Entrench"],"picked":"Sword Boomerang+1","floor":25.0},{"not_picked":["Blood for Blood","Fire Breathing"],"picked":"Infernal Blade+1","floor":28.0},{"not_picked":["Juggernaut","Feed"],"picked":"Offering","floor":33.0},{"not_picked":["True Grit","Twin Strike+1"],"picked":"Shrug It Off+1","floor":35.0},{"not_picked":["Clothesline","Cleave"],"picked":"Pommel Strike+1","floor":36.0},{"not_picked":["Body Slam","Perfected Strike","Sword Boomerang"],"picked":"SKIP","floor":37.0},{"not_picked":["Shrug It Off","Double Tap"],"picked":"Shockwave+1","floor":39.0},{"not_picked":["Wild Strike","Twin Strike+1","Second Wind+1"],"picked":"SKIP","floor":40.0},{"not_picked":["Heavy Blade","Second Wind+1","Evolve"],"picked":"SKIP","floor":41.0},{"not_picked":["Anger","Flame Barrier"],"picked":"Pommel Strike+1","floor":44.0},{"not_picked":["Body Slam","Twin Strike"],"picked":"Corruption","floor":48.0}],"player_experience":62104,"relics_obtained":[{"floor":6.0,"key":"Kunai"},{"floor":8.0,"key":"Bag of Marbles"},{"floor":9.0,"key":"Bronze Scales"},{"floor":10.0,"key":"Potion Belt"},{"floor":14.0,"key":"Odd Mushroom"},{"floor":24.0,"key":"Red Skull"},{"floor":26.0,"key":"Vajra"},{"floor":39.0,"key":"FossilizedHelix"},{"floor":41.0,"key":"Boot"},{"floor":42.0,"key":"Mercury Hourglass"},{"floor":43.0,"key":"Anchor"},{"floor":44.0,"key":"Toxic Egg 2"}],"event_choices":[{"damage_healed":0.0,"max_hp_gain":0.0,"max_hp_loss":0.0,"gold_gain":0.0,"event_name":"Liars Game","player_choice":"Ignored","floor":5.0,"gold_loss":0.0,"damage_taken":0.0},{"damage_healed":0.0,"max_hp_gain":0.0,"max_hp_loss":0.0,"gold_gain":0.0,"event_name":"Scrap Ooze","player_choice":"Success","floor":11.0,"gold_loss":0.0,"damage_taken":7.0,"relics_obtained":["Dream Catcher"]},{"damage_healed":0.0,"max_hp_gain":0.0,"max_hp_loss":0.0,"gold_gain":0.0,"event_name":"Golden Idol","player_choice":"Take Damage","floor":13.0,"gold_loss":0.0,"damage_taken":20.0,"relics_obtained":["Golden Idol"]},{"damage_healed":0.0,"max_hp_gain":0.0,"max_hp_loss":0.0,"gold_gain":0.0,"event_name":"Mushrooms","player_choice":"Fought Mushrooms","floor":14.0,"gold_loss":0.0,"damage_taken":0.0},{"damage_healed":0.0,"max_hp_gain":0.0,"max_hp_loss":0.0,"gold_gain":0.0,"event_name":"Nest","player_choice":"Joined the Cult","floor":19.0,"gold_loss":0.0,"damage_taken":6.0,"cards_obtained":["RitualDagger"]},{"damage_healed":0.0,"max_hp_gain":0.0,"max_hp_loss":0.0,"gold_gain":0.0,"cards_transformed":["Strike_R","Strike_R"],"event_name":"Drug Dealer","player_choice":"Became Test Subject","floor":21.0,"gold_loss":0.0,"damage_taken":0.0,"cards_obtained":["Body Slam","Evolve"]},{"cards_removed":["Evolve"],"damage_healed":41.0,"max_hp_gain":0.0,"max_hp_loss":0.0,"gold_gain":0.0,"event_name":"Bonfire Elementals","player_choice":"Offered Uncommon","floor":29.0,"gold_loss":0.0,"damage_taken":0.0},{"damage_healed":0.0,"max_hp_gain":0.0,"max_hp_loss":0.0,"gold_gain":0.0,"event_name":"Winding Halls","player_choice":"Embrace Madness","floor":38.0,"gold_loss":0.0,"damage_taken":10.0,"cards_obtained":["Madness","Madness"]},{"damage_healed":0.0,"max_hp_gain":0.0,"max_hp_loss":0.0,"gold_gain":0.0,"event_name":"Mysterious Sphere","player_choice":"Fight","floor":39.0,"gold_loss":0.0,"damage_taken":0.0}],"is_beta":false,"boss_relics":[{"not_picked":["White Beast Statue","Cursed Key"],"picked":"Empty Cage"},{"not_picked":["Black Star","Orrery"],"picked":"Fusion Hammer"}],"items_purged_floors":[20],"is_endless":false,"potions_floor_spawned":[2,6,8,16,18,24,25,35,40,41,48],"ascension_level":11}