{"gold_per_floor":[118,132,132,142,159,159,177,177,204,204,204,204],"floor_reached":12,"playtime":532,"items_purged":[],"score":91,"play_id":"38d2ed57-f44d-4f6c-8c3b-0942ed1ce630","local_time":"20190506123604","is_ascension_mode":true,"campfire_choices":[{"data":"Buffer","floor":6.0,"key":"SMITH"},{"floor":8.0,"key":"REST"},{"data":"Reinforced Body","floor":10.0,"key":"SMITH"}],"neow_cost":"NONE","seed_source_timestamp":0,"circlet_count":0,"master_deck":["Strike_B","Strike_B","Strike_B","Defend_B","Defend_B","Defend_B","Defend_B","Zap","Dualcast","Sweeping Beam","Reinforced Body+1","Heatsinks","Buffer+1","Rebound","Biased Cognition"],"special_seed":0,"relics":["Cracked Core","NeowsBlessing","Pen Nib"],"potions_floor_usage":[],"damage_taken":[{"damage":0.0,"enemies":"Cultist","floor":1.0,"turns":1.0},{"damage":0.0,"enemies":"2 Louse","floor":2.0,"turns":1.0},{"damage":0.0,"enemies":"Small Slimes","floor":4.0,"turns":1.0},{"damage":26.0,"enemies":"Gremlin Gang","floor":5.0,"turns":5.0},{"damage":14.0,"enemies":"Exordium Thugs","floor":7.0,"turns":7.0},{"damage":0,"enemies":"3 Louse","floor":12,"turns":1}],"seed_played":"-4493620724463007922","potions_obtained":[{"floor":3.0,"key":"Weak Potion"},{"floor":3.0,"key":"SpeedPotion"},{"floor":3.0,"key":"Block Potion"},{"floor":7.0,"key":"Energy Potion"}],"is_trial":false,"path_per_floor":["M","M","?","M","M","R","M","R","T","R","?","M"],"character_chosen":"DEFECT","items_purchased":[],"campfire_rested":1,"item_purchase_floors":[],"current_hp_per_floor":[68,68,68,68,42,42,28,50,50,50,50,50],"gold":204,"neow_bonus":"THREE_ENEMY_KILL","is_prod":false,"is_daily":false,"chose_seed":false,"campfire_upgraded":2,"win_rate":0,"timestamp":1557110164,"path_taken":["M","?","?","M","?","R","M","R","T","R","?","?"],"build_version":"2019-01-23","purchased_purges":0,"victory":false,"max_hp_per_floor":[75,75,75,75,75,75,75,75,75,75,75,75],"card_choices":[{"not_picked":["FTL","Gash"],"picked":"Sweeping Beam","floor":1.0},{"not_picked":["Sweeping Beam","Compile Driver"],"picked":"Reinforced Body","floor":2.0},{"not_picked":["Turbo","Barrage"],"picked":"Heatsinks","floor":4.0},{"not_picked":["Barrage","Conserve Battery"],"picked":"Buffer","floor":5.0},{"not_picked":["Streamline","Gash"],"picked":"Rebound","floor":7.0}],"player_experience":1578319,"relics_obtained":[{"floor":9.0,"key":"Pen Nib"}],"event_choices":[{"damage_healed":0.0,"max_hp_gain":0.0,"max_hp_loss":0.0,"gold_gain":0.0,"event_name":"Lab","player_choice":"Got Potions","floor":3.0,"gold_loss":0.0,"damage_taken":0.0},{"damage_healed":0.0,"max_hp_gain":0.0,"max_hp_loss":0.0,"gold_gain":0.0,"cards_transformed":["Strike_B"],"event_name":"Transmorgrifier","player_choice":"Transformed","floor":11.0,"gold_loss":0.0,"damage_taken":0.0,"cards_obtained":["Biased Cognition"]}],"is_beta":false,"boss_relics":[],"items_purged_floors":[],"is_endless":false,"potions_floor_spawned":[4,7],"killed_by":"3 Louse","ascension_level":6}