{"gold_per_floor":[113,113,24,24,35,35,61,71,71,71],"floor_reached":10,"playtime":323,"items_purged":[],"score":119,"play_id":"e823a6dc-ec35-4f57-b1eb-03457062edba","local_time":"20190611173334","is_ascension_mode":true,"campfire_choices":[{"floor":6,"key":"REST"}],"neow_cost":"NONE","seed_source_timestamp":17186691443930,"circlet_count":0,"master_deck":["AscendersBane","Strike_R+1","Strike_R","Strike_R","Strike_R","Strike_R","Defend_R","Defend_R","Defend_R","Defend_R","Bash","Headbutt+1","Regret","Whirlwind","Havoc","Spot Weakness","Feel No Pain"],"relics":["Burning Blood","Darkstone Periapt","Magic Flower","Bag of Marbles"],"potions_floor_usage":[7,7],"damage_taken":[{"damage":3,"enemies":"Small Slimes","floor":1,"turns":5},{"damage":35,"enemies":"Jaw Worm","floor":5,"turns":5},{"damage":27,"enemies":"3 Sentries","floor":7,"turns":9},{"damage":6,"enemies":"Cultist","floor":8,"turns":4},{"damage":32,"enemies":"Exordium Thugs","floor":10,"turns":5}],"seed_played":"-7010537508671829139","potions_obtained":[{"floor":0,"key":"Strength Potion"},{"floor":0,"key":"Dexterity Potion"}],"is_trial":false,"path_per_floor":["M","?","$","?","M","R","E","M","T","M"],"character_chosen":"IRONCLAD","items_purchased":["Whirlwind"],"campfire_rested":1,"item_purchase_floors":[3],"current_hp_per_floor":[71,77,77,53,24,48,27,30,30,0],"gold":71,"neow_bonus":"THREE_SMALL_POTIONS","is_prod":false,"is_daily":false,"chose_seed":false,"campfire_upgraded":0,"win_rate":0,"timestamp":1560267214,"path_taken":["M","?","$","?","M","R","E","M","T","?"],"build_version":"2019-01-23","purchased_purges":0,"victory":false,"max_hp_per_floor":[75,81,81,81,81,81,81,81,81,81],"card_choices":[{"not_picked":["Sentinel","Blood for Blood"],"picked":"Headbutt","floor":1},{"not_picked":["Perfected Strike","Headbutt"],"picked":"Havoc","floor":5},{"not_picked":["Anger","Thunderclap"],"picked":"Spot Weakness","floor":7},{"not_picked":["Spot Weakness","Sentinel"],"picked":"Feel No Pain","floor":8}],"player_experience":743556,"relics_obtained":[{"floor":7,"key":"Magic Flower"},{"floor":9,"key":"Bag of Marbles"}],"event_choices":[{"damage_healed":0,"gold_gain":0,"player_choice":"Box","damage_taken":0,"relics_obtained":["Darkstone Periapt"],"max_hp_gain":0,"max_hp_loss":0,"event_name":"Big Fish","floor":2,"gold_loss":0,"cards_obtained":["Regret"]},{"damage_healed":0,"gold_gain":0,"player_choice":"Entered Light","damage_taken":24,"max_hp_gain":0,"max_hp_loss":0,"event_name":"Shining Light","floor":4,"gold_loss":0,"cards_upgraded":["Headbutt","Strike_R"]}],"is_beta":false,"boss_relics":[],"items_purged_floors":[],"is_endless":false,"potions_floor_spawned":[5],"killed_by":"Exordium Thugs","ascension_level":16}