{"path_per_floor":["M","M","?","?","M","R","M","R","T","R","T","M","?","M","R","B",null,"M","M","M"],"character_chosen":"DEFECT","items_purchased":[],"gold_per_floor":[114,129,129,129,144,144,159,159,184,184,209,224,224,239,239,339,339,354,369,384,384],"floor_reached":21,"campfire_rested":1,"playtime":2701,"item_purchase_floors":[],"current_hp_per_floor":[72,65,70,70,69,69,65,65,65,75,75,72,75,75,75,27,75,68,43,11,0],"items_purged":[],"gold":384,"score":173,"play_id":"0dc519ce-a7b6-4e81-ac92-1a2d6f65ec74","local_time":"20180621192531","daily_mods":["Diverse","Night Terrors","Hoarder"],"is_prod":false,"is_daily":true,"chose_seed":false,"is_ascension_mode":false,"campfire_upgraded":3,"win_rate":0.0,"timestamp":1529623531,"campfire_choices":[{"data":"Ghostly Armor","floor":6,"key":"SMITH"},{"data":"Pommel Strike","floor":8,"key":"SMITH"},{"floor":10,"key":"REST"},{"data":"Ghostly Armor","floor":15,"key":"SMITH"}],"path_taken":["M","M","?","?","M","R","M","R","T","R","?","M","?","?","R","BOSS","M","M","M","M"],"build_version":"2018-06-14v2","seed_source_timestamp":926606054998,"purchased_purges":0,"victory":false,"master_deck":["Strike_B","Strike_B","Strike_B","Strike_B","Defend_B","Defend_B","Defend_B","Defend_B","Zap+1","Dualcast","Ghostly Armor+1","Ghostly Armor+1","Pommel Strike+1","Pommel Strike","Pommel Strike","Feed","Feed","Feed","Wild Strike","Wild Strike","Wild Strike","Die Die Die","Die Die Die","Die Die Die"],"max_hp_per_floor":[75,75,80,80,80,80,80,80,80,75,75,75,75,75,75,75,75,75,75,75,75],"special_seed":17703,"relics":["Cracked Core","Vajra","Boot"],"card_choices":[{"not_picked":["Scrape","Doom and Gloom","Rupture"],"picked":"SKIP","floor":1},{"not_picked":["Armaments","Clothesline"],"picked":"Ghostly Armor","floor":2},{"not_picked":["Armaments","BootSequence","Iron Wave"],"picked":"SKIP","floor":5},{"not_picked":["Consume","Chaos"],"picked":"Pommel Strike","floor":7},{"not_picked":["Deflect","Backflip","Disarm"],"picked":"SKIP","floor":12},{"not_picked":["Go for the Eyes","BootSequence","Body Slam"],"picked":"SKIP","floor":14},{"not_picked":["Rainbow","Dark Embrace"],"picked":"Feed","floor":16},{"not_picked":["Anger","Rebound","Rupture"],"picked":"SKIP","floor":18},{"not_picked":["Leap+1","Rebound+1"],"picked":"Wild Strike","floor":19},{"not_picked":["Havoc","Storm+1"],"picked":"Die Die Die","floor":20}],"player_experience":160973,"potions_floor_usage":[16,16,16,19],"damage_taken":[{"damage":3,"enemies":"Jaw Worm","floor":1,"turns":4},{"damage":7,"enemies":"Small Slimes","floor":2,"turns":4},{"damage":1,"enemies":"2 Louse","floor":5,"turns":3},{"damage":4,"enemies":"Exordium Thugs","floor":7,"turns":5},{"damage":3,"enemies":"Lots of Slimes","floor":12,"turns":4},{"damage":0,"enemies":"Blue Slaver","floor":14,"turns":3},{"damage":48,"enemies":"Hexaghost","floor":16,"turns":9},{"damage":7,"enemies":"Shell Parasite","floor":18,"turns":6},{"damage":25,"enemies":"Spheric Guardian","floor":19,"turns":4},{"damage":32,"enemies":"Snecko","floor":20,"turns":6},{"damage":13,"enemies":"3 Cultists","floor":21,"turns":3}],"relics_obtained":[{"floor":9,"key":"Vajra"},{"floor":11,"key":"Boot"}],"event_choices":[{"event_name":"Big Fish","player_choice":"Donut","floor":3,"damage_taken":0},{"event_name":"Accursed Blacksmith","player_choice":"Forge","floor":4,"damage_taken":0},{"event_name":"Bonfire Elementals","player_choice":"UNCOMMON","floor":13,"damage_taken":0}],"boss_relics":[{"not_picked":["Coffee Dripper","Pandora\u0027s Box","Orrery"]}],"items_purged_floors":[],"is_endless":false,"potions_floor_spawned":[1,5,12,14,18,20],"seed_played":"-2047804934668331113","killed_by":"3 Cultists","ascension_level":0,"potions_obtained":[{"floor":1,"key":"Poison Potion"},{"floor":5,"key":"Dexterity Potion"},{"floor":12,"key":"Fire Potion"},{"floor":14,"key":"EssenceOfSteel"},{"floor":18,"key":"Poison Potion"},{"floor":20,"key":"Energy Potion"}],"is_trial":false}