{"gold_per_floor":[361,436,436,31,46,46,11,11,83,83,103,103,21,38,38,109,109,125,138,157,157,47,47,47],"floor_reached":24,"playtime":1217,"items_purged":["Regret"],"score":368,"play_id":"52b1e904-f23b-4aa7-a607-724e853a8aec","local_time":"20190212124048","is_ascension_mode":true,"campfire_choices":[{"floor":6.0,"key":"REST"},{"data":"Zap","floor":10.0,"key":"SMITH"},{"data":"Go for the Eyes","floor":15.0,"key":"SMITH"},{"floor":23,"key":"REST"}],"neow_cost":"CURSE","seed_source_timestamp":1552459554069400,"circlet_count":0,"master_deck":["AscendersBane","Strike_B+1","Strike_B+1","Defend_B","Defend_B","Defend_B","Defend_B","Zap+1","Dualcast+1","Leap","Streamline+1","Steam","Glacier","Go for the Eyes+1","Leap","Ball Lightning","Rebound","Seek","Leap","Hologram+1","Tempest+1"],"special_seed":0,"relics":["Cracked Core","Anchor","Singing Bowl","Inserter"],"potions_floor_usage":[21],"damage_taken":[{"damage":8.0,"enemies":"2 Louse","floor":1.0,"turns":2.0},{"damage":4.0,"enemies":"Small Slimes","floor":5.0,"turns":3.0},{"damage":0.0,"enemies":"Jaw Worm","floor":11.0,"turns":2.0},{"damage":0.0,"enemies":"Large Slime","floor":14.0,"turns":5.0},{"damage":55.0,"enemies":"Hexaghost","floor":16.0,"turns":12.0},{"damage":12.0,"enemies":"Spheric Guardian","floor":18.0,"turns":7.0},{"damage":9.0,"enemies":"3 Byrds","floor":19.0,"turns":8.0},{"damage":6,"enemies":"Shelled Parasite and Fungi","floor":20,"turns":11},{"damage":14,"enemies":"Colosseum Slavers","floor":21,"turns":5},{"damage":38,"enemies":"3 Cultists","floor":24,"turns":4}],"seed_played":"-5124228690259809052","potions_obtained":[{"floor":16.0,"key":"AttackPotion"},{"floor":18.0,"key":"EssenceOfSteel"}],"is_trial":false,"path_per_floor":["M","?","?","$","M","R","?","?","T","R","M","?","$","M","R","B",null,"M","M","M","?","?","R","M"],"character_chosen":"DEFECT","items_purchased":["Anchor","Streamline","Steam","Regen Potion","Leap","Ball Lightning"],"campfire_rested":2,"item_purchase_floors":[4,4,4,4,13,13],"current_hp_per_floor":[56,45,24,24,29,50,67,60,60,60,60,60,60,60,60,5,55,43,34,28,14,14,35,0],"gold":47,"neow_bonus":"TWO_FIFTY_GOLD","is_prod":false,"is_daily":false,"chose_seed":false,"campfire_upgraded":2,"win_rate":0,"timestamp":1550004048,"path_taken":["M","?","?","$","M","R","?","?","T","R","?","?","?","M","R","BOSS","M","M","M","?","?","R","?"],"build_version":"2019-02-06","purchased_purges":1,"victory":false,"max_hp_per_floor":[71,71,71,71,71,71,71,71,71,71,71,71,71,71,71,71,71,71,71,71,71,71,71,71],"card_choices":[{"not_picked":["Compile Driver","Chaos"],"picked":"Leap","floor":1.0},{"not_picked":["Rebound","Go for the Eyes"],"picked":"Glacier","floor":5.0},{"not_picked":["Hologram","Force Field"],"picked":"Go for the Eyes","floor":11.0},{"not_picked":["Leap","Genetic Algorithm"],"picked":"Rebound","floor":14.0},{"not_picked":["Multi-Cast","Buffer"],"picked":"Seek","floor":16.0},{"not_picked":["Beam Cell","Capacitor"],"picked":"Leap","floor":18.0},{"not_picked":["Double Energy","Sweeping Beam"],"picked":"Hologram+1","floor":19.0},{"not_picked":["Redo","Turbo"],"picked":"Tempest+1","floor":20}],"player_experience":3261418,"relics_obtained":[{"floor":9.0,"key":"Singing Bowl"}],"event_choices":[{"damage_healed":0.0,"max_hp_gain":0.0,"max_hp_loss":0.0,"gold_gain":75.0,"event_name":"World of Goop","player_choice":"Gather Gold","floor":2.0,"gold_loss":0.0,"damage_taken":11.0},{"damage_healed":0.0,"max_hp_gain":0.0,"max_hp_loss":0.0,"gold_gain":0.0,"event_name":"Shining Light","player_choice":"Entered Light","floor":3.0,"gold_loss":0.0,"damage_taken":21.0,"cards_upgraded":["Strike_B","Strike_B"]},{"damage_healed":17.0,"max_hp_gain":0.0,"max_hp_loss":0.0,"gold_gain":0.0,"event_name":"The Cleric","player_choice":"Healed","floor":7.0,"gold_loss":35.0,"damage_taken":0.0},{"cards_removed":["Strike_B"],"damage_healed":0.0,"max_hp_gain":0.0,"max_hp_loss":0.0,"gold_gain":0.0,"event_name":"Golden Wing","player_choice":"Card Removal","floor":8.0,"gold_loss":0.0,"damage_taken":7.0},{"damage_healed":0.0,"max_hp_gain":0.0,"max_hp_loss":0.0,"gold_gain":0.0,"event_name":"Living Wall","player_choice":"Grow","floor":12.0,"gold_loss":0.0,"damage_taken":0.0,"cards_upgraded":["Dualcast"]},{"damage_healed":0,"gold_gain":0,"player_choice":"Fight","damage_taken":0,"max_hp_gain":0,"max_hp_loss":0,"event_name":"Colosseum","floor":21,"gold_loss":0},{"damage_healed":0,"gold_gain":0,"player_choice":"Fled From Nobs","damage_taken":0,"max_hp_gain":0,"max_hp_loss":0,"event_name":"Colosseum","floor":21,"gold_loss":0},{"cards_removed":["Strike_B"],"damage_healed":0,"gold_gain":0,"player_choice":"Upgrade and Remove","damage_taken":0,"max_hp_gain":0,"max_hp_loss":0,"event_name":"Designer","floor":22,"gold_loss":110,"cards_upgraded":["Streamline"]}],"is_beta":true,"boss_relics":[{"not_picked":["Busted Crown","Runic Dome"],"picked":"Inserter"}],"items_purged_floors":[4],"is_endless":false,"potions_floor_spawned":[16,18],"killed_by":"3 Cultists","ascension_level":20}