{"gold_per_floor":[117,42,55,55,55,55,68,68,68,87,103,103,434,453,453,551,551,562,512,524,539,539],"floor_reached":22,"playtime":1613,"items_purged":["Strike_B"],"score":188,"play_id":"015752ea-e5ca-4754-bdd6-3881562b75e6","local_time":"20180715090552","is_ascension_mode":false,"campfire_choices":[{"data":"Zap","floor":6,"key":"SMITH"},{"data":"Ball Lightning","floor":8,"key":"SMITH"},{"floor":12,"key":"REST"},{"floor":15,"key":"REST"}],"neow_cost":"NONE","seed_source_timestamp":81534141125746,"circlet_count":0,"master_deck":["Strike_B","Strike_B","Defend_B","Defend_B","Zap+1","Dualcast","Ball Lightning+1","Capacitor","Streamline+1","Rebound+1","Hyperbeam+1","Defragment","Streamline+1"],"relics":["Empty Cage","Molten Egg 2","Old Coin","Nuclear Battery"],"potions_floor_usage":[16,16,21],"damage_taken":[{"damage":6,"enemies":"2 Louse","floor":1,"turns":3},{"damage":1,"enemies":"Cultist","floor":3,"turns":3},{"damage":0,"enemies":"Small Slimes","floor":7,"turns":2},{"damage":8,"enemies":"Gremlin Gang","floor":10,"turns":3},{"damage":10,"enemies":"Looter","floor":11,"turns":2},{"damage":19,"enemies":"3 Sentries","floor":13,"turns":5},{"damage":8,"enemies":"Large Slime","floor":14,"turns":3},{"damage":50,"enemies":"Hexaghost","floor":16,"turns":6},{"damage":16,"enemies":"3 Byrds","floor":18,"turns":4},{"damage":30,"enemies":"Shell Parasite","floor":20,"turns":4},{"damage":31,"enemies":"Centurion and Healer","floor":21,"turns":4},{"damage":7,"enemies":"Snake Plant","floor":22,"turns":2}],"seed_played":"-3587623632984371622","potions_obtained":[{"floor":7,"key":"FairyPotion"},{"floor":11,"key":"FearPotion"},{"floor":13,"key":"FocusPotion"},{"floor":16,"key":"FearPotion"},{"floor":18,"key":"Fire Potion"},{"floor":21,"key":"Strength Potion"}],"is_trial":false,"path_per_floor":["M","$","M","?","$","R","M","R","T","M","M","R","E","M","R","B",null,"M","?","M","M"],"character_chosen":"DEFECT","items_purchased":[],"campfire_rested":2,"item_purchase_floors":[],"current_hp_per_floor":[69,69,68,68,68,68,68,68,68,60,50,72,53,45,67,17,75,59,59,29,7,0],"gold":539,"neow_bonus":"BOSS_RELIC","is_prod":false,"is_daily":false,"chose_seed":false,"campfire_upgraded":2,"win_rate":0.0,"timestamp":1531659952,"path_taken":["M","$","M","?","$","R","M","R","T","M","M","R","E","M","R","BOSS","M","?","M","M","M"],"build_version":"2018-07-12","purchased_purges":1,"victory":false,"max_hp_per_floor":[75,75,75,75,75,75,75,75,75,75,75,75,75,75,75,75,75,75,75,75,75,75],"card_choices":[{"not_picked":["Redo","Sweeping Beam","Compile Driver"],"picked":"SKIP","floor":1},{"not_picked":["Sweeping Beam","Go for the Eyes"],"picked":"Ball Lightning","floor":3},{"not_picked":["Self Repair","Coolheaded"],"picked":"Capacitor","floor":7},{"not_picked":["Reprogram","Reinforced Body"],"picked":"Streamline+1","floor":10},{"not_picked":["Beam Cell+1","Conserve Battery","Double Energy"],"picked":"SKIP","floor":11},{"not_picked":["Force Field","Lockon+1"],"picked":"Rebound+1","floor":13},{"not_picked":["Undo","Force Field","Cold Snap+1"],"picked":"SKIP","floor":14},{"not_picked":["Core Surge+1","Echo Form"],"picked":"Hyperbeam+1","floor":16},{"not_picked":["Doom and Gloom+1","Gash+1"],"picked":"Defragment","floor":18},{"not_picked":["Storm","Sweeping Beam+1","Compile Driver+1"],"picked":"SKIP","floor":20},{"not_picked":["Leap","Conserve Battery+1"],"picked":"Streamline+1","floor":21}],"player_experience":250369,"relics_obtained":[{"floor":9,"key":"Molten Egg 2"},{"floor":13,"key":"Old Coin"}],"event_choices":[{"event_name":"Purifier","player_choice":"One Purge","floor":4,"damage_taken":0},{"event_name":"The Joust","player_choice":"Bet on Murderer","floor":19,"damage_taken":0}],"boss_relics":[{"not_picked":["White Beast Statue","Eternal Feather"],"picked":"Nuclear Battery"}],"items_purged_floors":[2],"is_endless":false,"potions_floor_spawned":[7,11,13,14,16,18,21],"killed_by":"Snake Plant","ascension_level":0}