{"gold_per_floor":[119,129,129,147,147,147,72,83,108,108,108,69,69,87,87,87],"floor_reached":16,"playtime":593,"items_purged":[],"score":180,"play_id":"da0a8e4b-89cc-4ea9-982d-730b70a48735","local_time":"20190214012541","is_ascension_mode":true,"campfire_choices":[{"data":"Zap","floor":6,"key":"SMITH"},{"data":"Sunder","floor":10,"key":"SMITH"},{"data":"Rip and Tear","floor":13,"key":"SMITH"},{"data":"Dualcast","floor":15,"key":"SMITH"}],"neow_cost":"TEN_PERCENT_HP_LOSS","seed_source_timestamp":1685452221237000,"circlet_count":0,"master_deck":["AscendersBane","Strike_B+1","Strike_B","Strike_B","Defend_B","Defend_B","Defend_B","Defend_B+1","Zap+1","Dualcast+1","Auto Shields","Coolheaded","Rip and Tear+1","Sunder+1","Scrape","Turbo"],"relics":["Cracked Core","Peace Pipe","Strawberry","Vajra","Golden Idol"],"potions_floor_usage":[8,16,16],"damage_taken":[{"damage":0,"enemies":"2 Louse","floor":1,"turns":3},{"damage":8,"enemies":"Jaw Worm","floor":2,"turns":4},{"damage":1,"enemies":"Small Slimes","floor":4,"turns":4},{"damage":13,"enemies":"Exordium Thugs","floor":8,"turns":5},{"damage":1,"enemies":"Looter","floor":14,"turns":2},{"damage":29,"enemies":"Hexaghost","floor":16,"turns":9}],"seed_played":"-372707146938779851","potions_obtained":[{"floor":1,"key":"PowerPotion"},{"floor":2,"key":"Weak Potion"},{"floor":14,"key":"Poison Potion"}],"is_trial":false,"path_per_floor":["M","M","?","M","T","R","?","M","T","R","?","$","R","M","R","B"],"character_chosen":"DEFECT","items_purchased":["Scrape"],"campfire_rested":0,"item_purchase_floors":[12],"current_hp_per_floor":[64,56,37,36,43,43,43,30,30,30,30,30,30,29,29,0],"gold":87,"neow_bonus":"ONE_RARE_RELIC","is_prod":false,"is_daily":false,"chose_seed":false,"campfire_upgraded":4,"win_rate":0,"timestamp":1550136341,"path_taken":["M","M","?","M","?","R","?","?","T","R","?","$","R","M","R","BOSS"],"build_version":"2019-02-06","purchased_purges":0,"victory":false,"max_hp_per_floor":[64,64,64,64,71,71,71,71,71,71,64,64,64,64,64,64],"card_choices":[{"not_picked":["Rebound","Steam"],"picked":"Auto Shields","floor":1},{"not_picked":["Turbo","Barrage"],"picked":"Coolheaded","floor":2},{"not_picked":["Fusion","Barrage"],"picked":"Rip and Tear","floor":4},{"not_picked":["Meteor Strike","Sweeping Beam"],"picked":"Sunder","floor":8},{"not_picked":["Static Discharge","Darkness"],"picked":"Turbo","floor":14}],"player_experience":3264397,"relics_obtained":[{"floor":5,"key":"Strawberry"},{"floor":9,"key":"Vajra"}],"event_choices":[{"damage_healed":0,"gold_gain":0,"player_choice":"Entered Light","damage_taken":19,"max_hp_gain":0,"max_hp_loss":0,"event_name":"Shining Light","floor":3,"gold_loss":0,"cards_upgraded":["Strike_B","Defend_B"]},{"cards_removed":["Strike_B"],"damage_healed":0,"gold_gain":0,"player_choice":"Card Removal","damage_taken":0,"max_hp_gain":0,"max_hp_loss":0,"event_name":"The Cleric","floor":7,"gold_loss":75},{"damage_healed":0,"gold_gain":0,"player_choice":"Lose Max HP","damage_taken":0,"relics_obtained":["Golden Idol"],"max_hp_gain":0,"max_hp_loss":7,"event_name":"Golden Idol","floor":11,"gold_loss":0}],"is_beta":true,"boss_relics":[],"items_purged_floors":[],"is_endless":false,"potions_floor_spawned":[1,2,14],"killed_by":"Hexaghost","ascension_level":20}