{"gold_per_floor":[112,162,174,45,63,63,92,92,116,142,142,142,161,186,186,264,264,281,281,2,16,32,32],"floor_reached":23,"playtime":983,"items_purged":[],"score":378,"play_id":"7eb8bd61-68d3-4826-8d5c-fbde5c7fbf62","local_time":"20190316192433","is_ascension_mode":true,"campfire_choices":[{"floor":6,"key":"REST"},{"floor":8,"key":"REST"},{"floor":11,"key":"REST"},{"floor":15,"key":"REST"}],"neow_cost":"NONE","seed_source_timestamp":896837662005136,"circlet_count":0,"master_deck":["AscendersBane","Strike_R","Strike_R","Strike_R","Strike_R","Strike_R","Defend_R","Defend_R","Defend_R","Defend_R","Bash","Havoc","Havoc","Spot Weakness","Dropkick","Heavy Blade","Disarm","Metallicize","Shrug It Off","Demon Form","Heavy Blade+1","Cleave","Shrug It Off"],"relics":["Runic Cube","Centennial Puzzle","Pen Nib","Smiling Mask","Orichalcum","Velvet Choker","Strawberry"],"potions_floor_usage":[10,10,13,20],"damage_taken":[{"damage":14,"enemies":"Small Slimes","floor":1,"turns":4},{"damage":7,"enemies":"Cultist","floor":3,"turns":4},{"damage":16,"enemies":"Jaw Worm","floor":5,"turns":5},{"damage":35,"enemies":"Lagavulin","floor":7,"turns":6},{"damage":35,"enemies":"Gremlin Nob","floor":10,"turns":4},{"damage":0,"enemies":"Exordium Wildlife","floor":13,"turns":3},{"damage":38,"enemies":"The Guardian","floor":16,"turns":14},{"damage":11,"enemies":"Shell Parasite","floor":18,"turns":4},{"damage":22,"enemies":"2 Thieves","floor":21,"turns":4},{"damage":30,"enemies":"Snake Plant","floor":22,"turns":4},{"damage":8,"enemies":"Slavers","floor":23,"turns":1}],"seed_played":"4648815473044649675","potions_obtained":[{"floor":3,"key":"SpeedPotion"},{"floor":7,"key":"Block Potion"},{"floor":10,"key":"SteroidPotion"}],"is_trial":false,"path_per_floor":["M","?","M","$","M","R","E","R","T","E","R","?","M","T","R","B",null,"M","?","$","M","M","E"],"character_chosen":"IRONCLAD","items_purchased":["Spot Weakness","Dropkick","Fruit Juice","Strawberry"],"campfire_rested":4,"item_purchase_floors":[4,4,20,20],"current_hp_per_floor":[54,54,47,47,31,53,18,40,40,5,27,27,27,27,49,11,59,48,43,55,33,3,0],"gold":32,"neow_bonus":"BOSS_RELIC","is_prod":false,"is_daily":false,"chose_seed":false,"campfire_upgraded":0,"win_rate":0,"timestamp":1552789473,"path_taken":["M","?","M","$","?","R","E","R","T","E","R","?","M","?","R","BOSS","M","?","$","?","M","E"],"build_version":"2019-01-23","purchased_purges":0,"victory":false,"max_hp_per_floor":[75,75,75,75,75,75,75,75,75,75,75,75,75,75,75,75,75,75,75,87,87,87,87],"card_choices":[{"not_picked":["Thunderclap","Uppercut"],"picked":"Havoc","floor":1},{"not_picked":["Fire Breathing","Flex"],"picked":"Havoc","floor":3},{"not_picked":["Seeing Red","Flame Barrier"],"picked":"Heavy Blade","floor":5},{"not_picked":["Ghostly Armor","Perfected Strike"],"picked":"Disarm","floor":7},{"not_picked":["Cleave","Perfected Strike"],"picked":"Metallicize","floor":10},{"not_picked":["Feed","Flex"],"picked":"Shrug It Off","floor":13},{"not_picked":["Bludgeon","Brutality"],"picked":"Demon Form","floor":16},{"not_picked":["Iron Wave","Twin Strike"],"picked":"Heavy Blade+1","floor":18},{"not_picked":["Evolve+1","Perfected Strike"],"picked":"Cleave","floor":21},{"not_picked":["Bloodletting","Fire Breathing"],"picked":"Shrug It Off","floor":22}],"player_experience":620868,"relics_obtained":[{"floor":7,"key":"Centennial Puzzle"},{"floor":9,"key":"Pen Nib"},{"floor":10,"key":"Smiling Mask"},{"floor":14,"key":"Orichalcum"}],"event_choices":[{"damage_healed":0,"gold_gain":50,"player_choice":"Pray","damage_taken":0,"max_hp_gain":0,"max_hp_loss":0,"event_name":"Golden Shrine","floor":2,"gold_loss":0},{"damage_healed":0,"gold_gain":0,"player_choice":"Ignored","damage_taken":0,"max_hp_gain":0,"max_hp_loss":0,"event_name":"Liars Game","floor":12,"gold_loss":0},{"damage_healed":0,"gold_gain":0,"player_choice":"Punched","damage_taken":5,"max_hp_gain":0,"max_hp_loss":0,"event_name":"Designer","floor":19,"gold_loss":0}],"is_beta":false,"boss_relics":[{"not_picked":["Ectoplasm","Runic Pyramid"],"picked":"Velvet Choker"}],"items_purged_floors":[],"is_endless":false,"potions_floor_spawned":[3,7,10],"killed_by":"Slavers","ascension_level":18}