{"gold_per_floor":[113,126,146,196,215,215,246,246,246,275,288,298,298,328,328,401,401,421,421,11,11,11],"floor_reached":22,"playtime":1319,"items_purged":[],"score":388,"play_id":"ab55ce0e-da38-429b-ae6e-adbcc6188646","local_time":"20190321205301","is_ascension_mode":true,"campfire_choices":[{"data":"Bash","floor":6,"key":"SMITH"},{"data":"Shrug It Off","floor":8,"key":"SMITH"},{"data":"Barricade","floor":15,"key":"SMITH"}],"neow_cost":"NONE","seed_source_timestamp":121374685372,"circlet_count":0,"master_deck":["AscendersBane","Strike_R","Strike_R","Strike_R","Strike_R+1","Strike_R+1","Defend_R","Defend_R","Defend_R","Defend_R","Bash+1","Shrug It Off+1","Pommel Strike","Anger","Shrug It Off","Juggernaut","Barricade+1","Rampage","Seeing Red","Perfected Strike","Limit Break","Shockwave","Forethought","Spot Weakness"],"relics":["Burning Blood","Oddly Smooth Stone","Pen Nib","Whetstone","Mercury Hourglass","PreservedInsect","Black Star","OrangePellets"],"potions_floor_usage":[10,18,18],"damage_taken":[{"damage":2,"enemies":"Small Slimes","floor":1,"turns":4},{"damage":5,"enemies":"Cultist","floor":2,"turns":4},{"damage":1,"enemies":"2 Louse","floor":3,"turns":3},{"damage":13,"enemies":"Blue Slaver","floor":5,"turns":2},{"damage":8,"enemies":"Gremlin Nob","floor":7,"turns":3},{"damage":16,"enemies":"Lagavulin","floor":10,"turns":7},{"damage":8,"enemies":"Red Slaver","floor":11,"turns":3},{"damage":17,"enemies":"Exordium Wildlife","floor":12,"turns":5},{"damage":5,"enemies":"3 Sentries","floor":14,"turns":6},{"damage":7,"enemies":"The Guardian","floor":16,"turns":10},{"damage":6,"enemies":"Chosen","floor":18,"turns":5},{"damage":54,"enemies":"Colosseum Slavers","floor":19,"turns":5},{"damage":32,"enemies":"Shell Parasite","floor":22,"turns":4}],"seed_played":"2627419342835969899","potions_obtained":[{"floor":1,"key":"Poison Potion"},{"floor":5,"key":"AttackPotion"},{"floor":11,"key":"Block Potion"}],"is_trial":false,"path_per_floor":["M","M","M","?","M","R","E","R","T","E","M","M","?","E","R","B",null,"M","?","$","?","M"],"character_chosen":"IRONCLAD","items_purchased":["Forethought","Spot Weakness","OrangePellets"],"campfire_rested":0,"item_purchase_floors":[20,20,20],"current_hp_per_floor":[72,73,75,68,61,61,59,59,59,49,47,36,36,37,37,36,65,65,17,17,32,0],"gold":11,"neow_bonus":"RANDOM_COMMON_RELIC","is_prod":false,"is_daily":false,"chose_seed":false,"campfire_upgraded":3,"win_rate":0,"timestamp":1553226781,"path_taken":["M","M","M","?","M","R","E","R","T","E","?","M","?","E","R","BOSS","M","?","$","?","M"],"build_version":"2019-01-23","purchased_purges":0,"victory":false,"max_hp_per_floor":[75,75,75,75,75,75,75,75,75,75,75,75,75,75,75,75,75,75,75,75,75,75],"card_choices":[{"not_picked":["Cleave","True Grit"],"picked":"Shrug It Off","floor":1},{"not_picked":["Iron Wave","Cleave"],"picked":"Pommel Strike","floor":2},{"not_picked":["Sever Soul","Wild Strike"],"picked":"Anger","floor":3},{"not_picked":["Cleave","Warcry"],"picked":"Shrug It Off","floor":5},{"not_picked":["Power Through","Armaments"],"picked":"Juggernaut","floor":7},{"not_picked":["Shockwave","Rupture"],"picked":"Barricade","floor":10},{"not_picked":["Heavy Blade","Headbutt"],"picked":"Rampage","floor":11},{"not_picked":["Iron Wave","Anger"],"picked":"Seeing Red","floor":12},{"not_picked":["Clothesline","Iron Wave"],"picked":"Perfected Strike","floor":14},{"not_picked":["Juggernaut","Bludgeon"],"picked":"Limit Break","floor":16},{"not_picked":["Uppercut","Rampage"],"picked":"Shockwave","floor":18}],"player_experience":623202,"relics_obtained":[{"floor":7,"key":"Pen Nib"},{"floor":9,"key":"Whetstone"},{"floor":10,"key":"Mercury Hourglass"},{"floor":14,"key":"PreservedInsect"}],"event_choices":[{"damage_healed":0,"gold_gain":50,"player_choice":"Touch","damage_taken":7,"max_hp_gain":0,"max_hp_loss":0,"event_name":"FaceTrader","floor":4,"gold_loss":0},{"damage_healed":0,"gold_gain":0,"player_choice":"Ignored","damage_taken":0,"max_hp_gain":0,"max_hp_loss":0,"event_name":"Liars Game","floor":13,"gold_loss":0},{"damage_healed":0,"gold_gain":0,"player_choice":"Fight","damage_taken":0,"max_hp_gain":0,"max_hp_loss":0,"event_name":"Colosseum","floor":19,"gold_loss":0},{"damage_healed":0,"gold_gain":0,"player_choice":"Fled From Nobs","damage_taken":0,"max_hp_gain":0,"max_hp_loss":0,"event_name":"Colosseum","floor":19,"gold_loss":0},{"damage_healed":15,"gold_gain":0,"player_choice":"Heal","damage_taken":0,"max_hp_gain":0,"max_hp_loss":0,"event_name":"The Library","floor":21,"gold_loss":0}],"is_beta":false,"boss_relics":[{"not_picked":["Busted Crown","Cursed Key"],"picked":"Black Star"}],"items_purged_floors":[],"is_endless":false,"potions_floor_spawned":[1,5,11,19],"killed_by":"Shell Parasite","ascension_level":18}