{"gold_per_floor":[117,132,142,71,85,85,111,131,131,20,36,36,51,70,70,168,168,186,186,186,286,214,214,234,234,234,234,250,250,216,244,244,346,346,358,369,380,380,380,380,396,407,407,420,420,437,437,453,453,453],"floor_reached":50,"playtime":1873,"items_purged":[],"score":515,"play_id":"8525e236-9e1a-4993-b26e-2c324e899b3b","local_time":"20190407030835","is_ascension_mode":true,"campfire_choices":[{"data":"Loop","floor":6,"key":"SMITH"},{"floor":15,"key":"REST"},{"floor":23,"key":"REST"},{"data":"Storm","floor":25,"key":"SMITH"},{"data":"Electrodynamics","floor":27,"key":"SMITH"},{"floor":32,"key":"REST"},{"data":"Capacitor","floor":40,"key":"SMITH"},{"floor":45,"key":"REST"},{"floor":47,"key":"REST"},{"floor":49,"key":"REST"}],"neow_cost":"NONE","seed_source_timestamp":287851567407227,"circlet_count":0,"master_deck":["Zap","Dualcast","Ball Lightning","Melter","Loop+1","Redo","Beam Cell","Reinforced Body","Genetic Algorithm","Self Repair","Conserve Battery","Reboot","Electrodynamics+1","Skim+1","Storm+1","Force Field+1","Ball Lightning","Static Discharge","Double Energy","Biased Cognition","Glacier","Core Surge","Beam Cell","Defragment","Barrage","Hologram","Self Repair","Capacitor+1","Defragment","Capacitor+1"],"relics":["Cracked Core","NeowsBlessing","Symbiotic Virus","Shuriken","Sozu","Ancient Tea Set","Pantograph","Singing Bowl","Pandora\u0027s Box","Dead Branch"],"potions_floor_usage":[7,33,33,42],"damage_taken":[{"damage":0,"enemies":"Cultist","floor":1,"turns":1},{"damage":0,"enemies":"Jaw Worm","floor":2,"turns":1},{"damage":0,"enemies":"2 Louse","floor":3,"turns":1},{"damage":9,"enemies":"Red Slaver","floor":5,"turns":2},{"damage":36,"enemies":"Lagavulin","floor":7,"turns":5},{"damage":9,"enemies":"3 Louse","floor":8,"turns":2},{"damage":8,"enemies":"2 Fungi Beasts","floor":11,"turns":4},{"damage":0,"enemies":"Large Slime","floor":13,"turns":4},{"damage":9,"enemies":"Red Slaver","floor":14,"turns":3},{"damage":15,"enemies":"Hexaghost","floor":16,"turns":7},{"damage":12,"enemies":"Chosen","floor":18,"turns":4},{"damage":16,"enemies":"Shell Parasite","floor":24,"turns":4},{"damage":0,"enemies":"Centurion and Healer","floor":28,"turns":2},{"damage":44,"enemies":"Gremlin Leader","floor":31,"turns":6},{"damage":50,"enemies":"Champ","floor":33,"turns":11},{"damage":24,"enemies":"Orb Walker","floor":35,"turns":4},{"damage":4,"enemies":"3 Shapes","floor":36,"turns":3},{"damage":18,"enemies":"Spire Growth","floor":37,"turns":5},{"damage":23,"enemies":"Transient","floor":41,"turns":5},{"damage":24,"enemies":"4 Shapes","floor":42,"turns":4},{"damage":17,"enemies":"3 Darklings","floor":44,"turns":3},{"damage":27,"enemies":"Writhing Mass","floor":46,"turns":3},{"damage":27,"enemies":"Jaw Worm Horde","floor":48,"turns":2},{"damage":91,"enemies":"Awakened One","floor":50,"turns":4}],"seed_played":"-1956314077533118303","potions_obtained":[{"floor":3,"key":"PowerPotion"},{"floor":5,"key":"Regen Potion"},{"floor":7,"key":"Poison Potion"},{"floor":13,"key":"Block Potion"}],"is_trial":false,"path_per_floor":["M","M","M","$","M","R","E","M","T","$","M","?","M","M","R","B",null,"M","?","?","?","$","R","M","R","T","R","M","?","$","E","R","B",null,"M","M","M","?","?","R","M","M","T","M","R","M","R","M","R","B"],"character_chosen":"DEFECT","items_purchased":["Loop","Genetic Algorithm","Self Repair","Storm","Double Energy"],"campfire_rested":6,"item_purchase_floors":[4,10,10,22,30],"current_hp_per_floor":[75,75,75,75,66,66,39,30,30,30,29,29,36,34,56,48,75,70,70,56,56,56,80,71,71,71,71,78,78,78,43,67,39,82,67,70,61,61,61,61,47,23,23,13,38,27,52,27,53,0],"gold":453,"neow_bonus":"THREE_ENEMY_KILL","is_prod":false,"is_daily":false,"chose_seed":false,"campfire_upgraded":4,"win_rate":0,"timestamp":1554620915,"path_taken":["M","?","M","?","M","R","E","M","T","$","?","?","M","M","R","BOSS","M","?","?","?","$","R","M","R","T","R","?","?","$","E","R","BOSS","M","M","M","?","?","R","?","M","T","M","R","M","R","M","R","BOSS"],"build_version":"2019-01-23","purchased_purges":0,"victory":false,"max_hp_per_floor":[75,75,75,75,75,75,75,75,75,75,75,75,75,75,75,75,75,75,75,80,80,80,80,80,80,80,80,80,80,80,82,82,82,82,84,84,86,82,82,82,84,84,84,84,84,86,86,88,88,88],"card_choices":[{"not_picked":["Barrage","Sweeping Beam"],"picked":"Ball Lightning","floor":1},{"not_picked":["Hologram","Turbo"],"picked":"Melter","floor":2},{"not_picked":["Rip and Tear","Hyperbeam","Rebound"],"picked":"SKIP","floor":3},{"not_picked":["Coolheaded","Barrage"],"picked":"Redo","floor":5},{"not_picked":["Undo","Compile Driver"],"picked":"Beam Cell","floor":7},{"not_picked":["Blizzard","Gash"],"picked":"Reinforced Body","floor":8},{"not_picked":["Chaos","Turbo"],"picked":"Conserve Battery","floor":11},{"not_picked":["Cold Snap","Gash"],"picked":"Reboot","floor":13},{"not_picked":["Hologram","Sweeping Beam","Rebound"],"picked":"SKIP","floor":14},{"not_picked":["Multi-Cast","Reboot"],"picked":"Electrodynamics","floor":16},{"not_picked":["Hologram+1","Hello World"],"picked":"Skim+1","floor":18},{"not_picked":["Stack","Beam Cell+1"],"picked":"Force Field+1","floor":24},{"not_picked":["Coolheaded","Sweeping Beam"],"picked":"Ball Lightning","floor":28},{"not_picked":["Darkness+1","Echo Form","Consume"],"picked":"Singing Bowl","floor":31},{"not_picked":["Rainbow","All For One"],"picked":"Biased Cognition","floor":33},{"not_picked":["Coolheaded","Steam Power+1","Glacier"],"picked":"Singing Bowl","floor":35},{"not_picked":["Stack","Cold Snap+1"],"picked":"Capacitor","floor":36},{"not_picked":["Go for the Eyes+1","Ball Lightning+1","Coolheaded+1"],"picked":"Singing Bowl","floor":37},{"not_picked":["Rip and Tear","Double Energy+1","Melter"],"picked":"Singing Bowl","floor":41},{"not_picked":["Coolheaded","Static Discharge+1"],"picked":"Defragment","floor":42},{"not_picked":["Redo+1","Thunder Strike"],"picked":"Capacitor+1","floor":44},{"not_picked":["Static Discharge","Beam Cell","Turbo+1"],"picked":"Singing Bowl","floor":46},{"not_picked":["Static Discharge","Cold Snap","Beam Cell+1"],"picked":"Singing Bowl","floor":48}],"player_experience":222009,"relics_obtained":[{"floor":7,"key":"Symbiotic Virus"},{"floor":9,"key":"Shuriken"},{"floor":26,"key":"Pantograph"},{"floor":31,"key":"Singing Bowl"},{"floor":43,"key":"Dead Branch"}],"event_choices":[{"damage_healed":0,"gold_gain":0,"player_choice":"Ignored","damage_taken":0,"max_hp_gain":0,"max_hp_loss":0,"event_name":"Shining Light","floor":12,"gold_loss":0},{"damage_healed":0,"gold_gain":0,"player_choice":"Opened","damage_taken":0,"relics_obtained":["Ancient Tea Set"],"max_hp_gain":0,"max_hp_loss":0,"event_name":"The Mausoleum","floor":19,"gold_loss":0},{"damage_healed":0,"gold_gain":0,"player_choice":"Shed Blood","damage_taken":19,"max_hp_gain":5,"max_hp_loss":0,"event_name":"Forgotten Altar","floor":20,"gold_loss":0},{"damage_healed":0,"gold_gain":100,"player_choice":"Pray","damage_taken":0,"max_hp_gain":0,"max_hp_loss":0,"event_name":"Golden Shrine","floor":21,"gold_loss":0},{"damage_healed":0,"gold_gain":0,"player_choice":"Read","damage_taken":0,"max_hp_gain":0,"max_hp_loss":0,"event_name":"The Library","floor":29,"gold_loss":0,"cards_obtained":["Static Discharge"]},{"damage_healed":0,"gold_gain":0,"player_choice":"Max HP","damage_taken":0,"max_hp_gain":0,"max_hp_loss":4,"event_name":"Winding Halls","floor":38,"gold_loss":0},{"cards_removed":["Ball Lightning"],"damage_healed":0,"gold_gain":0,"player_choice":"Purged","damage_taken":0,"max_hp_gain":0,"max_hp_loss":0,"event_name":"Purifier","floor":39,"gold_loss":0}],"is_beta":false,"boss_relics":[{"not_picked":["Philosopher\u0027s Stone","Busted Crown"],"picked":"Sozu"},{"not_picked":["FrozenCore","Fusion Hammer"],"picked":"Pandora\u0027s Box"}],"items_purged_floors":[],"is_endless":false,"potions_floor_spawned":[3,5,7,13,24,31,35,42,46],"killed_by":"Awakened One","ascension_level":2}