{"gold_per_floor":[114,189,189,154,154,154,188,188,211,211,230,230,250,269,269,368,368,353,353,353,123,38,38,38,38,38,38,38,38,38,38,38,38,38,38,38,38,38,38,0,0,0,0,0,0,0,0,0,0,0],"floor_reached":51,"playtime":975,"items_purged":["Regret"],"score":752,"play_id":"9c56aff6-ccc9-4b73-a81b-4bfd521f457d","local_time":"20190411164903","is_ascension_mode":false,"campfire_choices":[{"data":"Inflame","floor":6,"key":"SMITH"},{"data":"Disarm","floor":8,"key":"SMITH"},{"data":"Bash","floor":10,"key":"SMITH"},{"data":"Disarm","floor":12,"key":"SMITH"},{"data":"Whirlwind","floor":15,"key":"SMITH"},{"data":"Immolate","floor":23,"key":"SMITH"},{"data":"Battle Trance","floor":27,"key":"SMITH"},{"data":"Defend_R","floor":29,"key":"SMITH"},{"data":"Disarm","floor":32,"key":"SMITH"},{"data":"Limit Break","floor":41,"key":"SMITH"},{"data":"Uppercut","floor":44,"key":"SMITH"},{"data":"Madness","floor":46,"key":"SMITH"},{"floor":49,"key":"REST"}],"neow_cost":"NONE","seed_source_timestamp":4526192927172,"circlet_count":0,"master_deck":["Strike_R","Strike_R","Strike_R","Strike_R+1","Strike_R","Defend_R+1","Defend_R+1","Defend_R+1","Bash+1","Writhe","Battle Trance+1","Inflame+1","Disarm+1","Disarm+1","Whirlwind+1","Immolate+1","Flex+1","Flex+1","Disarm+1","Limit Break+1","Madness+1","Uppercut+1"],"relics":["Calling Bell","PreservedInsect","Blue Candle","Incense Burner","Singing Bowl","War Paint","Ectoplasm","Lantern","Centennial Puzzle","Bottled Lightning","Question Card","Darkstone Periapt","Orichalcum","Busted Crown","Ginger","Red Mask","Blood Vial"],"potions_floor_usage":[16,18,33,47,50,50],"damage_taken":[{"damage":21,"enemies":"Jaw Worm","floor":1,"turns":6},{"damage":22,"enemies":"Lagavulin","floor":7,"turns":6},{"damage":2,"enemies":"2 Louse","floor":11,"turns":3},{"damage":1,"enemies":"Cultist","floor":13,"turns":3},{"damage":1,"enemies":"Large Slime","floor":14,"turns":5},{"damage":5,"enemies":"Hexaghost","floor":16,"turns":9},{"damage":11,"enemies":"2 Thieves","floor":18,"turns":2},{"damage":2,"enemies":"Book of Stabbing","floor":24,"turns":4},{"damage":1,"enemies":"Spheric Guardian","floor":30,"turns":1},{"damage":9,"enemies":"Slavers","floor":31,"turns":3},{"damage":43,"enemies":"Automaton","floor":33,"turns":10},{"damage":1,"enemies":"Orb Walker","floor":35,"turns":1},{"damage":0,"enemies":"3 Darklings","floor":36,"turns":1},{"damage":15,"enemies":"2 Orb Walkers","floor":38,"turns":2},{"damage":25,"enemies":"4 Shapes","floor":42,"turns":2},{"damage":1,"enemies":"Jaw Worm Horde","floor":45,"turns":1},{"damage":1,"enemies":"Writhing Mass","floor":47,"turns":4},{"damage":40,"enemies":"Awakened One","floor":50,"turns":7}],"seed_played":"6963203382479027398","potions_obtained":[{"floor":7,"key":"Block Potion"},{"floor":11,"key":"EssenceOfSteel"},{"floor":14,"key":"Fire Potion"},{"floor":24,"key":"Swift Potion"},{"floor":30,"key":"SteroidPotion"},{"floor":31,"key":"BloodPotion"},{"floor":33,"key":"Poison Potion"},{"floor":35,"key":"Regen Potion"}],"is_trial":false,"path_per_floor":["M","?","?","?","?","R","E","R","T","R","M","R","M","M","R","B",null,"M","?","?","$","?","R","E","?","T","R","T","R","M","E","R","B",null,"M","M","?","?","?","?","R","M","T","R","M","R","M","$","R","B",null],"character_chosen":"IRONCLAD","items_purchased":["Lantern"],"campfire_rested":1,"item_purchase_floors":[21],"current_hp_per_floor":[59,48,32,52,52,52,30,30,30,30,28,28,27,28,28,23,82,71,55,55,55,55,55,53,53,53,53,53,53,54,45,45,10,89,90,92,92,79,73,73,73,48,48,48,51,51,66,66,96,58],"gold":0,"neow_bonus":"BOSS_RELIC","is_prod":false,"is_daily":false,"chose_seed":false,"campfire_upgraded":12,"win_rate":0,"timestamp":1555022943,"path_taken":["M","?","?","?","?","R","E","R","T","R","M","R","M","?","R","BOSS","M","?","?","$","?","R","E","?","T","R","?","R","M","E","R","BOSS","M","M","?","?","?","?","R","M","T","R","M","R","M","?","R","BOSS"],"build_version":"2019-01-23","purchased_purges":1,"victory":true,"max_hp_per_floor":[80,80,80,80,80,80,80,80,80,80,80,80,80,82,82,82,82,82,87,87,87,87,87,87,87,87,87,87,87,89,89,89,89,89,91,93,93,95,99,99,99,99,99,99,101,101,103,103,103,103],"card_choices":[{"not_picked":["True Grit","Clothesline"],"picked":"Battle Trance","floor":1},{"not_picked":["Rage","Corruption"],"picked":"Disarm","floor":7},{"not_picked":["Wild Strike","Shockwave"],"picked":"Disarm","floor":11},{"not_picked":["Shockwave","Cleave"],"picked":"Whirlwind","floor":13},{"not_picked":["Fiend Fire","Twin Strike","Clash"],"picked":"Singing Bowl","floor":14},{"not_picked":["Demon Form","Berserk"],"picked":"Immolate","floor":16},{"not_picked":["Wild Strike+1","Perfected Strike+1"],"picked":"Flex+1","floor":18},{"not_picked":["Armaments","Clothesline+1"],"picked":"Flex+1","floor":24},{"not_picked":["Cleave","Wild Strike+1","Flex","Iron Wave+1"],"picked":"Singing Bowl","floor":30},{"not_picked":["Second Wind+1","Havoc","Iron Wave"],"picked":"Disarm","floor":31},{"not_picked":["Juggernaut","Berserk","Fiend Fire"],"picked":"Limit Break","floor":33},{"not_picked":["Sword Boomerang","Blood for Blood"],"picked":"Singing Bowl","floor":35},{"not_picked":["Body Slam+1","True Grit+1"],"picked":"Singing Bowl","floor":36},{"not_picked":["Corruption+1","Armaments"],"picked":"Singing Bowl","floor":38},{"not_picked":["Sadistic Nature","Thinking Ahead"],"picked":"Singing Bowl","floor":39},{"not_picked":["Enlightenment","Swift Strike"],"picked":"Singing Bowl","floor":39},{"not_picked":["Dramatic Entrance"],"picked":"Madness","floor":39},{"not_picked":["Armaments"],"picked":"Uppercut","floor":42},{"not_picked":["Combust","Body Slam"],"picked":"Singing Bowl","floor":45},{"not_picked":["Sever Soul","Twin Strike+1"],"picked":"Singing Bowl","floor":47}],"player_experience":1193179,"relics_obtained":[{"floor":0,"key":"PreservedInsect"},{"floor":0,"key":"Blue Candle"},{"floor":0,"key":"Incense Burner"},{"floor":7,"key":"Singing Bowl"},{"floor":9,"key":"War Paint"},{"floor":24,"key":"Bottled Lightning"},{"floor":26,"key":"Question Card"},{"floor":28,"key":"Darkstone Periapt"},{"floor":31,"key":"Orichalcum"},{"floor":38,"key":"Ginger"},{"floor":43,"key":"Blood Vial"}],"event_choices":[{"damage_healed":0,"gold_gain":75,"player_choice":"Gather Gold","damage_taken":11,"max_hp_gain":0,"max_hp_loss":0,"event_name":"World of Goop","floor":2,"gold_loss":0},{"damage_healed":0,"gold_gain":0,"player_choice":"Entered Light","damage_taken":16,"max_hp_gain":0,"max_hp_loss":0,"event_name":"Shining Light","floor":3,"gold_loss":0,"cards_upgraded":["Defend_R","Strike_R"]},{"damage_healed":20,"gold_gain":0,"player_choice":"Healed","damage_taken":0,"max_hp_gain":0,"max_hp_loss":0,"event_name":"The Cleric","floor":4,"gold_loss":35},{"cards_removed":["Normality"],"damage_healed":0,"gold_gain":0,"player_choice":"Took Card","damage_taken":0,"max_hp_gain":0,"max_hp_loss":0,"event_name":"NoteForYourself","floor":5,"gold_loss":0,"cards_obtained":["Inflame"]},{"damage_healed":0,"gold_gain":0,"player_choice":"Shed Blood","damage_taken":21,"max_hp_gain":5,"max_hp_loss":0,"event_name":"Forgotten Altar","floor":19,"gold_loss":0},{"damage_healed":0,"gold_gain":99,"player_choice":"Stole From Cult","damage_taken":0,"max_hp_gain":0,"max_hp_loss":0,"event_name":"Nest","floor":20,"gold_loss":0},{"damage_healed":0,"gold_gain":0,"player_choice":"Obtained Relic","damage_taken":0,"relics_obtained":["Centennial Puzzle"],"max_hp_gain":0,"max_hp_loss":0,"event_name":"Addict","floor":22,"gold_loss":85},{"damage_healed":0,"gold_gain":0,"player_choice":"Ignored","damage_taken":0,"max_hp_gain":0,"max_hp_loss":0,"event_name":"Vampires","floor":25,"gold_loss":0},{"cards_removed":["Defend_R"],"damage_healed":0,"gold_gain":0,"player_choice":"Removed Skill","damage_taken":0,"max_hp_gain":0,"max_hp_loss":0,"event_name":"Falling","floor":37,"gold_loss":0},{"damage_healed":0,"gold_gain":0,"player_choice":"Fight","damage_taken":0,"max_hp_gain":0,"max_hp_loss":0,"event_name":"Mysterious Sphere","floor":38,"gold_loss":0},{"damage_healed":0,"gold_gain":0,"player_choice":"Memory 3","damage_taken":10,"max_hp_gain":0,"max_hp_loss":0,"event_name":"SensoryStone","floor":39,"gold_loss":0},{"damage_healed":0,"gold_gain":0,"player_choice":"Paid","damage_taken":0,"relics_obtained":["Red Mask"],"max_hp_gain":0,"max_hp_loss":0,"event_name":"Tomb of Lord Red Mask","floor":40,"gold_loss":38}],"is_beta":false,"boss_relics":[{"not_picked":["Empty Cage","Runic Dome"],"picked":"Ectoplasm"},{"not_picked":["Eternal Feather","Sozu"],"picked":"Busted Crown"}],"items_purged_floors":[21],"is_endless":false,"potions_floor_spawned":[7,11,14,24,30,31,33,35,36,38,45],"ascension_level":0}