{"gold_per_floor":[112,125,125,125,50,50,62,82,82,100,100,100,115,130,130,130],"floor_reached":16,"playtime":619,"items_purged":["Defend_G"],"score":94,"play_id":"5924874c-c815-443c-822d-fb752e92b7cd","local_time":"20180713150854","is_ascension_mode":false,"campfire_choices":[{"data":"Skewer","floor":6,"key":"SMITH"},{"floor":12,"key":"REST"},{"floor":15,"key":"REST"}],"neow_cost":"NONE","seed_source_timestamp":197535820607281,"circlet_count":0,"master_deck":["Defend_G","Defend_G","Defend_G","Defend_G","Strike_G","Strike_G","Strike_G","Strike_G","Survivor","Neutralize+1","Acrobatics","Poisoned Stab+1","Skewer+1","Noxious Fumes"],"relics":["Ring of the Snake","NeowsBlessing","Letter Opener","Frozen Egg 2"],"potions_floor_usage":[16],"damage_taken":[{"damage":0,"enemies":"Jaw Worm","floor":1,"turns":1},{"damage":0,"enemies":"Cultist","floor":2,"turns":1},{"damage":0,"enemies":"2 Louse","floor":7,"turns":1},{"damage":2,"enemies":"Looter","floor":8,"turns":4},{"damage":9,"enemies":"2 Fungi Beasts","floor":10,"turns":3},{"damage":26,"enemies":"Lots of Slimes","floor":13,"turns":5},{"damage":19,"enemies":"Exordium Wildlife","floor":14,"turns":4},{"damage":42,"enemies":"The Guardian","floor":16,"turns":8}],"seed_played":"-8570771373956525985","potions_obtained":[{"floor":1,"key":"Fire Potion"},{"floor":8,"key":"Dexterity Potion"},{"floor":10,"key":"SkillPotion"}],"is_trial":false,"path_per_floor":["M","M","?","?","$","R","M","M","T","M","T","R","M","M","R"],"character_chosen":"THE_SILENT","items_purchased":[],"campfire_rested":2,"item_purchase_floors":[],"current_hp_per_floor":[70,70,70,56,56,56,56,54,54,45,45,66,40,21,42,0],"gold":130,"neow_bonus":"THREE_ENEMY_KILL","is_prod":false,"is_daily":false,"chose_seed":false,"campfire_upgraded":1,"win_rate":0,"timestamp":1531508934,"path_taken":["M","M","?","?","$","R","?","?","T","M","?","R","M","M","R","BOSS"],"build_version":"2018-07-12","purchased_purges":1,"victory":false,"max_hp_per_floor":[70,70,70,70,70,70,70,70,70,70,70,70,70,70,70,70],"card_choices":[{"not_picked":["Finisher","Malaise"],"picked":"Acrobatics","floor":1},{"not_picked":["Prepared","Underhanded Strike"],"picked":"Poisoned Stab","floor":2},{"not_picked":["Deflect","Backstab"],"picked":"Noxious Fumes","floor":7},{"not_picked":["Dagger Spray","Deflect","Cloak And Dagger"],"picked":"SKIP","floor":8},{"not_picked":["Acrobatics","Riddle With Holes","Calculated Gamble"],"picked":"SKIP","floor":10},{"not_picked":["Deflect","Sucker Punch","Malaise"],"picked":"SKIP","floor":13},{"not_picked":["Underhanded Strike","Caltrops+1","Deadly Poison"],"picked":"SKIP","floor":14}],"player_experience":235980,"relics_obtained":[{"floor":9,"key":"Letter Opener"},{"floor":11,"key":"Frozen Egg 2"}],"event_choices":[{"event_name":"Transmorgrifier","player_choice":"Transform","floor":3,"damage_taken":0},{"event_name":"Shining Light","player_choice":"Entered Light","floor":4,"damage_taken":0}],"boss_relics":[],"items_purged_floors":[5],"is_endless":false,"potions_floor_spawned":[1,8,10],"killed_by":"The Guardian","ascension_level":0}