{"gold_per_floor":[14,14,32,32,43,74,74,94,94,94,129,146,146,176,176,281,281,295,313,238,238,238,270,270,282,282,282,295,328,81,0,0,105,105,123,123,123,143,61,61,86,104,104,154,186,186,205,216,216,216],"floor_reached":51,"playtime":4962,"items_purged":["Strike_R"],"score":788,"play_id":"aa1a5c54-33f0-4474-b5b9-d86016ee531d","local_time":"20190221214912","is_ascension_mode":false,"campfire_choices":[{"data":"Armaments","floor":10.0,"key":"SMITH"},{"data":"Seeing Red","floor":13.0,"key":"SMITH"},{"data":"Body Slam","floor":15.0,"key":"SMITH"},{"data":"Searing Blow","floor":24.0,"key":"SMITH"},{"data":"Body Slam","floor":27,"key":"SMITH"},{"data":"Armaments","floor":32,"key":"SMITH"},{"data":"Demon Form","floor":40,"key":"SMITH"},{"data":"Juggernaut","floor":49,"key":"SMITH"}],"neow_cost":"NO_GOLD","seed_source_timestamp":0,"circlet_count":0,"master_deck":["Strike_R","Strike_R","Strike_R+1","Defend_R","Defend_R+1","Defend_R","Defend_R","Bash","Seeing Red+1","Body Slam+1","Body Slam+1","Searing Blow+1","Entrench","Body Slam+1","Anger+1","Armaments+1","Demon Form+1","Juggernaut+1","Flame Barrier","Iron Wave","Entrench","Parasite","Iron Wave+1"],"special_seed":0,"relics":["Burning Blood","Thread and Needle","Self Forming Clay","Ornamental Fan","Matryoshka","Happy Flower","Letter Opener","Du-Vu Doll","Centennial Puzzle","Runic Pyramid","Enchiridion","Gremlin Horn","PreservedInsect","Lantern","Ancient Tea Set","Pen Nib","Velvet Choker","Smiling Mask","Calipers","Charon\u0027s Ashes","Molten Egg 2","Paper Frog"],"potions_floor_usage":[50,50,50],"damage_taken":[{"damage":0.0,"enemies":"Jaw Worm","floor":1.0,"turns":6.0},{"damage":0.0,"enemies":"Small Slimes","floor":3.0,"turns":3.0},{"damage":0.0,"enemies":"2 Louse","floor":5.0,"turns":3.0},{"damage":10.0,"enemies":"Gremlin Nob","floor":6.0,"turns":4.0},{"damage":1.0,"enemies":"Looter","floor":8.0,"turns":3.0},{"damage":5.0,"enemies":"3 Sentries","floor":11.0,"turns":10.0},{"damage":0.0,"enemies":"Large Slime","floor":12.0,"turns":6.0},{"damage":5.0,"enemies":"Lagavulin","floor":14.0,"turns":6.0},{"damage":31.0,"enemies":"Slime Boss","floor":16.0,"turns":12.0},{"damage":4.0,"enemies":"3 Byrds","floor":18.0,"turns":6.0},{"damage":12.0,"enemies":"Spheric Guardian","floor":19.0,"turns":4.0},{"damage":0.0,"enemies":"Slavers","floor":23.0,"turns":7.0},{"damage":0.0,"enemies":"3 Cultists","floor":25.0,"turns":5.0},{"damage":10,"enemies":"Centurion and Healer","floor":28,"turns":3},{"damage":9,"enemies":"Book of Stabbing","floor":29,"turns":3},{"damage":7,"enemies":"Champ","floor":33,"turns":8},{"damage":0,"enemies":"Orb Walker","floor":35,"turns":2},{"damage":3,"enemies":"3 Darklings","floor":38,"turns":5},{"damage":34,"enemies":"Nemesis","floor":41,"turns":5},{"damage":0,"enemies":"Transient","floor":42,"turns":5},{"damage":16,"enemies":"2 Orb Walkers","floor":44,"turns":3},{"damage":0,"enemies":"Reptomancer","floor":45,"turns":3},{"damage":0,"enemies":"Writhing Mass","floor":47,"turns":5},{"damage":0,"enemies":"4 Shapes","floor":48,"turns":4},{"damage":26,"enemies":"Donu and Deca","floor":50,"turns":7}],"seed_played":"-2910815319971979555","potions_obtained":[{"floor":3.0,"key":"Block Potion"},{"floor":11.0,"key":"EntropicBrew"},{"floor":16.0,"key":"Fire Potion"},{"floor":19.0,"key":"EssenceOfSteel"},{"floor":25,"key":"LiquidBronze"},{"floor":33,"key":"FearPotion"},{"floor":41,"key":"Block Potion"},{"floor":45,"key":"Fruit Juice"}],"is_trial":false,"path_per_floor":["M","?","M","?","M","E","T","M","T","R","E","M","R","E","R","B",null,"M","M","?","?","?","E","R","M","T","R","M","E","$","?","R","B",null,"M","?","?","M","$","R","E","M","T","?","E","T","M","M","R","B",null],"character_chosen":"IRONCLAD","items_purchased":["Armaments","Pen Nib","Juggernaut"],"campfire_rested":0,"item_purchase_floors":[30,30,39],"current_hp_per_floor":[80,64,70,67,73,69,69,74,74,74,75,80,80,80,80,55,80,80,74,74,74,58,64,64,70,70,70,66,63,63,63,63,62,80,80,80,80,80,80,80,52,58,58,48,54,54,60,66,66,51],"gold":216,"neow_bonus":"ONE_RARE_RELIC","is_prod":false,"is_daily":false,"chose_seed":false,"campfire_upgraded":8,"win_rate":0.0,"timestamp":1550803752,"path_taken":["M","?","M","?","M","E","?","M","T","R","E","M","R","E","R","BOSS","M","M","?","?","?","E","R","M","T","R","M","E","$","?","R","BOSS","M","?","?","M","$","R","E","M","T","?","E","?","M","M","R","BOSS"],"build_version":"2019-01-23","purchased_purges":1,"victory":true,"max_hp_per_floor":[80,80,80,80,80,80,80,80,80,80,80,80,80,80,80,80,80,80,80,80,80,80,80,80,80,80,80,80,80,80,80,80,80,80,80,80,80,80,80,80,80,80,80,80,80,80,80,80,80,85],"card_choices":[{"not_picked":["True Grit","Twin Strike","Thunderclap"],"picked":"SKIP","floor":1.0},{"not_picked":["Pommel Strike","Heavy Blade"],"picked":"Armaments","floor":3.0},{"not_picked":["Headbutt","Rupture","Pummel"],"picked":"SKIP","floor":5.0},{"not_picked":["Offering","Havoc","Infernal Blade"],"picked":"SKIP","floor":6.0},{"not_picked":["Spot Weakness","Flex","Seeing Red"],"picked":"SKIP","floor":8.0},{"not_picked":["Twin Strike","Clothesline","Heavy Blade"],"picked":"SKIP","floor":11.0},{"not_picked":["Cleave","Uppercut"],"picked":"Seeing Red","floor":12.0},{"not_picked":["Headbutt","Power Through"],"picked":"Body Slam","floor":14.0},{"not_picked":["Dual Wield+1","Havoc+1"],"picked":"Body Slam+1","floor":18.0},{"not_picked":["Fire Breathing","Evolve+1"],"picked":"Searing Blow","floor":19.0},{"not_picked":["Blood for Blood+1","Flex","Disarm"],"picked":"SKIP","floor":23.0},{"not_picked":["Rupture","Headbutt"],"picked":"Body Slam","floor":25},{"not_picked":["Reckless Charge","Headbutt","Havoc"],"picked":"SKIP","floor":28},{"not_picked":["Feed","Feel No Pain"],"picked":"Anger+1","floor":29},{"not_picked":["Offering","Berserk"],"picked":"Demon Form","floor":33},{"not_picked":["Thunderclap+1","Warcry+1","True Grit+1"],"picked":"SKIP","floor":35},{"not_picked":["Perfected Strike","Anger","Hemokinesis+1"],"picked":"SKIP","floor":38},{"not_picked":["Infernal Blade","Sever Soul+1"],"picked":"Flame Barrier","floor":41},{"not_picked":["Battle Trance","Fire Breathing+1","True Grit"],"picked":"SKIP","floor":42},{"not_picked":["Anger+1","Body Slam"],"picked":"Iron Wave","floor":44},{"not_picked":["Flex+1","Feel No Pain"],"picked":"Entrench","floor":45},{"not_picked":["Perfected Strike+1","Whirlwind+1","True Grit"],"picked":"SKIP","floor":47},{"not_picked":["Headbutt+1","Double Tap"],"picked":"Iron Wave+1","floor":48}],"player_experience":59764,"relics_obtained":[{"floor":6.0,"key":"Ornamental Fan"},{"floor":7.0,"key":"Matryoshka"},{"floor":9.0,"key":"Happy Flower"},{"floor":9.0,"key":"Letter Opener"},{"floor":11.0,"key":"Du-Vu Doll"},{"floor":14.0,"key":"Centennial Puzzle"},{"floor":22.0,"key":"Enchiridion"},{"floor":23.0,"key":"Gremlin Horn"},{"floor":26,"key":"PreservedInsect"},{"floor":26,"key":"Lantern"},{"floor":29,"key":"Ancient Tea Set"},{"floor":41,"key":"Smiling Mask"},{"floor":43,"key":"Calipers"},{"floor":44,"key":"Charon\u0027s Ashes"},{"floor":45,"key":"Molten Egg 2"},{"floor":46,"key":"Paper Frog"}],"event_choices":[{"damage_healed":0.0,"max_hp_gain":0.0,"max_hp_loss":0.0,"gold_gain":0.0,"event_name":"Shining Light","player_choice":"Entered Light","floor":2.0,"gold_loss":0.0,"damage_taken":16.0,"cards_upgraded":["Strike_R","Defend_R"]},{"damage_healed":0.0,"max_hp_gain":0.0,"max_hp_loss":0.0,"gold_gain":0.0,"event_name":"Scrap Ooze","player_choice":"Success","floor":4.0,"gold_loss":0.0,"damage_taken":3.0,"relics_obtained":["Self Forming Clay"]},{"cards_removed":["Strike_R"],"damage_healed":0.0,"max_hp_gain":0.0,"max_hp_loss":0.0,"gold_gain":0.0,"event_name":"Beggar","player_choice":"Gave Gold","floor":20.0,"gold_loss":75.0,"damage_taken":0.0},{"damage_healed":0.0,"max_hp_gain":0.0,"max_hp_loss":0.0,"gold_gain":0.0,"event_name":"The Library","player_choice":"Read","floor":21.0,"gold_loss":0.0,"damage_taken":0.0,"cards_obtained":["Entrench"]},{"damage_healed":0.0,"max_hp_gain":0.0,"max_hp_loss":0.0,"gold_gain":0.0,"event_name":"Cursed Tome","player_choice":"Obtained Book","floor":22.0,"gold_loss":0.0,"damage_taken":16.0},{"damage_healed":0,"gold_gain":0,"player_choice":"Paid Fearfully","damage_taken":0,"max_hp_gain":0,"max_hp_loss":0,"event_name":"Masked Bandits","floor":31,"gold_loss":81},{"damage_healed":0,"gold_gain":0,"player_choice":"Memory 1","damage_taken":0,"max_hp_gain":0,"max_hp_loss":0,"event_name":"SensoryStone","floor":36,"gold_loss":0},{"cards_removed":["Armaments"],"damage_healed":0,"gold_gain":0,"player_choice":"Removed Skill","damage_taken":0,"max_hp_gain":0,"max_hp_loss":0,"event_name":"Falling","floor":37,"gold_loss":0},{"damage_healed":0,"gold_gain":0,"player_choice":"Fight","damage_taken":0,"max_hp_gain":0,"max_hp_loss":0,"event_name":"Mysterious Sphere","floor":44,"gold_loss":0}],"is_beta":false,"boss_relics":[{"not_picked":["Runic Dome","Cursed Key"],"picked":"Runic Pyramid"},{"not_picked":["Sozu","Orrery"],"picked":"Velvet Choker"}],"items_purged_floors":[30],"is_endless":false,"potions_floor_spawned":[3,11,16,19,25,33,41,45,47,48],"ascension_level":0}