{"gold_per_floor":[118,80,155,166,166,166,166,193,193,228,5,5,59,69,69,168,168,183,183,183,0,18,18,46,46,127,147,147,165,27,27,27,129,129,149,249,174,186,0,32,32,60,60,80,80,91,91,91,91,91],"floor_reached":50,"playtime":2177,"items_purged":["Decay"],"score":574,"play_id":"37485040-899b-4d91-be2c-bdcc293d1c34","local_time":"20190316163320","is_ascension_mode":true,"campfire_choices":[{"data":"Consume","floor":6,"key":"SMITH"},{"floor":12,"key":"REST"},{"floor":15,"key":"REST"},{"data":"Capacitor","floor":23,"key":"SMITH"},{"floor":25,"key":"REST"},{"floor":28,"key":"REST"},{"floor":32,"key":"REST"},{"floor":41,"key":"REST"},{"data":"Rainbow","floor":47,"key":"SMITH"},{"floor":49,"key":"REST"}],"neow_cost":"PERCENT_DAMAGE","seed_source_timestamp":244485614688542,"circlet_count":0,"master_deck":["Strike_B+1","Strike_B","Defend_B","Defend_B","Defend_B","Defend_B","Zap","Dualcast","Cold Snap+1","Static Discharge","Consume+1","Parasite","Capacitor+1","Redo","Defragment+1","Rainbow+1","Darkness+1","Storm+1","Self Repair+1","Coolheaded+1","Electrodynamics+1","Melter+1","Double Energy+1","Violence"],"relics":["Cracked Core","Happy Flower","Mercury Hourglass","Juzu Bracelet","Ancient Tea Set","Pen Nib","Runic Pyramid","Nilry\u0027s Codex","Frozen Egg 2","Tiny Chest","Sozu","Mango","Red Mask","Molten Egg 2","Whetstone","Centennial Puzzle"],"potions_floor_usage":[8,16,24,27,29,50],"damage_taken":[{"damage":2,"enemies":"Jaw Worm","floor":1,"turns":4},{"damage":0,"enemies":"Small Slimes","floor":4,"turns":3},{"damage":25,"enemies":"3 Sentries","floor":8,"turns":11},{"damage":16,"enemies":"Lagavulin","floor":10,"turns":6},{"damage":8,"enemies":"2 Louse","floor":14,"turns":2},{"damage":29,"enemies":"Hexaghost","floor":16,"turns":6},{"damage":15,"enemies":"Shell Parasite","floor":18,"turns":5},{"damage":9,"enemies":"Spheric Guardian","floor":22,"turns":3},{"damage":32,"enemies":"Gremlin Leader","floor":24,"turns":6},{"damage":20,"enemies":"Cultist and Chosen","floor":27,"turns":5},{"damage":10,"enemies":"Snecko","floor":29,"turns":4},{"damage":44,"enemies":"Collector","floor":33,"turns":7},{"damage":25,"enemies":"3 Darklings","floor":35,"turns":4},{"damage":0,"enemies":"Mind Bloom Boss Battle","floor":36,"turns":4},{"damage":18,"enemies":"Orb Walker","floor":38,"turns":3},{"damage":37,"enemies":"Nemesis","floor":40,"turns":7},{"damage":24,"enemies":"Reptomancer","floor":42,"turns":4},{"damage":0,"enemies":"Jaw Worm Horde","floor":44,"turns":1},{"damage":11,"enemies":"Sphere and 2 Shapes","floor":46,"turns":4},{"damage":81,"enemies":"Awakened One","floor":50,"turns":4}],"seed_played":"-2324107541387944096","potions_obtained":[{"floor":1,"key":"EssenceOfSteel"},{"floor":10,"key":"Poison Potion"},{"floor":16,"key":"AttackPotion"},{"floor":24,"key":"SpeedPotion"},{"floor":27,"key":"AttackPotion"},{"floor":33,"key":"Swift Potion"}],"is_trial":false,"path_per_floor":["M","$","?","M","?","R","?","E","T","E","$","R","T","M","R","B",null,"M","?","?","?","M","R","E","R","T","M","R","M","$","?","R","B",null,"M","?","$","M","?","E","R","E","T","M","?","M","R","?","R","B"],"character_chosen":"DEFECT","items_purchased":["Static Discharge","Defragment","Ancient Tea Set","Electrodynamics+1"],"campfire_rested":7,"item_purchase_floors":[2,11,11,30],"current_hp_per_floor":[52,52,41,41,38,38,56,31,31,15,15,37,37,29,51,22,75,60,60,44,44,35,35,3,25,25,5,27,27,27,27,49,5,75,60,84,84,66,66,39,65,51,51,51,51,50,50,50,76,0],"gold":91,"neow_bonus":"REMOVE_TWO","is_prod":false,"is_daily":false,"chose_seed":false,"campfire_upgraded":3,"win_rate":0,"timestamp":1552768400,"path_taken":["M","$","?","M","?","R","?","E","T","E","?","R","?","M","R","BOSS","M","?","?","?","M","R","E","R","T","M","R","M","$","?","R","BOSS","M","?","$","M","?","E","R","E","T","M","?","M","R","?","R","BOSS"],"build_version":"2019-01-23","purchased_purges":1,"victory":false,"max_hp_per_floor":[75,75,75,75,75,75,75,75,75,75,75,75,75,75,75,75,75,75,75,75,75,75,75,75,75,75,75,75,75,75,75,75,75,75,75,89,89,89,89,89,89,89,89,89,89,89,89,89,89,89],"card_choices":[{"not_picked":["Force Field","Stack"],"picked":"Cold Snap","floor":1},{"not_picked":["Barrage","Redo"],"picked":"Consume","floor":4},{"not_picked":["Beam Cell","Fusion"],"picked":"Capacitor","floor":8},{"not_picked":["Fusion","Turbo"],"picked":"Redo","floor":10},{"not_picked":["Sweeping Beam","Steam","Leap"],"picked":"SKIP","floor":14},{"not_picked":["Fission","All For One"],"picked":"Rainbow","floor":16},{"not_picked":["Streamline","Go for the Eyes+1"],"picked":"Darkness+1","floor":18},{"not_picked":["Beam Cell+1","Cold Snap","Streamline+1"],"picked":"SKIP","floor":22},{"not_picked":["Ball Lightning","Rebound"],"picked":"Storm","floor":24},{"not_picked":["Redo","Barrage"],"picked":"Self Repair+1","floor":27},{"not_picked":["Compile Driver","Thunder Strike"],"picked":"Coolheaded+1","floor":29},{"not_picked":["Redo","Barrage","Coolheaded+1"],"picked":"SKIP","floor":35},{"not_picked":["Gash+1","Rebound+1","Go for the Eyes"],"picked":"SKIP","floor":38},{"not_picked":["Tempest+1","Fusion+1"],"picked":"Melter+1","floor":40},{"not_picked":["Compile Driver+1","Beam Cell+1","Hologram+1"],"picked":"SKIP","floor":42},{"not_picked":["Seek","Aggregate+1"],"picked":"Double Energy+1","floor":44},{"not_picked":["Good Instincts","Bandage Up"],"picked":"Violence","floor":45},{"not_picked":["Cold Snap+1","Rip and Tear+1","Gash+1"],"picked":"SKIP","floor":46}],"player_experience":159763,"relics_obtained":[{"floor":8,"key":"Mercury Hourglass"},{"floor":10,"key":"Juzu Bracelet"},{"floor":13,"key":"Pen Nib"},{"floor":20,"key":"Nilry\u0027s Codex"},{"floor":24,"key":"Frozen Egg 2"},{"floor":26,"key":"Tiny Chest"},{"floor":36,"key":"Mango"},{"floor":40,"key":"Molten Egg 2"},{"floor":42,"key":"Whetstone"},{"floor":43,"key":"Centennial Puzzle"}],"event_choices":[{"damage_healed":0,"gold_gain":75,"player_choice":"Gather Gold","damage_taken":11,"max_hp_gain":0,"max_hp_loss":0,"event_name":"World of Goop","floor":3,"gold_loss":0},{"damage_healed":0,"gold_gain":0,"player_choice":"Success","damage_taken":3,"relics_obtained":["Happy Flower"],"max_hp_gain":0,"max_hp_loss":0,"event_name":"Scrap Ooze","floor":5,"gold_loss":0},{"damage_healed":18,"gold_gain":0,"player_choice":"Healed and dodged fight","damage_taken":0,"max_hp_gain":0,"max_hp_loss":0,"event_name":"Mushrooms","floor":7,"gold_loss":0,"cards_obtained":["Parasite"]},{"damage_healed":0,"gold_gain":0,"player_choice":"Forge","damage_taken":0,"max_hp_gain":0,"max_hp_loss":0,"event_name":"Accursed Blacksmith","floor":19,"gold_loss":0,"cards_upgraded":["Defragment"]},{"damage_healed":0,"gold_gain":0,"player_choice":"Obtained Book","damage_taken":16,"max_hp_gain":0,"max_hp_loss":0,"event_name":"Cursed Tome","floor":20,"gold_loss":0},{"damage_healed":0,"gold_gain":0,"player_choice":"Paid Fearfully","damage_taken":0,"max_hp_gain":0,"max_hp_loss":0,"event_name":"Masked Bandits","floor":21,"gold_loss":183},{"damage_healed":0,"gold_gain":0,"player_choice":"Smashed Altar","damage_taken":0,"max_hp_gain":0,"max_hp_loss":0,"event_name":"Forgotten Altar","floor":31,"gold_loss":0,"cards_obtained":["Decay"]},{"damage_healed":0,"gold_gain":0,"player_choice":"Fight","damage_taken":0,"max_hp_gain":0,"max_hp_loss":0,"event_name":"MindBloom","floor":36,"gold_loss":0},{"damage_healed":0,"gold_gain":0,"player_choice":"Paid","damage_taken":0,"relics_obtained":["Red Mask"],"max_hp_gain":0,"max_hp_loss":0,"event_name":"Tomb of Lord Red Mask","floor":39,"gold_loss":186},{"damage_healed":0,"gold_gain":0,"player_choice":"Memory 1","damage_taken":0,"max_hp_gain":0,"max_hp_loss":0,"event_name":"SensoryStone","floor":45,"gold_loss":0},{"damage_healed":0,"gold_gain":0,"player_choice":"Ignored","damage_taken":0,"max_hp_gain":0,"max_hp_loss":0,"event_name":"Mysterious Sphere","floor":48,"gold_loss":0}],"is_beta":false,"boss_relics":[{"not_picked":["Astrolabe","Tiny House"],"picked":"Runic Pyramid"},{"not_picked":["Nuclear Battery","Runic Dome"],"picked":"Sozu"}],"items_purged_floors":[37],"is_endless":false,"potions_floor_spawned":[1,10,16,24,27,33,38,40,44],"killed_by":"Awakened One","ascension_level":2}