{"gold_per_floor":[114,129,79,4,19,19,49,64,64,64,94,94,94,109,109,209,209,224,239,59,74,74,74,89,104,179,278,293,293,308,223,223,323,323,338,353,368,38,53,53,53,53,78,178,193,208,208,208,208,208],"floor_reached":50,"playtime":3415,"items_purged":["Second Wind","Shrug It Off"],"score":506,"play_id":"fad54d8f-a0ad-4a7c-8b3e-4099e6c4cf9e","local_time":"20190408152809","daily_mods":["Draft","ControlledChaos","Night Terrors"],"is_ascension_mode":false,"campfire_choices":[{"data":"Feed","floor":6,"key":"SMITH"},{"data":"Inflame","floor":10,"key":"SMITH"},{"data":"Heavy Blade","floor":15,"key":"SMITH"},{"data":"Havoc","floor":23,"key":"SMITH"},{"data":"Feed","floor":29,"key":"SMITH"},{"floor":32,"key":"REST"},{"floor":40,"key":"REST"},{"data":"Disarm","floor":42,"key":"SMITH"},{"floor":49,"key":"REST"}],"neow_cost":"","seed_source_timestamp":0,"circlet_count":0,"master_deck":["Power Through","Ghostly Armor","Headbutt","Inflame+1","Thunderclap","Sever Soul","Shrug It Off","Heavy Blade+1","Disarm+1","Pummel","Shrug It Off","Seeing Red","Wild Strike","Feed+1","Havoc+1","Feed+1","Havoc+1","Pain","Secret Technique"],"special_seed":17994,"relics":["Burning Blood","Frozen Eye","Orichalcum","The Courier","Juzu Bracelet","Meat on the Bone","Runic Pyramid","PreservedInsect","Mercury Hourglass","Vajra","Cursed Key","Membership Card","Nunchaku","Bag of Preparation","Incense Burner"],"potions_floor_usage":[7,14,14,18,24,25,33,44,50,50],"damage_taken":[{"damage":3,"enemies":"Jaw Worm","floor":1,"turns":2},{"damage":6,"enemies":"2 Louse","floor":2,"turns":2},{"damage":0,"enemies":"Small Slimes","floor":5,"turns":2},{"damage":28,"enemies":"Gremlin Nob","floor":7,"turns":4},{"damage":0,"enemies":"Red Slaver","floor":8,"turns":3},{"damage":3,"enemies":"3 Sentries","floor":11,"turns":6},{"damage":0,"enemies":"Exordium Thugs","floor":14,"turns":3},{"damage":17,"enemies":"The Guardian","floor":16,"turns":9},{"damage":0,"enemies":"Spheric Guardian","floor":18,"turns":2},{"damage":2,"enemies":"Chosen","floor":19,"turns":3},{"damage":24,"enemies":"3 Cultists","floor":21,"turns":5},{"damage":13,"enemies":"Sentry and Sphere","floor":24,"turns":5},{"damage":12,"enemies":"Centurion and Healer","floor":25,"turns":5},{"damage":13,"enemies":"Snake Plant","floor":28,"turns":3},{"damage":16,"enemies":"Shelled Parasite and Fungi","floor":30,"turns":4},{"damage":105,"enemies":"Automaton","floor":33,"turns":10},{"damage":9,"enemies":"3 Darklings","floor":35,"turns":4},{"damage":9,"enemies":"Orb Walker","floor":36,"turns":2},{"damage":3,"enemies":"Transient","floor":37,"turns":5},{"damage":40,"enemies":"Maw","floor":39,"turns":7},{"damage":13,"enemies":"Mind Bloom Boss Battle","floor":44,"turns":7},{"damage":16,"enemies":"Jaw Worm Horde","floor":45,"turns":3},{"damage":36,"enemies":"3 Darklings","floor":46,"turns":3},{"damage":118,"enemies":"Awakened One","floor":50,"turns":8}],"seed_played":"-2695250490538151915","potions_obtained":[{"floor":1,"key":"LiquidBronze"},{"floor":5,"key":"Explosive Potion"},{"floor":7,"key":"Strength Potion"},{"floor":11,"key":"Block Potion"},{"floor":16,"key":"Block Potion"},{"floor":19,"key":"PowerPotion"},{"floor":24,"key":"SkillPotion"},{"floor":35,"key":"PowerPotion"},{"floor":39,"key":"GamblersBrew"},{"floor":45,"key":"PowerPotion"}],"is_trial":false,"path_per_floor":["M","M","?","$","M","R","E","M","T","R","E","?","T","M","R","B",null,"M","M","$","M","?","R","M","M","T","?","M","R","M","?","R","B",null,"M","M","M","$","M","R","$","R","T","?","M","M","?","?","R","B"],"character_chosen":"IRONCLAD","items_purchased":["PreservedInsect","BloodPotion","Membership Card","Nunchaku"],"campfire_rested":3,"item_purchase_floors":[20,20,38,38],"current_hp_per_floor":[80,80,80,80,80,80,58,68,68,68,71,71,71,81,81,70,88,92,96,96,78,78,78,78,86,86,86,82,82,76,76,109,22,109,106,103,106,106,72,104,104,104,104,101,95,69,69,69,111,0],"gold":208,"neow_bonus":"","is_prod":false,"is_daily":true,"chose_seed":false,"campfire_upgraded":6,"win_rate":0,"timestamp":1554751689,"path_taken":["M","M","?","$","M","R","E","M","T","R","E","?","?","M","R","BOSS","M","M","$","M","?","R","M","M","T","?","M","R","M","?","R","BOSS","M","M","M","$","M","R","$","R","T","?","M","M","?","?","R","BOSS"],"build_version":"2019-01-23","purchased_purges":2,"victory":false,"max_hp_per_floor":[80,80,80,80,80,80,80,84,84,84,84,84,84,88,88,88,88,92,96,96,96,96,96,103,107,107,107,110,110,114,114,109,109,109,109,109,109,109,109,104,104,104,104,108,112,116,116,116,111,115],"card_choices":[{"not_picked":["Perfected Strike","Body Slam"],"picked":"Power Through","floor":0},{"not_picked":["Perfected Strike","Body Slam"],"picked":"Ghostly Armor","floor":0},{"not_picked":["Heavy Blade","Anger"],"picked":"Headbutt","floor":0},{"not_picked":["Armaments","Iron Wave"],"picked":"Shrug It Off","floor":0},{"not_picked":["True Grit","Headbutt"],"picked":"Inflame","floor":0},{"not_picked":["Evolve","Shockwave"],"picked":"Thunderclap","floor":0},{"not_picked":["Evolve","Headbutt"],"picked":"Sever Soul","floor":0},{"not_picked":["Havoc","Clash"],"picked":"Shrug It Off","floor":0},{"not_picked":["Rage","Headbutt"],"picked":"Heavy Blade","floor":0},{"not_picked":["Heavy Blade","Rupture"],"picked":"Disarm","floor":0},{"not_picked":["Dropkick","Dual Wield"],"picked":"Second Wind","floor":0},{"not_picked":["Power Through","Clash"],"picked":"Shrug It Off","floor":0},{"not_picked":["Anger","Bloodletting"],"picked":"Pummel","floor":0},{"not_picked":["Fire Breathing","Sever Soul"],"picked":"Shrug It Off","floor":0},{"not_picked":["Warcry","Shrug It Off"],"picked":"Seeing Red","floor":0},{"not_picked":["Cleave","Flex","Second Wind"],"picked":"SKIP","floor":1},{"not_picked":["Sentinel","Sword Boomerang"],"picked":"Wild Strike","floor":2},{"not_picked":["Spot Weakness","Headbutt"],"picked":"Feed","floor":5},{"not_picked":["Armaments","Cleave","Pommel Strike"],"picked":"SKIP","floor":7},{"not_picked":["Heavy Blade","Perfected Strike"],"picked":"Havoc","floor":8},{"not_picked":["Pommel Strike","Disarm"],"picked":"Feed","floor":11},{"not_picked":["Perfected Strike","Warcry","Thunderclap"],"picked":"SKIP","floor":14},{"not_picked":["True Grit","Cleave","Uppercut"],"picked":"SKIP","floor":18},{"not_picked":["Flex","Twin Strike","Battle Trance"],"picked":"SKIP","floor":19},{"not_picked":["True Grit","Clothesline+1","Blood for Blood+1"],"picked":"SKIP","floor":21},{"not_picked":["Disarm","Impervious","Iron Wave"],"picked":"SKIP","floor":24},{"not_picked":["Disarm+1","Pommel Strike"],"picked":"Havoc+1","floor":25},{"not_picked":["Sword Boomerang","Warcry","Wild Strike"],"picked":"SKIP","floor":28},{"not_picked":["Shrug It Off","Wild Strike","Headbutt"],"picked":"SKIP","floor":30},{"not_picked":["Rampage","Bloodletting+1","Headbutt"],"picked":"SKIP","floor":35},{"not_picked":["Warcry+1","Body Slam+1","Thunderclap+1"],"picked":"SKIP","floor":36},{"not_picked":["Flex","Hemokinesis","Cleave+1"],"picked":"SKIP","floor":37},{"not_picked":["Flex","Twin Strike+1","Sever Soul+1"],"picked":"SKIP","floor":39},{"not_picked":["Carnage+1","True Grit+1","Anger+1"],"picked":"SKIP","floor":45},{"not_picked":["Blood for Blood+1","Heavy Blade","Havoc"],"picked":"SKIP","floor":46},{"not_picked":["Mayhem","Blind"],"picked":"Secret Technique","floor":47}],"player_experience":460571,"relics_obtained":[{"floor":7,"key":"Orichalcum"},{"floor":9,"key":"The Courier"},{"floor":11,"key":"Juzu Bracelet"},{"floor":13,"key":"Meat on the Bone"},{"floor":26,"key":"Mercury Hourglass"},{"floor":43,"key":"Bag of Preparation"},{"floor":44,"key":"Incense Burner"}],"event_choices":[{"cards_removed":["Shrug It Off"],"damage_healed":0,"gold_gain":0,"player_choice":"Card Removal","damage_taken":0,"max_hp_gain":0,"max_hp_loss":0,"event_name":"The Cleric","floor":3,"gold_loss":50},{"damage_healed":0,"gold_gain":0,"player_choice":"Searched \u00271\u0027 times","damage_taken":0,"max_hp_gain":0,"max_hp_loss":0,"event_name":"Dead Adventurer","floor":12,"gold_loss":0},{"damage_healed":0,"gold_gain":0,"player_choice":"Ignored","damage_taken":0,"max_hp_gain":0,"max_hp_loss":0,"event_name":"Beggar","floor":22,"gold_loss":0},{"damage_healed":0,"gold_gain":99,"player_choice":"Stole From Cult","damage_taken":0,"max_hp_gain":0,"max_hp_loss":0,"event_name":"Nest","floor":27,"gold_loss":0},{"damage_healed":0,"gold_gain":0,"player_choice":"Obtained Relic","damage_taken":0,"relics_obtained":["Vajra"],"max_hp_gain":0,"max_hp_loss":0,"event_name":"Addict","floor":31,"gold_loss":85},{"damage_healed":0,"gold_gain":0,"player_choice":"Fight","damage_taken":0,"max_hp_gain":0,"max_hp_loss":0,"event_name":"MindBloom","floor":44,"gold_loss":0},{"damage_healed":0,"gold_gain":0,"player_choice":"Memory 1","damage_taken":0,"max_hp_gain":0,"max_hp_loss":0,"event_name":"SensoryStone","floor":47,"gold_loss":0},{"damage_healed":0,"gold_gain":0,"player_choice":"Ignored","damage_taken":0,"max_hp_gain":0,"max_hp_loss":0,"event_name":"Golden Shrine","floor":48,"gold_loss":0}],"is_beta":false,"boss_relics":[{"not_picked":["White Beast Statue","Astrolabe"],"picked":"Runic Pyramid"},{"not_picked":["Runic Cube","Coffee Dripper"],"picked":"Cursed Key"}],"items_purged_floors":[4,38],"is_endless":false,"potions_floor_spawned":[1,5,7,11,16,19,21,24,35,39,45],"killed_by":"Awakened One","ascension_level":0}