{"gold_per_floor":[18,18,33,50,0,32,32,62,62,77,91,105,105,123,123,123],"floor_reached":16,"playtime":914,"items_purged":[],"score":217,"play_id":"f28309a3-e377-4bd8-b569-e82209bdc0e8","local_time":"20190329173311","is_ascension_mode":true,"campfire_choices":[{"floor":7,"key":"REST"},{"floor":13,"key":"REST"},{"data":"Armaments","floor":15,"key":"SMITH"}],"neow_cost":"NO_GOLD","seed_source_timestamp":222628180360681,"circlet_count":0,"master_deck":["AscendersBane","Strike_R","Strike_R","Strike_R","Strike_R","Defend_R","Defend_R","Defend_R","Defend_R","Bash","Reckless Charge","Shrug It Off","Entrench","Thunderclap","Reckless Charge","Cleave","Armaments+1","Clothesline","Pummel","Disarm","Immolate","Blood for Blood","Dual Wield"],"relics":["Burning Blood","Sundial","Prayer Wheel","WingedGreaves"],"potions_floor_usage":[8,8,16],"damage_taken":[{"damage":7,"enemies":"Jaw Worm","floor":1,"turns":3},{"damage":1,"enemies":"Cultist","floor":3,"turns":3},{"damage":4,"enemies":"Small Slimes","floor":4,"turns":3},{"damage":2,"enemies":"Looter","floor":5,"turns":5},{"damage":59,"enemies":"3 Sentries","floor":6,"turns":17},{"damage":30,"enemies":"Gremlin Nob","floor":8,"turns":5},{"damage":22,"enemies":"2 Fungi Beasts","floor":10,"turns":4},{"damage":9,"enemies":"3 Louse","floor":11,"turns":4},{"damage":6,"enemies":"Looter","floor":12,"turns":4},{"damage":7,"enemies":"2 Fungi Beasts","floor":14,"turns":2},{"damage":57,"enemies":"Slime Boss","floor":16,"turns":10}],"seed_played":"4473874537665340940","potions_obtained":[{"floor":1,"key":"Weak Potion"},{"floor":3,"key":"Ancient Potion"},{"floor":12,"key":"BloodPotion"},{"floor":14,"key":"FearPotion"}],"is_trial":false,"path_per_floor":["M","?","M","M","M","E","R","E","T","M","M","M","R","M","R","B"],"character_chosen":"IRONCLAD","items_purchased":[],"campfire_rested":2,"item_purchase_floors":[],"current_hp_per_floor":[81,81,86,88,89,36,62,38,38,22,19,19,45,44,44,0],"gold":123,"neow_bonus":"TWENTY_PERCENT_HP_BONUS","is_prod":false,"is_daily":false,"chose_seed":false,"campfire_upgraded":1,"win_rate":0,"timestamp":1553905991,"path_taken":["M","?","M","M","M","E","R","E","T","?","M","M","R","?","R","BOSS"],"build_version":"2019-01-23","purchased_purges":0,"victory":false,"max_hp_per_floor":[89,89,89,89,89,89,89,89,89,89,89,89,89,89,89,89],"card_choices":[{"not_picked":["Hemokinesis","Flex"],"picked":"Reckless Charge","floor":1},{"not_picked":["Anger","Burning Pact"],"picked":"Shrug It Off","floor":3},{"not_picked":["Havoc","Clash"],"picked":"Entrench","floor":4},{"not_picked":["Sword Boomerang","Warcry"],"picked":"Thunderclap","floor":5},{"not_picked":["Seeing Red","True Grit"],"picked":"Reckless Charge","floor":6},{"not_picked":["Flame Barrier","Juggernaut"],"picked":"Cleave","floor":8},{"not_picked":["Twin Strike","True Grit"],"picked":"Armaments","floor":10},{"not_picked":["Warcry","Rupture"],"picked":"Clothesline","floor":10},{"not_picked":["True Grit","Searing Blow"],"picked":"Pummel","floor":11},{"not_picked":["Clash","Clothesline"],"picked":"Disarm","floor":11},{"not_picked":["Rampage","Thunderclap"],"picked":"Immolate","floor":12},{"not_picked":["Wild Strike","True Grit","Thunderclap"],"picked":"SKIP","floor":12},{"not_picked":["Seeing Red","Clash"],"picked":"Blood for Blood","floor":14},{"not_picked":["True Grit","Perfected Strike"],"picked":"Dual Wield","floor":14}],"player_experience":639565,"relics_obtained":[{"floor":6,"key":"Sundial"},{"floor":8,"key":"Prayer Wheel"},{"floor":9,"key":"WingedGreaves"}],"event_choices":[{"cards_removed":["Strike_R"],"damage_healed":0,"gold_gain":0,"player_choice":"Offered Basic","damage_taken":0,"max_hp_gain":0,"max_hp_loss":0,"event_name":"Bonfire Elementals","floor":2,"gold_loss":0}],"is_beta":false,"boss_relics":[],"items_purged_floors":[],"is_endless":false,"potions_floor_spawned":[1,3,12,14],"killed_by":"Slime Boss","ascension_level":18}