{"gold_per_floor":[19,33,33,208,218,247,247,266,291,273,273,288,316,316],"floor_reached":14,"playtime":493,"items_purged":[],"score":117,"play_id":"395f5c53-fbad-4a66-be14-61e52d756770","local_time":"20190415233739","is_ascension_mode":true,"campfire_choices":[{"floor":7,"key":"REST"},{"floor":11,"key":"REST"}],"neow_cost":"NO_GOLD","seed_source_timestamp":347308304454625,"circlet_count":0,"master_deck":["Strike_B","Strike_B","Defend_B","Defend_B","Defend_B","Zap","Dualcast","Echo Form","Chaos","Ball Lightning","Conserve Battery","Doubt","Ball Lightning","White Noise","Redo","Self Repair","Glacier"],"relics":["Cracked Core","Bag of Marbles","Regal Pillow","Bronze Scales"],"potions_floor_usage":[6,8,14],"damage_taken":[{"damage":0,"enemies":"Small Slimes","floor":1,"turns":3},{"damage":7,"enemies":"Jaw Worm","floor":2,"turns":3},{"damage":4,"enemies":"2 Louse","floor":5,"turns":3},{"damage":33,"enemies":"3 Sentries","floor":6,"turns":5},{"damage":13,"enemies":"Gremlin Gang","floor":8,"turns":3},{"damage":11,"enemies":"Exordium Thugs","floor":10,"turns":4},{"damage":28,"enemies":"3 Louse","floor":12,"turns":4},{"damage":29,"enemies":"Gremlin Nob","floor":13,"turns":4},{"damage":13,"enemies":"Blue Slaver","floor":14,"turns":1}],"seed_played":"7328400848571258673","potions_obtained":[{"floor":2,"key":"Explosive Potion"},{"floor":6,"key":"Explosive Potion"},{"floor":13,"key":"Energy Potion"}],"is_trial":false,"path_per_floor":["M","M","?","?","M","E","R","M","T","M","R","M","E","M"],"character_chosen":"DEFECT","items_purchased":[],"campfire_rested":2,"item_purchase_floors":[],"current_hp_per_floor":[75,68,61,61,57,24,46,33,33,22,59,31,9,0],"gold":316,"neow_bonus":"TRANSFORM_TWO_CARDS","is_prod":false,"is_daily":false,"chose_seed":false,"campfire_upgraded":0,"win_rate":0,"timestamp":1555385859,"path_taken":["M","M","?","?","M","E","R","?","T","M","R","M","E","M"],"build_version":"2019-01-23","purchased_purges":0,"victory":false,"max_hp_per_floor":[75,75,75,75,75,75,75,75,75,75,75,75,75,75],"card_choices":[{"not_picked":["Turbo","Static Discharge"],"picked":"Ball Lightning","floor":1},{"not_picked":["Heatsinks","Hologram"],"picked":"Conserve Battery","floor":2},{"not_picked":["Hologram","Sweeping Beam"],"picked":"Ball Lightning","floor":5},{"not_picked":["Cold Snap","Hello World"],"picked":"White Noise","floor":6},{"not_picked":["Hyperbeam","Auto Shields"],"picked":"Redo","floor":8},{"not_picked":["Chill","Conserve Battery"],"picked":"Self Repair","floor":10},{"not_picked":["Barrage","Stack","Turbo"],"picked":"SKIP","floor":12},{"not_picked":["Undo","All For One"],"picked":"Glacier","floor":13}],"player_experience":266731,"relics_obtained":[{"floor":6,"key":"Bag of Marbles"},{"floor":9,"key":"Regal Pillow"},{"floor":13,"key":"Bronze Scales"}],"event_choices":[{"cards_removed":["Defend_B"],"damage_healed":0,"gold_gain":0,"player_choice":"Card Removal","damage_taken":7,"max_hp_gain":0,"max_hp_loss":0,"event_name":"Golden Wing","floor":3,"gold_loss":0},{"damage_healed":0,"gold_gain":175,"player_choice":"AGREE","damage_taken":0,"max_hp_gain":0,"max_hp_loss":0,"event_name":"Liars Game","floor":4,"gold_loss":0,"cards_obtained":["Doubt"]}],"is_beta":false,"boss_relics":[],"items_purged_floors":[],"is_endless":false,"potions_floor_spawned":[2,6,13],"killed_by":"Blue Slaver","ascension_level":3}