{"gold_per_floor":[109,8,25,25,39,39,39,39,62,62,81,114,14,28,28,28],"floor_reached":16,"playtime":220,"items_purged":["Strike_R","Strike_R"],"score":190,"play_id":"51b37ab6-de96-4284-87cb-4df9b9a63673","local_time":"20190316014303","is_ascension_mode":true,"campfire_choices":[{"data":"Searing Blow","floor":6,"key":"SMITH"},{"floor":8,"key":"RECALL"},{"data":"Searing Blow+2","floor":10,"key":"SMITH"},{"data":"Searing Blow+3","floor":15,"key":"SMITH"}],"neow_cost":"NONE","seed_source_timestamp":13071542154359,"circlet_count":0,"master_deck":["AscendersBane","Strike_R+1","Strike_R","Strike_R","Defend_R","Defend_R","Defend_R","Defend_R","Bash","Searing Blow+4","Headbutt+1","True Grit","Armaments","Thunderclap"],"relics":["Burning Blood","NeowsBlessing","PreservedInsect","Art of War"],"potions_floor_usage":[14,16],"damage_taken":[{"damage":0,"enemies":"Cultist","floor":1,"turns":1},{"damage":0,"enemies":"Jaw Worm","floor":3,"turns":1},{"damage":0,"enemies":"2 Louse","floor":5,"turns":1},{"damage":14,"enemies":"Red Slaver","floor":11,"turns":2},{"damage":20,"enemies":"Lagavulin","floor":12,"turns":4},{"damage":26,"enemies":"Gremlin Gang","floor":14,"turns":5},{"damage":12,"enemies":"The Guardian","floor":16,"turns":4}],"seed_played":"2746550960917197527","potions_obtained":[{"floor":3,"key":"GamblersBrew"},{"floor":14,"key":"FearPotion"}],"is_trial":false,"path_per_floor":["M","$","M","?","M","R","?","R","T","R","M","E","$","M","R","B"],"character_chosen":"IRONCLAD","items_purchased":["Headbutt"],"campfire_rested":0,"item_purchase_floors":[2],"current_hp_per_floor":[74,74,75,52,58,58,58,58,58,58,50,36,36,16,16,4],"gold":28,"neow_bonus":"THREE_ENEMY_KILL","is_prod":false,"is_daily":false,"chose_seed":false,"campfire_upgraded":3,"win_rate":0,"timestamp":1552686183,"path_taken":["M","$","?","?","M","R","?","R","T","R","?","E","$","M","R","BOSS"],"build_version":"2019-01-23","purchased_purges":2,"victory":false,"max_hp_per_floor":[75,75,75,75,75,75,75,75,75,75,75,75,75,75,75,75],"card_choices":[{"not_picked":["Headbutt","Shrug It Off"],"picked":"Searing Blow","floor":1},{"not_picked":["Ghostly Armor","Clash"],"picked":"True Grit","floor":3},{"not_picked":["Metallicize","Flex"],"picked":"Armaments","floor":5},{"not_picked":["Cleave","Sever Soul","Heavy Blade"],"picked":"SKIP","floor":11},{"not_picked":["Perfected Strike","Dual Wield","Intimidate"],"picked":"SKIP","floor":12},{"not_picked":["Cleave","Pommel Strike"],"picked":"Thunderclap","floor":14}],"player_experience":731055,"relics_obtained":[{"floor":9,"key":"PreservedInsect"},{"floor":12,"key":"Art of War"}],"event_choices":[{"damage_healed":0,"gold_gain":0,"player_choice":"Entered Light","damage_taken":23,"max_hp_gain":0,"max_hp_loss":0,"event_name":"Shining Light","floor":4,"gold_loss":0,"cards_upgraded":["Strike_R","Headbutt"]},{"damage_healed":0,"gold_gain":0,"player_choice":"Forge","damage_taken":0,"max_hp_gain":0,"max_hp_loss":0,"event_name":"Accursed Blacksmith","floor":7,"gold_loss":0,"cards_upgraded":["Searing Blow"]}],"is_beta":false,"boss_relics":[],"items_purged_floors":[2,13],"is_endless":false,"potions_floor_spawned":[3,14],"killed_by":"The Guardian","ascension_level":18}