{"gold_per_floor":[114,126,126,139,153,184,184,217,273,273],"floor_reached":10,"playtime":396,"items_purged":[],"score":82,"play_id":"04de6c1a-dbe0-4577-9d78-3281b256226d","local_time":"20190211114433","is_ascension_mode":true,"campfire_choices":[{"floor":7,"key":"REST"}],"neow_cost":"NONE","seed_source_timestamp":98208910867837,"circlet_count":0,"master_deck":["Strike_R","Strike_R","Strike_R","Strike_R","Defend_R","Defend_R","Defend_R","Defend_R","Bash","Shrug It Off","Infernal Blade"],"relics":["Burning Blood","Du-Vu Doll","Happy Flower","Tiny Chest"],"potions_floor_usage":[10],"damage_taken":[{"damage":6,"enemies":"2 Louse","floor":1,"turns":2},{"damage":1,"enemies":"Cultist","floor":2,"turns":3},{"damage":12,"enemies":"Jaw Worm","floor":4,"turns":4},{"damage":1,"enemies":"2 Fungi Beasts","floor":5,"turns":4},{"damage":57,"enemies":"3 Sentries","floor":6,"turns":11},{"damage":29,"enemies":"Gremlin Nob","floor":8,"turns":5},{"damage":43,"enemies":"Lagavulin","floor":10,"turns":6}],"seed_played":"8021851125664709849","potions_obtained":[{"floor":2,"key":"LiquidBronze"},{"floor":6,"key":"SteroidPotion"},{"floor":8,"key":"Energy Potion"}],"is_trial":false,"path_per_floor":["M","M","?","M","M","E","R","E","T","E"],"character_chosen":"IRONCLAD","items_purchased":[],"campfire_rested":1,"item_purchase_floors":[],"current_hp_per_floor":[88,88,88,82,87,36,62,39,39,0],"gold":273,"neow_bonus":"TEN_PERCENT_HP_BONUS","is_prod":false,"is_daily":false,"chose_seed":false,"campfire_upgraded":0,"win_rate":0,"timestamp":1549903473,"path_taken":["M","M","?","M","M","E","R","E","T","E"],"build_version":"2019-01-23","purchased_purges":0,"victory":false,"max_hp_per_floor":[88,88,88,88,88,88,88,88,88,88],"card_choices":[{"not_picked":["Clash","Iron Wave"],"picked":"Shrug It Off","floor":1},{"not_picked":["Entrench","Sword Boomerang","Thunderclap"],"picked":"SKIP","floor":2},{"not_picked":["Disarm","Sword Boomerang","Clothesline"],"picked":"SKIP","floor":4},{"not_picked":["Dual Wield","Sentinel","Uppercut"],"picked":"SKIP","floor":5},{"not_picked":["Sword Boomerang","Warcry","Barricade"],"picked":"SKIP","floor":6},{"not_picked":["Clash","Fiend Fire","Second Wind"],"picked":"SKIP","floor":8}],"player_experience":385614,"relics_obtained":[{"floor":6,"key":"Du-Vu Doll"},{"floor":8,"key":"Happy Flower"},{"floor":9,"key":"Tiny Chest"}],"event_choices":[{"damage_healed":0,"gold_gain":0,"cards_transformed":["Strike_R"],"player_choice":"Transformed","damage_taken":0,"max_hp_gain":0,"max_hp_loss":0,"event_name":"Transmorgrifier","floor":3,"gold_loss":0,"cards_obtained":["Infernal Blade"]}],"is_beta":false,"boss_relics":[],"items_purged_floors":[],"is_endless":false,"potions_floor_spawned":[2,6,8],"killed_by":"Lagavulin","ascension_level":1}