{"gold_per_floor":[114,129,129,54,54,54,69,84,109,124,124,124,139,169,169,269,269,284,84,99,126,141,141,62,62,62,62,77,92,122,95,95,95],"floor_reached":33,"playtime":1327,"items_purged":["Defend_B"],"score":267,"play_id":"4ce7797e-bbf4-4a0e-8d63-8d91a6beee93","local_time":"20190404205148","daily_mods":["Cursed Run","ControlledChaos","Terminal"],"is_ascension_mode":false,"campfire_choices":[{"data":"Zap","floor":6,"key":"SMITH"},{"floor":11,"key":"REST"},{"data":"Ball Lightning","floor":15,"key":"SMITH"},{"floor":23,"key":"REST"},{"floor":25,"key":"REST"},{"floor":32,"key":"REST"}],"neow_cost":"","seed_source_timestamp":0,"circlet_count":0,"master_deck":["Strike_B","Strike_B+1","Strike_B","Strike_B","Defend_B+1","Defend_B","Defend_B","Zap+1","Dualcast","Conserve Battery+1","Ball Lightning+1","Regret","Shame","Reboot","Scrape","Writhe","Gash","Reboot","Gash"],"special_seed":17991,"relics":["Cursed Key","Darkstone Periapt","Du-Vu Doll","Frozen Eye","GremlinMask","Art of War","Dead Branch","Fusion Hammer","OrangePellets","Red Mask","Oddly Smooth Stone","Letter Opener"],"potions_floor_usage":[14,29,33,33,33,33,33,33],"damage_taken":[{"damage":0,"enemies":"Cultist","floor":1,"turns":3},{"damage":0,"enemies":"Jaw Worm","floor":2,"turns":3},{"damage":0,"enemies":"Small Slimes","floor":7,"turns":3},{"damage":0,"enemies":"2 Fungi Beasts","floor":8,"turns":3},{"damage":1,"enemies":"Blue Slaver","floor":10,"turns":3},{"damage":0,"enemies":"Looter","floor":13,"turns":2},{"damage":7,"enemies":"Lagavulin","floor":14,"turns":6},{"damage":26,"enemies":"Hexaghost","floor":16,"turns":8},{"damage":0,"enemies":"Chosen","floor":18,"turns":4},{"damage":2,"enemies":"Shell Parasite","floor":20,"turns":4},{"damage":23,"enemies":"Masked Bandits","floor":21,"turns":4},{"damage":11,"enemies":"Centurion and Healer","floor":22,"turns":6},{"damage":17,"enemies":"Snake Plant","floor":28,"turns":5},{"damage":17,"enemies":"Snecko","floor":29,"turns":4},{"damage":26,"enemies":"Gremlin Leader","floor":30,"turns":5},{"damage":39,"enemies":"Collector","floor":33,"turns":3}],"seed_played":"2882055252263797519","potions_obtained":[{"floor":1,"key":"Weak Potion"},{"floor":8,"key":"SteroidPotion"},{"floor":10,"key":"Block Potion"},{"floor":16,"key":"Fire Potion"},{"floor":30,"key":"EntropicBrew"}],"is_trial":false,"path_per_floor":["M","M","?","$","?","R","M","M","T","M","R","?","M","E","R","B",null,"M","$","M","?","M","R","$","R","T","$","M","M","E","$","R","B"],"character_chosen":"DEFECT","items_purchased":["OrangePellets","Scrape","Gash"],"campfire_rested":4,"item_purchase_floors":[19,24,31],"current_hp_per_floor":[73,72,58,58,58,58,58,58,64,63,69,68,67,60,60,40,69,68,67,65,42,31,50,50,61,66,65,48,31,5,5,23,0],"gold":95,"neow_bonus":"","is_prod":false,"is_daily":true,"chose_seed":false,"campfire_upgraded":2,"win_rate":0,"timestamp":1554425508,"path_taken":["M","M","?","$","?","R","M","?","T","M","R","?","M","E","R","BOSS","M","$","M","?","M","R","?","R","T","$","?","M","E","$","R","BOSS"],"build_version":"2019-01-23","purchased_purges":1,"victory":false,"max_hp_per_floor":[73,72,71,70,69,68,67,66,71,70,69,68,67,66,65,70,69,68,67,66,65,64,63,62,61,66,65,64,63,62,61,60,60],"card_choices":[{"not_picked":["Steam Power","Streamline","Sunder"],"picked":"SKIP","floor":1},{"not_picked":["Streamline","Sweeping Beam"],"picked":"Conserve Battery","floor":2},{"not_picked":["Cold Snap","Leap"],"picked":"Ball Lightning","floor":7},{"not_picked":["Turbo","Conserve Battery","Fusion"],"picked":"SKIP","floor":8},{"not_picked":["Scrape","Storm","Sweeping Beam"],"picked":"SKIP","floor":10},{"not_picked":["Skim","Redo","Streamline"],"picked":"SKIP","floor":13},{"not_picked":["Machine Learning","Doom and Gloom","Capacitor"],"picked":"SKIP","floor":14},{"not_picked":["Amplify","Buffer"],"picked":"Reboot","floor":16},{"not_picked":["Tempest","Streamline","Sweeping Beam"],"picked":"SKIP","floor":18},{"not_picked":["Lockon+1","Beam Cell","Steam"],"picked":"SKIP","floor":20},{"not_picked":["Conserve Battery+1","Ball Lightning","Blizzard"],"picked":"SKIP","floor":22},{"not_picked":["Compile Driver+1","White Noise","Force Field"],"picked":"SKIP","floor":28},{"not_picked":["Barrage","Ball Lightning"],"picked":"Gash","floor":29},{"not_picked":["FTL","Conserve Battery"],"picked":"Reboot","floor":30}],"player_experience":443088,"relics_obtained":[{"floor":9,"key":"Art of War"},{"floor":14,"key":"Dead Branch"},{"floor":21,"key":"Red Mask"},{"floor":26,"key":"Oddly Smooth Stone"},{"floor":30,"key":"Letter Opener"}],"event_choices":[{"damage_healed":0,"gold_gain":0,"player_choice":"Entered Light","damage_taken":14,"max_hp_gain":0,"max_hp_loss":0,"event_name":"Shining Light","floor":3,"gold_loss":0,"cards_upgraded":["Strike_B","Defend_B"]},{"damage_healed":0,"gold_gain":0,"player_choice":"Trade","damage_taken":0,"relics_obtained":["GremlinMask"],"max_hp_gain":0,"max_hp_loss":0,"event_name":"FaceTrader","floor":5,"gold_loss":0},{"damage_healed":0,"gold_gain":0,"player_choice":"Upgraded","damage_taken":0,"max_hp_gain":0,"max_hp_loss":0,"event_name":"Upgrade Shrine","floor":12,"gold_loss":0,"cards_upgraded":["Conserve Battery"]},{"damage_healed":0,"gold_gain":0,"player_choice":"Fought Bandits","damage_taken":0,"max_hp_gain":0,"max_hp_loss":0,"event_name":"Masked Bandits","floor":21,"gold_loss":0}],"is_beta":false,"boss_relics":[{"not_picked":["Black Star","Sozu"],"picked":"Fusion Hammer"}],"items_purged_floors":[4],"is_endless":false,"potions_floor_spawned":[1,8,10,16,20,30],"killed_by":"Collector","ascension_level":0}