{"gold_per_floor":[119,131,151,151,151,151,190,209,260,285,305,305,330,10,10,100,100,118,159,159,11,29,29,52,52,122,122,122,47,47],"floor_reached":30,"playtime":1351,"items_purged":["Injury"],"score":436,"play_id":"c6d82605-4feb-4918-9bf6-8a64797a4456","local_time":"20190317215436","is_ascension_mode":true,"campfire_choices":[{"data":"Mayhem","floor":6.0,"key":"SMITH"},{"floor":12.0,"key":"REST"},{"floor":15.0,"key":"REST"},{"data":"Ghostly","floor":23,"key":"SMITH"},{"floor":25,"key":"REST"},{"data":"Ghostly","floor":27,"key":"SMITH"}],"neow_cost":"CURSE","seed_source_timestamp":0,"circlet_count":0,"master_deck":["AscendersBane","Strike_R","Strike_R","Defend_R","Defend_R","Defend_R","Defend_R","Bash","Dramatic Entrance","Mayhem+1","Headbutt","Metallicize","Inflame","Uppercut","Bloodletting","Shockwave","Corruption","Warcry","Limit Break","Impervious","Wild Strike+1","Double Tap+1","Corruption+1","Ghostly Armor","Battle Trance","Ghostly+1","Ghostly+1","Ghostly+1","Feel No Pain","Shrug It Off","Cleave","Flame Barrier"],"special_seed":0,"relics":["Burning Blood","Golden Idol","Spirit Poop","Darkstone Periapt","Bag of Marbles","Vajra","Astrolabe","Red Mask","Matryoshka"],"potions_floor_usage":[24],"damage_taken":[{"damage":11.0,"enemies":"2 Louse","floor":1.0,"turns":3.0},{"damage":0.0,"enemies":"Cultist","floor":2.0,"turns":2.0},{"damage":7.0,"enemies":"Jaw Worm","floor":3.0,"turns":4.0},{"damage":35.0,"enemies":"Gremlin Nob","floor":7.0,"turns":5.0},{"damage":13.0,"enemies":"Blue Slaver","floor":8.0,"turns":2.0},{"damage":14.0,"enemies":"Large Slime","floor":10.0,"turns":5.0},{"damage":12.0,"enemies":"Red Slaver","floor":11.0,"turns":4.0},{"damage":6.0,"enemies":"Looter","floor":13.0,"turns":2.0},{"damage":41.0,"enemies":"Slime Boss","floor":16.0,"turns":8.0},{"damage":0.0,"enemies":"Chosen","floor":18.0,"turns":4.0},{"damage":46.0,"enemies":"Masked Bandits","floor":19.0,"turns":7.0},{"damage":16.0,"enemies":"Spheric Guardian","floor":22.0,"turns":8.0},{"damage":18,"enemies":"Cultist and Chosen","floor":24,"turns":9},{"damage":26,"enemies":"Chosen and Byrds","floor":30,"turns":5}],"seed_played":"7091779256999657339","potions_obtained":[{"floor":2.0,"key":"EssenceOfSteel"},{"floor":3.0,"key":"Weak Potion"},{"floor":13.0,"key":"Energy Potion"},{"floor":19.0,"key":"Energy Potion"}],"is_trial":false,"path_per_floor":["M","M","M","?","?","R","E","M","T","M","M","R","M","$","R","B",null,"M","?","?","$","M","R","M","R","T","R","?","$","M"],"character_chosen":"IRONCLAD","items_purchased":["Limit Break","Vajra","Feel No Pain","Shrug It Off","Cleave"],"campfire_rested":3,"item_purchase_floors":[14,14,21,21,21],"current_hp_per_floor":[63,69,68,68,68,68,39,32,32,24,18,40,40,40,62,27,63,69,29,29,29,19,19,7,18,18,18,18,18,0],"gold":47,"neow_bonus":"RANDOM_COLORLESS_2","is_prod":false,"is_daily":false,"chose_seed":false,"campfire_upgraded":3,"win_rate":0,"timestamp":1552884876,"path_taken":["M","M","M","?","?","R","E","?","T","M","M","R","M","$","R","BOSS","M","?","?","$","M","R","M","R","T","R","?","$","M"],"build_version":"2019-01-23","purchased_purges":1,"victory":false,"max_hp_per_floor":[75,75,75,75,75,75,75,75,75,75,75,75,75,75,75,75,75,75,75,37,37,37,37,37,37,37,37,37,37,37],"card_choices":[{"not_picked":["Flex","Cleave"],"picked":"Headbutt","floor":1.0},{"not_picked":["Cleave","Flex"],"picked":"Metallicize","floor":2.0},{"not_picked":["Twin Strike","Searing Blow"],"picked":"Inflame","floor":3.0},{"not_picked":["Corruption","Twin Strike"],"picked":"Uppercut","floor":7.0},{"not_picked":["Berserk","Headbutt"],"picked":"Bloodletting","floor":8.0},{"not_picked":["Inflame","Anger"],"picked":"Shockwave","floor":10.0},{"not_picked":["Searing Blow","Perfected Strike"],"picked":"Corruption","floor":11.0},{"not_picked":["Clash","Combust"],"picked":"Warcry","floor":13.0},{"not_picked":["Feed","Juggernaut"],"picked":"Impervious","floor":16.0},{"not_picked":["Wild Strike","Perfected Strike"],"picked":"Ghostly Armor","floor":18.0},{"not_picked":["Pommel Strike","Perfected Strike"],"picked":"Battle Trance","floor":19.0},{"not_picked":["Evolve","Anger"],"picked":"Flame Barrier","floor":22.0},{"not_picked":["Perfected Strike","Headbutt","Power Through"],"picked":"SKIP","floor":24}],"player_experience":621851,"relics_obtained":[{"floor":7.0,"key":"Darkstone Periapt"},{"floor":9.0,"key":"Bag of Marbles"},{"floor":19.0,"key":"Red Mask"},{"floor":26,"key":"Matryoshka"}],"event_choices":[{"damage_healed":0.0,"max_hp_gain":0.0,"max_hp_loss":0.0,"gold_gain":0.0,"event_name":"Golden Idol","player_choice":"Take Wound","floor":4.0,"gold_loss":0.0,"damage_taken":0.0,"relics_obtained":["Golden Idol"],"cards_obtained":["Injury"]},{"cards_removed":["Regret"],"damage_healed":0.0,"max_hp_gain":0.0,"max_hp_loss":0.0,"gold_gain":0.0,"event_name":"Bonfire Elementals","player_choice":"Offered Curse","floor":5.0,"gold_loss":0.0,"damage_taken":0.0,"relics_obtained":["Spirit Poop"]},{"damage_healed":0.0,"max_hp_gain":0.0,"max_hp_loss":0.0,"gold_gain":0.0,"event_name":"Masked Bandits","player_choice":"Fought Bandits","floor":19.0,"gold_loss":0.0,"damage_taken":0.0},{"damage_healed":0.0,"max_hp_gain":0.0,"max_hp_loss":38.0,"gold_gain":0.0,"event_name":"Ghosts","player_choice":"Became a Ghost","floor":20.0,"gold_loss":0.0,"damage_taken":0.0,"cards_obtained":["Ghostly","Ghostly","Ghostly"]},{"damage_healed":0,"gold_gain":0,"player_choice":"Upgraded","damage_taken":0,"max_hp_gain":0,"max_hp_loss":0,"event_name":"Upgrade Shrine","floor":28,"gold_loss":0,"cards_upgraded":["Ghostly"]}],"is_beta":false,"boss_relics":[{"not_picked":["Runic Dome","Mark of Pain"],"picked":"Astrolabe"}],"items_purged_floors":[29],"is_endless":false,"potions_floor_spawned":[2,3,13,16,18,19],"killed_by":"Chosen and Byrds","ascension_level":18}