{"gold_per_floor":[118,132,24,40,67,67,142,169,247,22,22,33,51,66,66,167,167,178,33,43,59,59],"floor_reached":22,"playtime":785,"items_purged":["Strike_R","Strike_R"],"score":188,"play_id":"f5429683-5f6c-4caa-9496-be356b500332","local_time":"20190207231701","is_ascension_mode":false,"campfire_choices":[{"data":"Berserk","floor":6,"key":"SMITH"},{"floor":11,"key":"REST"},{"data":"Combust","floor":15,"key":"SMITH"}],"neow_cost":"NONE","seed_source_timestamp":473112482643105,"circlet_count":0,"master_deck":["Strike_R+1","Strike_R+1","Defend_R","Defend_R","Defend_R","Defend_R","Berserk+1","Iron Wave","Inflame","Sever Soul","Shrug It Off","Rampage","Combust+1","Double Tap","Headbutt"],"relics":["Burning Blood","Pen Nib","Letter Opener","Pear","Whetstone","Empty Cage"],"potions_floor_usage":[8,16,22,22,22],"damage_taken":[{"damage":4,"enemies":"Cultist","floor":1,"turns":3},{"damage":11,"enemies":"Jaw Worm","floor":2,"turns":3},{"damage":5,"enemies":"2 Louse","floor":4,"turns":3},{"damage":34,"enemies":"3 Sentries","floor":8,"turns":7},{"damage":6,"enemies":"Exordium Wildlife","floor":12,"turns":4},{"damage":8,"enemies":"2 Fungi Beasts","floor":13,"turns":3},{"damage":1,"enemies":"3 Louse","floor":14,"turns":3},{"damage":41,"enemies":"The Guardian","floor":16,"turns":7},{"damage":23,"enemies":"2 Thieves","floor":18,"turns":4},{"damage":20,"enemies":"Spheric Guardian","floor":20,"turns":4},{"damage":46,"enemies":"3 Cultists","floor":21,"turns":5},{"damage":25,"enemies":"Colosseum Slavers","floor":22,"turns":2}],"seed_played":"-2272805465057056337","potions_obtained":[{"floor":1,"key":"Explosive Potion"},{"floor":2,"key":"Poison Potion"},{"floor":4,"key":"EssenceOfSteel"},{"floor":13,"key":"EssenceOfSteel"},{"floor":21,"key":"SpeedPotion"}],"is_trial":false,"path_per_floor":["M","M","$","M","T","R","?","E","T","$","R","M","M","M","R","B",null,"M","$","M","M","?"],"character_chosen":"IRONCLAD","items_purchased":["Inflame","Sever Soul","Whetstone","Headbutt"],"campfire_rested":1,"item_purchase_floors":[3,3,10,19],"current_hp_per_floor":[80,75,75,76,76,76,65,37,47,47,74,74,72,77,77,42,90,73,73,59,19,0],"gold":59,"neow_bonus":"ONE_RANDOM_RARE_CARD","is_prod":false,"is_daily":false,"chose_seed":false,"campfire_upgraded":2,"win_rate":0.0,"timestamp":1549599421,"path_taken":["M","M","$","M","?","R","?","E","T","$","R","M","M","M","R","BOSS","M","$","M","M","?"],"build_version":"2019-01-23","purchased_purges":2,"victory":false,"max_hp_per_floor":[80,80,80,80,80,80,80,80,90,90,90,90,90,90,90,90,90,90,90,90,90,90],"card_choices":[{"not_picked":["Flex","Cleave","Dual Wield"],"picked":"SKIP","floor":1},{"not_picked":["Heavy Blade","Rupture"],"picked":"Iron Wave","floor":2},{"not_picked":["Disarm","Shockwave"],"picked":"Shrug It Off","floor":4},{"not_picked":["Searing Blow","Sword Boomerang"],"picked":"Rampage","floor":8},{"not_picked":["Seeing Red","Havoc","Limit Break"],"picked":"SKIP","floor":12},{"not_picked":["Wild Strike","Shockwave"],"picked":"Combust","floor":13},{"not_picked":["Battle Trance","Armaments","Blood for Blood"],"picked":"SKIP","floor":14},{"not_picked":["Fiend Fire","Immolate"],"picked":"Double Tap","floor":16},{"not_picked":["Iron Wave","Sword Boomerang","Warcry"],"picked":"SKIP","floor":18},{"not_picked":["Battle Trance","Entrench","Body Slam"],"picked":"SKIP","floor":20},{"not_picked":["Armaments","Warcry","Sentinel+1"],"picked":"SKIP","floor":21}],"player_experience":362623,"relics_obtained":[{"floor":5,"key":"Pen Nib"},{"floor":8,"key":"Letter Opener"},{"floor":9,"key":"Pear"}],"event_choices":[{"damage_healed":0,"gold_gain":75,"player_choice":"Gather Gold","damage_taken":11,"max_hp_gain":0,"max_hp_loss":0,"event_name":"World of Goop","floor":7,"gold_loss":0},{"damage_healed":0,"gold_gain":0,"player_choice":"Fight","damage_taken":0,"max_hp_gain":0,"max_hp_loss":0,"event_name":"Colosseum","floor":22,"gold_loss":0}],"is_beta":false,"boss_relics":[{"not_picked":["Orrery","Runic Dome"],"picked":"Empty Cage"}],"items_purged_floors":[10,19],"is_endless":false,"potions_floor_spawned":[1,2,4,13,21],"killed_by":"Colosseum Slavers","ascension_level":0}