{"gold_per_floor":[117,42,58,74,149,149,161,171,224,253,269,279,291,304,304,304],"floor_reached":16,"playtime":1148,"items_purged":["Defend_R"],"score":108,"play_id":"4e736b23-7328-4e8c-aa1f-e79f795ed1ac","local_time":"20180713165328","is_ascension_mode":false,"campfire_choices":[{"data":"Perfected Strike","floor":6,"key":"SMITH"},{"floor":15,"key":"REST"}],"neow_cost":"NONE","seed_source_timestamp":203281640183978,"circlet_count":0,"master_deck":["Strike_R","Strike_R","Strike_R","Strike_R","Strike_R","Defend_R","Defend_R","Defend_R","Reaper","Shrug It Off","Perfected Strike+1","Pommel Strike"],"relics":["Burning Blood","Centennial Puzzle","Dodecahedron"],"potions_floor_usage":[16,16],"damage_taken":[{"damage":5,"enemies":"Cultist","floor":1,"turns":4},{"damage":10,"enemies":"Jaw Worm","floor":3,"turns":5},{"damage":7,"enemies":"2 Louse","floor":4,"turns":2},{"damage":12,"enemies":"Gremlin Gang","floor":7,"turns":5},{"damage":11,"enemies":"3 Louse","floor":8,"turns":4},{"damage":24,"enemies":"3 Sentries","floor":10,"turns":7},{"damage":12,"enemies":"Exordium Wildlife","floor":11,"turns":3},{"damage":20,"enemies":"Exordium Thugs","floor":12,"turns":2},{"damage":17,"enemies":"Gremlin Gang","floor":13,"turns":4},{"damage":4,"enemies":"Blue Slaver","floor":14,"turns":2},{"damage":71,"enemies":"Hexaghost","floor":16,"turns":8}],"seed_played":"6506013951547895376","potions_obtained":[{"floor":1,"key":"PowerPotion"},{"floor":7,"key":"SpeedPotion"},{"floor":11,"key":"SkillPotion"}],"is_trial":false,"path_per_floor":["M","$","M","M","?","R","M","M","T","E","M","M","M","M","R"],"character_chosen":"IRONCLAD","items_purchased":[],"campfire_rested":1,"item_purchase_floors":[],"current_hp_per_floor":[80,80,77,76,65,65,65,68,68,62,60,46,41,43,67,0],"gold":304,"neow_bonus":"TRANSFORM_CARD","is_prod":false,"is_daily":false,"chose_seed":false,"campfire_upgraded":1,"win_rate":0.0,"timestamp":1531515208,"path_taken":["M","$","M","?","?","R","M","M","T","E","M","M","M","M","R","BOSS"],"build_version":"2018-07-12","purchased_purges":1,"victory":false,"max_hp_per_floor":[80,80,80,80,80,80,80,80,80,80,80,80,80,80,80,80],"card_choices":[{"not_picked":["Bloodletting","Shrug It Off","Armaments"],"picked":"SKIP","floor":1},{"not_picked":["Warcry","Heavy Blade"],"picked":"Shrug It Off","floor":3},{"not_picked":["Thunderclap","Metallicize"],"picked":"Perfected Strike","floor":4},{"not_picked":["Thunderclap","Intimidate","Limit Break"],"picked":"SKIP","floor":7},{"not_picked":["Rage","Armaments"],"picked":"Pommel Strike","floor":8},{"not_picked":["Warcry","Feed","Armaments"],"picked":"SKIP","floor":10},{"not_picked":["True Grit","Heavy Blade","Clash"],"picked":"SKIP","floor":11},{"not_picked":["Pummel","Thunderclap","Corruption"],"picked":"SKIP","floor":12},{"not_picked":["Rupture","Clothesline","Metallicize"],"picked":"SKIP","floor":13},{"not_picked":["Clash","Thunderclap","True Grit"],"picked":"SKIP","floor":14}],"player_experience":238650,"relics_obtained":[{"floor":9,"key":"Centennial Puzzle"},{"floor":10,"key":"Dodecahedron"}],"event_choices":[{"event_name":"World of Goop","player_choice":"Gather Gold","floor":5,"damage_taken":0}],"boss_relics":[],"items_purged_floors":[2],"is_endless":false,"potions_floor_spawned":[1,7,11,13],"killed_by":"Hexaghost","ascension_level":0}