{"gold_per_floor":[114,127,127,139,58,83,83,95,95,95,110,140,157,177,177,248,248,263,48,98,98,98,98,110,35,62,106,118,149,161,173,185,270,282,313,325,337,361,28,28,53,53,78,93,103,116,149,39,39,39],"floor_reached":50,"playtime":1282,"items_purged":[],"score":1044,"play_id":"8e539aa2-27ba-45dd-8c59-e18aade86925","local_time":"20190315231705","is_ascension_mode":true,"campfire_choices":[{"data":"Inflame","floor":7,"key":"SMITH"},{"data":"Heavy Blade","floor":10,"key":"SMITH"},{"floor":15,"key":"REST"},{"floor":23,"key":"DIG"},{"floor":30,"key":"DIG"},{"floor":32,"key":"RECALL"},{"floor":40,"key":"DIG"},{"floor":42,"key":"DIG"},{"floor":49,"key":"DIG"}],"neow_cost":"NONE","seed_source_timestamp":3250226228638,"circlet_count":0,"master_deck":["AscendersBane","Strike_R","Strike_R","Defend_R","Defend_R","Defend_R","Defend_R","Bash","Rampage","Headbutt","Inflame+1","Offering","Heavy Blade+1","Headbutt+1","Thunderclap","Battle Trance","Flex","Reaper","Inflame","Limit Break+1"],"relics":["Burning Blood","NeowsBlessing","Red Skull","Self Forming Clay","Shovel","Sozu","Brimstone","Vajra","MawBank","Bag of Preparation","Gremlin Horn","Busted Crown","Turnip","The Courier","Dodecahedron","Lantern","Boot","Juzu Bracelet","PreservedInsect"],"potions_floor_usage":[6,12,12,14,16],"damage_taken":[{"damage":0,"enemies":"Jaw Worm","floor":1,"turns":1},{"damage":0,"enemies":"Cultist","floor":2,"turns":1},{"damage":0,"enemies":"Small Slimes","floor":4,"turns":1},{"damage":31,"enemies":"Gremlin Nob","floor":6,"turns":4},{"damage":15,"enemies":"3 Louse","floor":8,"turns":2},{"damage":10,"enemies":"2 Fungi Beasts","floor":11,"turns":2},{"damage":23,"enemies":"3 Sentries","floor":12,"turns":4},{"damage":19,"enemies":"Lots of Slimes","floor":13,"turns":3},{"damage":5,"enemies":"Red Slaver","floor":14,"turns":2},{"damage":26,"enemies":"Hexaghost","floor":16,"turns":4},{"damage":12,"enemies":"Spheric Guardian","floor":18,"turns":3},{"damage":15,"enemies":"Chosen","floor":24,"turns":2},{"damage":6,"enemies":"Gremlin Leader","floor":27,"turns":3},{"damage":6,"enemies":"Snake Plant","floor":29,"turns":2},{"damage":56,"enemies":"Champ","floor":33,"turns":4},{"damage":34,"enemies":"3 Darklings","floor":35,"turns":3},{"damage":6,"enemies":"Orb Walker","floor":38,"turns":1},{"damage":22,"enemies":"Giant Head","floor":41,"turns":4},{"damage":28,"enemies":"3 Darklings","floor":44,"turns":3},{"damage":6,"enemies":"Transient","floor":45,"turns":5},{"damage":27,"enemies":"Spire Growth","floor":46,"turns":3},{"damage":42,"enemies":"Reptomancer","floor":47,"turns":3},{"damage":49,"enemies":"Donu and Deca","floor":50,"turns":2}],"seed_played":"-3511751000205750695","potions_obtained":[{"floor":2,"key":"Weak Potion"},{"floor":4,"key":"BloodPotion"},{"floor":8,"key":"EssenceOfSteel"},{"floor":11,"key":"AttackPotion"},{"floor":12,"key":"Weak Potion"},{"floor":14,"key":"EssenceOfSteel"}],"is_trial":false,"path_per_floor":["M","M","?","M","$","E","R","M","T","R","M","E","M","M","R","B",null,"M","$","?","?","?","R","M","?","T","E","$","M","R","$","R","B",null,"M","?","?","M","$","R","E","R","T","M","M","M","E","?","R","B"],"character_chosen":"IRONCLAD","items_purchased":["Offering","Brimstone","Turnip"],"campfire_rested":1,"item_purchase_floors":[5,19,39],"current_hp_per_floor":[74,75,75,75,75,50,50,41,41,41,37,27,14,15,37,17,61,55,55,55,34,34,34,47,47,47,47,47,59,59,59,59,37,69,72,72,72,72,72,72,60,60,60,54,76,76,46,46,46,0],"gold":39,"neow_bonus":"THREE_ENEMY_KILL","is_prod":false,"is_daily":false,"chose_seed":false,"campfire_upgraded":2,"win_rate":0,"timestamp":1552677425,"path_taken":["M","M","?","?","$","E","R","M","T","R","M","E","M","M","R","BOSS","M","$","?","?","?","R","M","?","T","E","$","M","R","$","R","BOSS","M","?","?","M","$","R","E","R","T","M","M","M","E","?","R","BOSS"],"build_version":"2019-01-23","purchased_purges":0,"victory":false,"max_hp_per_floor":[75,75,75,75,75,75,75,75,75,75,75,75,75,75,75,75,75,75,75,75,80,80,80,80,80,80,80,80,80,80,80,80,80,80,80,76,76,76,76,76,76,76,76,76,76,76,76,76,76,76],"card_choices":[{"not_picked":["Clash","Havoc"],"picked":"Rampage","floor":1},{"not_picked":["Shrug It Off","Disarm"],"picked":"Headbutt","floor":2},{"not_picked":["Whirlwind","Body Slam"],"picked":"Inflame","floor":4},{"not_picked":["Flex","Body Slam"],"picked":"Heavy Blade","floor":6},{"not_picked":["Armaments","Carnage","Corruption"],"picked":"SKIP","floor":8},{"not_picked":["Wild Strike","Rampage"],"picked":"Headbutt","floor":11},{"not_picked":["Reckless Charge","Spot Weakness"],"picked":"Thunderclap","floor":12},{"not_picked":["Cleave","Dark Embrace"],"picked":"Battle Trance","floor":13},{"not_picked":["Evolve","Twin Strike"],"picked":"Flex","floor":14},{"not_picked":["Barricade","Double Tap"],"picked":"Reaper","floor":16},{"not_picked":["Evolve","Body Slam+1","Entrench"],"picked":"SKIP","floor":18},{"not_picked":["Pommel Strike","Headbutt"],"picked":"Inflame","floor":24},{"not_picked":["Bloodletting","Rampage","Twin Strike+1"],"picked":"SKIP","floor":27},{"not_picked":["Armaments","Dual Wield+1","Thunderclap"],"picked":"SKIP","floor":29},{"not_picked":["Feed","Immolate"],"picked":"Limit Break","floor":33},{"not_picked":["Warcry"],"picked":"SKIP","floor":35},{"not_picked":["Dual Wield"],"picked":"SKIP","floor":38},{"not_picked":["Evolve+1"],"picked":"SKIP","floor":41},{"not_picked":["Sword Boomerang"],"picked":"SKIP","floor":44},{"not_picked":["Fire Breathing"],"picked":"SKIP","floor":45},{"not_picked":["Entrench"],"picked":"SKIP","floor":46},{"not_picked":["True Grit"],"picked":"SKIP","floor":47}],"player_experience":725489,"relics_obtained":[{"floor":6,"key":"Red Skull"},{"floor":9,"key":"Self Forming Clay"},{"floor":12,"key":"Shovel"},{"floor":23,"key":"Vajra"},{"floor":26,"key":"MawBank"},{"floor":27,"key":"Bag of Preparation"},{"floor":30,"key":"Gremlin Horn"},{"floor":40,"key":"The Courier"},{"floor":41,"key":"Dodecahedron"},{"floor":42,"key":"Lantern"},{"floor":43,"key":"Boot"},{"floor":47,"key":"Juzu Bracelet"},{"floor":49,"key":"PreservedInsect"}],"event_choices":[{"cards_removed":["Strike_R"],"damage_healed":0,"gold_gain":0,"player_choice":"Purged","damage_taken":0,"max_hp_gain":0,"max_hp_loss":0,"event_name":"Purifier","floor":3,"gold_loss":0},{"damage_healed":0,"gold_gain":50,"player_choice":"Stole From Cult","damage_taken":0,"max_hp_gain":0,"max_hp_loss":0,"event_name":"Nest","floor":20,"gold_loss":0},{"damage_healed":0,"gold_gain":0,"player_choice":"Shed Blood","damage_taken":26,"max_hp_gain":5,"max_hp_loss":0,"event_name":"Forgotten Altar","floor":21,"gold_loss":0},{"damage_healed":0,"gold_gain":0,"player_choice":"Ignored","damage_taken":0,"max_hp_gain":0,"max_hp_loss":0,"event_name":"The Mausoleum","floor":22,"gold_loss":0},{"cards_removed":["Strike_R"],"damage_healed":0,"gold_gain":0,"player_choice":"Gave Gold","damage_taken":0,"max_hp_gain":0,"max_hp_loss":0,"event_name":"Beggar","floor":25,"gold_loss":75},{"damage_healed":0,"gold_gain":0,"player_choice":"Max HP","damage_taken":0,"max_hp_gain":0,"max_hp_loss":4,"event_name":"Winding Halls","floor":36,"gold_loss":0},{"damage_healed":0,"gold_gain":0,"player_choice":"Forge","damage_taken":0,"max_hp_gain":0,"max_hp_loss":0,"event_name":"Accursed Blacksmith","floor":37,"gold_loss":0,"cards_upgraded":["Limit Break"]},{"cards_removed":["Strike_R"],"damage_healed":0,"gold_gain":0,"player_choice":"Upgrade and Remove","damage_taken":0,"max_hp_gain":0,"max_hp_loss":0,"event_name":"Designer","floor":48,"gold_loss":110,"cards_upgraded":["Headbutt"]}],"is_beta":false,"boss_relics":[{"not_picked":["Astrolabe","Mark of Pain"],"picked":"Sozu"},{"not_picked":["Black Blood","Velvet Choker"],"picked":"Busted Crown"}],"items_purged_floors":[],"is_endless":false,"potions_floor_spawned":[2,4,8,11,12,14,24,27,35,44,45],"killed_by":"Donu and Deca","ascension_level":16}