{"gold_per_floor":[118,11,11,29,29,29,48,48,48,48,87,87,63,84,84,214,214,230,230,245,245,258,258,301,301,331,345,345,270,295,319,319,319],"floor_reached":33,"playtime":1368,"items_purged":["Distraction"],"score":357,"play_id":"c551c535-738c-4726-b99a-a8cea5c90fc4","local_time":"20190410221644","is_ascension_mode":true,"campfire_choices":[{"data":"All Out Attack","floor":6.0,"key":"SMITH"},{"floor":8.0,"key":"REST"},{"data":"Noxious Fumes","floor":12.0,"key":"SMITH"},{"data":"Skewer","floor":15.0,"key":"SMITH"},{"floor":23.0,"key":"REST"},{"data":"Corpse Explosion","floor":25.0,"key":"SMITH"},{"floor":32,"key":"REST"}],"neow_cost":"NONE","seed_source_timestamp":0,"circlet_count":0,"master_deck":["Survivor","Neutralize","Flying Knee","All Out Attack+1","Noxious Fumes+1","Poisoned Stab","Skewer+1","Backflip","All Out Attack","Corpse Explosion+1","Burst","Calculated Gamble","Doppelganger","Caltrops","Cloak And Dagger","Underhanded Strike","Dagger Spray","Concentrate","Bouncing Flask","Prepared+1","Bane+1","Bane+1","Cloak And Dagger+1"],"special_seed":0,"relics":["Ring of the Snake","Golden Idol","Pocketwatch","Centennial Puzzle","Orichalcum","Pandora\u0027s Box","Toxic Egg 2","Tiny Chest"],"potions_floor_usage":[33,33],"damage_taken":[{"damage":0.0,"enemies":"Cultist","floor":1.0,"turns":4.0},{"damage":0.0,"enemies":"Jaw Worm","floor":4.0,"turns":3.0},{"damage":0.0,"enemies":"2 Louse","floor":7.0,"turns":1.0},{"damage":8.0,"enemies":"Lagavulin","floor":11.0,"turns":6.0},{"damage":0.0,"enemies":"Large Slime","floor":14.0,"turns":4.0},{"damage":0.0,"enemies":"Slime Boss","floor":16.0,"turns":7.0},{"damage":4.0,"enemies":"3 Byrds","floor":18.0,"turns":2.0},{"damage":4.0,"enemies":"Spheric Guardian","floor":20.0,"turns":3.0},{"damage":12.0,"enemies":"Snecko","floor":22.0,"turns":4.0},{"damage":0.0,"enemies":"Gremlin Leader","floor":24.0,"turns":5.0},{"damage":2.0,"enemies":"Cultist and Chosen","floor":27.0,"turns":4.0},{"damage":18,"enemies":"3 Cultists","floor":30,"turns":4},{"damage":19,"enemies":"Snecko","floor":31,"turns":4},{"damage":66,"enemies":"Automaton","floor":33,"turns":8}],"seed_played":"-5977253130755208571","potions_obtained":[{"floor":1.0,"key":"GamblersBrew"},{"floor":11.0,"key":"Block Potion"},{"floor":18.0,"key":"FearPotion"}],"is_trial":false,"path_per_floor":["M","$","?","M","T","R","M","R","T","?","E","R","$","M","R","B",null,"M","?","M","?","M","R","E","R","T","M","?","$","M","M","R","B"],"character_chosen":"THE_SILENT","items_purchased":["All Out Attack","Noxious Fumes","Backflip"],"campfire_rested":3,"item_purchase_floors":[2,2,13],"current_hp_per_floor":[77,77,58,58,58,58,58,77,77,77,69,69,69,69,69,69,77,73,73,69,69,57,77,77,77,77,75,75,75,57,38,61,0],"gold":319,"neow_bonus":"TEN_PERCENT_HP_BONUS","is_prod":false,"is_daily":false,"chose_seed":false,"campfire_upgraded":4,"win_rate":0,"timestamp":1554949004,"path_taken":["M","$","?","M","?","R","M","R","T","?","E","R","$","M","R","BOSS","M","?","M","?","M","R","E","R","T","M","?","$","M","M","R","BOSS"],"build_version":"2019-01-23","purchased_purges":1,"victory":false,"max_hp_per_floor":[77,77,77,77,77,77,77,77,77,77,77,77,77,77,77,77,77,77,77,77,77,77,77,77,77,77,77,77,77,77,77,77,77],"card_choices":[{"not_picked":["Well Laid Plans","Sucker Punch"],"picked":"Flying Knee","floor":1.0},{"not_picked":["Slice","Prepared","Phantasmal Killer"],"picked":"SKIP","floor":4.0},{"not_picked":["Prepared","Choke"],"picked":"Poisoned Stab","floor":7.0},{"not_picked":["Reflex","Blade Dance"],"picked":"Skewer","floor":11.0},{"not_picked":["Blade Dance","Cloak And Dagger"],"picked":"All Out Attack","floor":14.0},{"not_picked":["Adrenaline","Unload"],"picked":"Corpse Explosion","floor":16.0},{"not_picked":["Blade Dance","Reflex+1"],"picked":"Bouncing Flask","floor":18.0},{"not_picked":["Riddle With Holes","Calculated Gamble"],"picked":"Prepared+1","floor":20.0},{"not_picked":["Masterful Stab","Dagger Spray"],"picked":"Bane+1","floor":22.0},{"not_picked":["Underhanded Strike","Prepared"],"picked":"Bane+1","floor":24.0},{"not_picked":["Dash","Expertise+1","Noxious Fumes"],"picked":"SKIP","floor":27.0},{"not_picked":["Concentrate+1","Crippling Poison+1"],"picked":"Cloak And Dagger+1","floor":30},{"not_picked":["Slice","Dash","Dagger Spray"],"picked":"SKIP","floor":31}],"player_experience":472230,"relics_obtained":[{"floor":5.0,"key":"Pocketwatch"},{"floor":9.0,"key":"Centennial Puzzle"},{"floor":11.0,"key":"Orichalcum"},{"floor":24.0,"key":"Toxic Egg 2"},{"floor":26.0,"key":"Tiny Chest"}],"event_choices":[{"damage_healed":0.0,"max_hp_gain":0.0,"max_hp_loss":0.0,"gold_gain":0.0,"event_name":"Golden Idol","player_choice":"Take Damage","floor":3.0,"gold_loss":0.0,"damage_taken":19.0,"relics_obtained":["Golden Idol"]},{"damage_healed":0.0,"max_hp_gain":0.0,"max_hp_loss":0.0,"gold_gain":0.0,"event_name":"Scrap Ooze","player_choice":"Fled","floor":10.0,"gold_loss":0.0,"damage_taken":0.0},{"damage_healed":0.0,"max_hp_gain":0.0,"max_hp_loss":0.0,"gold_gain":0.0,"event_name":"The Mausoleum","player_choice":"Ignored","floor":19.0,"gold_loss":0.0,"damage_taken":0.0},{"cards_removed":["Burst"],"damage_healed":0.0,"max_hp_gain":0.0,"max_hp_loss":0.0,"gold_gain":0.0,"event_name":"Back to Basics","player_choice":"Elegance","floor":21.0,"gold_loss":0.0,"damage_taken":0.0},{"damage_healed":0.0,"max_hp_gain":0.0,"max_hp_loss":0.0,"gold_gain":0.0,"event_name":"Ghosts","player_choice":"Ignored","floor":28.0,"gold_loss":0.0,"damage_taken":0.0}],"is_beta":false,"boss_relics":[{"not_picked":["Eternal Feather","Coffee Dripper"],"picked":"Pandora\u0027s Box"}],"items_purged_floors":[29],"is_endless":false,"potions_floor_spawned":[1,11,18,22,30],"killed_by":"Automaton","ascension_level":1}