{"gold_per_floor":[114,125,125,140,24,43,78,78,130,130,162,162,180,180,180,284,284,294,312,312,237,253,253],"floor_reached":23,"playtime":960,"items_purged":["Strike_G"],"score":201,"play_id":"23be72da-6077-4ee3-9470-0ecfa64c4907","local_time":"20190207203237","is_ascension_mode":false,"campfire_choices":[{"floor":8,"key":"REST"},{"data":"Accuracy","floor":12,"key":"SMITH"},{"data":"Cloak And Dagger","floor":15,"key":"SMITH"}],"neow_cost":"NONE","seed_source_timestamp":463072616587944,"circlet_count":0,"master_deck":["Defend_G","Defend_G","Defend_G","Defend_G","Defend_G","Strike_G","Strike_G","Strike_G","Strike_G","Survivor","Neutralize","Infinite Blades+1","Backstab","Accuracy+1","Cloak And Dagger+1","Glass Knife","Bouncing Flask","Cloak And Dagger","Distraction+1"],"relics":["Ring of the Snake","NeowsBlessing","Singing Bowl","Juzu Bracelet","Orichalcum","Orrery"],"potions_floor_usage":[7,16],"damage_taken":[{"damage":0,"enemies":"Small Slimes","floor":1,"turns":1},{"damage":0,"enemies":"Jaw Worm","floor":2,"turns":1},{"damage":0,"enemies":"2 Louse","floor":4,"turns":1},{"damage":4,"enemies":"Blue Slaver","floor":6,"turns":4},{"damage":30,"enemies":"Gremlin Nob","floor":7,"turns":5},{"damage":25,"enemies":"3 Sentries","floor":11,"turns":8},{"damage":3,"enemies":"2 Fungi Beasts","floor":13,"turns":3},{"damage":28,"enemies":"Slime Boss","floor":16,"turns":12},{"damage":31,"enemies":"2 Thieves","floor":18,"turns":4},{"damage":13,"enemies":"Shell Parasite","floor":19,"turns":4},{"damage":15,"enemies":"Cultist and Chosen","floor":22,"turns":6},{"damage":56,"enemies":"Gremlin Leader","floor":23,"turns":4}],"seed_played":"316054862564354884","potions_obtained":[{"floor":2,"key":"Regen Potion"},{"floor":6,"key":"Block Potion"}],"is_trial":false,"path_per_floor":["M","M","?","M","$","M","E","R","T","?","E","R","M","?","R","B",null,"M","M","?","?","M","E"],"character_chosen":"THE_SILENT","items_purchased":["Accuracy"],"campfire_rested":1,"item_purchase_floors":[5],"current_hp_per_floor":[70,70,70,70,70,66,47,68,68,68,45,45,42,60,60,32,80,49,38,65,65,52,0],"gold":253,"neow_bonus":"THREE_ENEMY_KILL","is_prod":false,"is_daily":false,"chose_seed":false,"campfire_upgraded":2,"win_rate":0,"timestamp":1549589557,"path_taken":["M","M","?","M","$","M","E","R","T","?","E","R","M","?","R","BOSS","M","M","?","?","M","E"],"build_version":"2019-01-23","purchased_purges":1,"victory":false,"max_hp_per_floor":[70,70,70,70,70,70,72,72,72,72,74,74,74,74,74,74,80,80,82,82,79,81,81],"card_choices":[{"not_picked":["Slice","Dagger Spray"],"picked":"Infinite Blades","floor":1},{"not_picked":["PiercingWail","Deadly Poison"],"picked":"Backstab","floor":2},{"not_picked":["Outmaneuver","Dodge and Roll","Prepared"],"picked":"SKIP","floor":4},{"not_picked":["Footwork","Slice","Masterful Stab"],"picked":"SKIP","floor":6},{"not_picked":["Poisoned Stab","Finisher","Sucker Punch"],"picked":"Singing Bowl","floor":7},{"not_picked":["Caltrops","Outmaneuver","Finisher"],"picked":"Singing Bowl","floor":11},{"not_picked":["Adrenaline","Escape Plan"],"picked":"Cloak And Dagger","floor":13},{"not_picked":["Wraith Form v2","Bullet Time"],"picked":"Glass Knife","floor":16},{"not_picked":["Bane","Deflect"],"picked":"Bouncing Flask","floor":17},{"not_picked":["Sucker Punch","Calculated Gamble"],"picked":"Cloak And Dagger","floor":17},{"not_picked":["Eviscerate","Dagger Throw","Backflip"],"picked":"Singing Bowl","floor":17},{"not_picked":["Slice","Predator","Sucker Punch"],"picked":"Singing Bowl","floor":17},{"not_picked":["Riddle With Holes","Dagger Spray","Calculated Gamble"],"picked":"Singing Bowl","floor":17},{"not_picked":["Deadly Poison+1","Backstab"],"picked":"Distraction+1","floor":18},{"not_picked":["Dash","Tools of the Trade","Quick Slash"],"picked":"Singing Bowl","floor":19},{"not_picked":["PiercingWail","Leg Sweep+1","Backflip"],"picked":"Singing Bowl","floor":22}],"player_experience":356803,"relics_obtained":[{"floor":7,"key":"Singing Bowl"},{"floor":9,"key":"Juzu Bracelet"},{"floor":11,"key":"Orichalcum"}],"event_choices":[{"damage_healed":0,"gold_gain":0,"player_choice":"Ignored","damage_taken":0,"max_hp_gain":0,"max_hp_loss":0,"event_name":"Liars Game","floor":3,"gold_loss":0},{"damage_healed":0,"gold_gain":0,"player_choice":"Grow","damage_taken":0,"max_hp_gain":0,"max_hp_loss":0,"event_name":"Living Wall","floor":10,"gold_loss":0,"cards_upgraded":["Infinite Blades"]},{"damage_healed":18,"gold_gain":0,"player_choice":"Healed and dodged fight","damage_taken":0,"max_hp_gain":0,"max_hp_loss":0,"event_name":"Mushrooms","floor":14,"gold_loss":0,"cards_obtained":["Parasite"]},{"damage_healed":27,"gold_gain":0,"player_choice":"Heal","damage_taken":0,"max_hp_gain":0,"max_hp_loss":0,"event_name":"The Library","floor":20,"gold_loss":0},{"cards_removed":["Parasite"],"damage_healed":0,"gold_gain":0,"player_choice":"Gave Gold","damage_taken":0,"max_hp_gain":0,"max_hp_loss":0,"event_name":"Beggar","floor":21,"gold_loss":75}],"is_beta":false,"boss_relics":[{"not_picked":["Tiny House","Velvet Choker"],"picked":"Orrery"}],"items_purged_floors":[5],"is_endless":false,"potions_floor_spawned":[2,6],"killed_by":"Gremlin Leader","ascension_level":0}