{"gold_per_floor":[117,135,60,72,91,91,120,135,135,164,164,164,164,180,180,180],"floor_reached":16,"playtime":860,"items_purged":[],"score":274,"play_id":"8fce0013-aded-40af-aa75-187e853e3b11","local_time":"20190111043455","is_ascension_mode":true,"campfire_choices":[{"data":"Glass Knife","floor":6.0,"key":"SMITH"},{"data":"Tactician","floor":11,"key":"SMITH"},{"data":"Neutralize","floor":15,"key":"SMITH"}],"neow_cost":"NONE","seed_source_timestamp":0,"circlet_count":0,"master_deck":["AscendersBane","Defend_G","Defend_G","Defend_G","Defend_G","Defend_G","Strike_G","Strike_G","Strike_G","Survivor","Neutralize+1","Glass Knife+1","Masterful Stab","Backflip","Deflect","Eviscerate","Deflect","Tactician+1","Dagger Throw","Eviscerate"],"special_seed":0,"relics":["Ring of the Snake","Calipers","Matryoshka","Ornamental Fan"],"potions_floor_usage":[10,10,16],"damage_taken":[{"damage":6.0,"enemies":"Small Slimes","floor":1.0,"turns":3.0},{"damage":0.0,"enemies":"Cultist","floor":2.0,"turns":3.0},{"damage":0.0,"enemies":"Jaw Worm","floor":4.0,"turns":2.0},{"damage":1.0,"enemies":"2 Fungi Beasts","floor":5.0,"turns":4.0},{"damage":3.0,"enemies":"Gremlin Nob","floor":7.0,"turns":3.0},{"damage":6.0,"enemies":"Exordium Thugs","floor":8.0,"turns":5.0},{"damage":0,"enemies":"Lagavulin","floor":10,"turns":3},{"damage":0,"enemies":"Lots of Slimes","floor":14,"turns":6},{"damage":44,"enemies":"Hexaghost","floor":16,"turns":10}],"seed_played":"9099657237884665721","potions_obtained":[{"floor":2.0,"key":"GamblersBrew"},{"floor":4.0,"key":"Strength Potion"},{"floor":7.0,"key":"FearPotion"},{"floor":8.0,"key":"SteroidPotion"},{"floor":10,"key":"SkillPotion"}],"is_trial":false,"path_per_floor":["M","M","?","M","M","R","E","M","T","E","R","?","?","M","R","B"],"character_chosen":"THE_SILENT","items_purchased":[],"campfire_rested":0,"item_purchase_floors":[],"current_hp_per_floor":[53,53,53,53,52,52,49,43,43,43,43,36,41,41,41,0],"gold":180,"neow_bonus":"ONE_RANDOM_RARE_CARD","is_prod":false,"is_daily":false,"chose_seed":false,"campfire_upgraded":3,"win_rate":0,"timestamp":1547210095,"path_taken":["M","M","?","M","M","R","E","M","T","E","R","?","?","M","R","BOSS"],"build_version":"2019-01-10","purchased_purges":0,"victory":false,"max_hp_per_floor":[66,66,66,66,66,66,66,66,66,66,66,66,71,71,71,71],"card_choices":[{"not_picked":["Blade Dance","Bane"],"picked":"Masterful Stab","floor":1.0},{"not_picked":["PiercingWail","Dagger Spray"],"picked":"Backflip","floor":2.0},{"not_picked":["Tactician","Doppelganger"],"picked":"Deflect","floor":4.0},{"not_picked":["Flechettes","Infinite Blades"],"picked":"Eviscerate","floor":5.0},{"not_picked":["Noxious Fumes","Crippling Poison"],"picked":"Deflect","floor":7.0},{"not_picked":["Eviscerate","Dagger Spray"],"picked":"Tactician","floor":8.0},{"not_picked":["Dodge and Roll","Flying Knee"],"picked":"Dagger Throw","floor":10},{"not_picked":["Poisoned Stab","Deadly Poison"],"picked":"Eviscerate","floor":14}],"player_experience":3207540,"relics_obtained":[{"floor":7.0,"key":"Calipers"},{"floor":9.0,"key":"Matryoshka"},{"floor":10,"key":"Ornamental Fan"}],"event_choices":[{"cards_removed":["Strike_G"],"damage_healed":0.0,"max_hp_gain":0.0,"max_hp_loss":0.0,"gold_gain":0.0,"event_name":"The Cleric","player_choice":"Card Removal","floor":3.0,"gold_loss":75.0,"damage_taken":0.0},{"cards_removed":["Strike_G"],"damage_healed":0,"gold_gain":0,"player_choice":"Card Removal","damage_taken":7,"max_hp_gain":0,"max_hp_loss":0,"event_name":"Golden Wing","floor":12,"gold_loss":0},{"damage_healed":0,"gold_gain":0,"player_choice":"Donut","damage_taken":0,"max_hp_gain":5,"max_hp_loss":0,"event_name":"Big Fish","floor":13,"gold_loss":0}],"is_beta":true,"boss_relics":[],"items_purged_floors":[],"is_endless":false,"potions_floor_spawned":[2,4,7,8,10],"killed_by":"Hexaghost","ascension_level":20}