{"gold_per_floor":[361,371,371,371,371,371,389,389,415,433,433,433,450,470,470,571,571,581,190,190,190,204,204,204],"floor_reached":24,"playtime":1009,"items_purged":["Strike_R"],"score":214,"play_id":"db5eb5f3-8547-4fc1-a148-aa2a6cd13aac","local_time":"20190310175513","is_ascension_mode":true,"campfire_choices":[{"floor":6,"key":"REST"},{"floor":8,"key":"REST"},{"data":"Rampage","floor":11,"key":"SMITH"},{"floor":15,"key":"REST"},{"floor":23,"key":"REST"}],"neow_cost":"PERCENT_DAMAGE","seed_source_timestamp":63700067725129,"circlet_count":0,"master_deck":["Strike_R","Strike_R+1","Strike_R+1","Defend_R","Defend_R","Defend_R","Defend_R","Bash","Body Slam+1","Rampage+1","Barricade","Warcry+1","Metallicize","RitualDagger"],"relics":["Burning Blood","Bronze Scales","FossilizedHelix","Busted Crown","Singing Bowl","MutagenicStrength"],"potions_floor_usage":[16],"damage_taken":[{"damage":8,"enemies":"2 Louse","floor":1,"turns":3},{"damage":8,"enemies":"Jaw Worm","floor":2,"turns":5},{"damage":9,"enemies":"Small Slimes","floor":7,"turns":4},{"damage":14,"enemies":"Exordium Thugs","floor":10,"turns":5},{"damage":9,"enemies":"2 Fungi Beasts","floor":13,"turns":3},{"damage":0,"enemies":"Large Slime","floor":14,"turns":3},{"damage":51,"enemies":"Slime Boss","floor":16,"turns":13},{"damage":39,"enemies":"Shell Parasite","floor":18,"turns":6},{"damage":16,"enemies":"3 Byrds","floor":22,"turns":4},{"damage":60,"enemies":"Slavers","floor":24,"turns":4}],"seed_played":"1149912305383041521","potions_obtained":[{"floor":2,"key":"Regen Potion"},{"floor":18,"key":"Strength Potion"}],"is_trial":false,"path_per_floor":["M","M","?","?","?","R","M","R","T","M","R","T","M","M","R","B",null,"M","$","?","?","M","R","E"],"character_chosen":"IRONCLAD","items_purchased":["Metallicize","Singing Bowl"],"campfire_rested":4,"item_purchase_floors":[19,19],"current_hp_per_floor":[54,52,52,36,29,53,50,74,74,66,66,66,63,69,80,50,80,47,47,41,41,33,57,0],"gold":204,"neow_bonus":"TWO_FIFTY_GOLD","is_prod":false,"is_daily":false,"chose_seed":false,"campfire_upgraded":1,"win_rate":0,"timestamp":1552254913,"path_taken":["M","M","?","?","?","R","?","R","T","M","R","?","M","M","R","BOSS","M","$","?","?","M","R","E"],"build_version":"2019-01-23","purchased_purges":1,"victory":false,"max_hp_per_floor":[80,80,80,80,80,80,80,80,80,80,80,80,80,80,80,80,80,80,80,80,80,82,82,82],"card_choices":[{"not_picked":["Thunderclap","Headbutt","Intimidate"],"picked":"SKIP","floor":1},{"not_picked":["Searing Blow","Clothesline"],"picked":"Body Slam","floor":2},{"not_picked":["Bloodletting","Anger","Perfected Strike"],"picked":"SKIP","floor":7},{"not_picked":["Havoc","Feed"],"picked":"Rampage","floor":10},{"not_picked":["Anger","Cleave","Combust"],"picked":"SKIP","floor":13},{"not_picked":["Sentinel","Havoc","Disarm"],"picked":"SKIP","floor":14},{"not_picked":["Immolate","Impervious"],"picked":"Barricade","floor":16},{"not_picked":[],"picked":"Warcry+1","floor":18},{"not_picked":["Twin Strike"],"picked":"Singing Bowl","floor":22}],"player_experience":117624,"relics_obtained":[{"floor":9,"key":"Bronze Scales"},{"floor":12,"key":"FossilizedHelix"}],"event_choices":[{"damage_healed":0,"gold_gain":0,"player_choice":"Grow","damage_taken":0,"max_hp_gain":0,"max_hp_loss":0,"event_name":"Living Wall","floor":3,"gold_loss":0,"cards_upgraded":["Body Slam"]},{"damage_healed":0,"gold_gain":0,"player_choice":"Entered Light","damage_taken":16,"max_hp_gain":0,"max_hp_loss":0,"event_name":"Shining Light","floor":4,"gold_loss":0,"cards_upgraded":["Strike_R","Strike_R"]},{"cards_removed":["Strike_R"],"damage_healed":0,"gold_gain":0,"player_choice":"Card Removal","damage_taken":7,"max_hp_gain":0,"max_hp_loss":0,"event_name":"Golden Wing","floor":5,"gold_loss":0},{"damage_healed":0,"gold_gain":0,"player_choice":"Joined the Cult","damage_taken":6,"max_hp_gain":0,"max_hp_loss":0,"event_name":"Nest","floor":20,"gold_loss":0,"cards_obtained":["RitualDagger"]},{"damage_healed":0,"gold_gain":0,"player_choice":"Inject Mutagens","damage_taken":0,"relics_obtained":["MutagenicStrength"],"max_hp_gain":0,"max_hp_loss":0,"event_name":"Drug Dealer","floor":21,"gold_loss":0}],"is_beta":false,"boss_relics":[{"not_picked":["Ectoplasm","Coffee Dripper"],"picked":"Busted Crown"}],"items_purged_floors":[19],"is_endless":false,"potions_floor_spawned":[2,18],"killed_by":"Slavers","ascension_level":3}