{"gold_per_floor":[112,131,149,160,160,160,196,216,216,260,275,275,49,88,88,182,182,200,115,159,175,189,232,232,275,275,290,124,124,124,69,69,69],"floor_reached":33,"playtime":1887,"items_purged":[],"score":580,"play_id":"acebc0d2-0d36-42e2-8171-566239e7d2bb","local_time":"20190330153839","is_ascension_mode":true,"campfire_choices":[{"floor":6.0,"key":"REST"},{"floor":15.0,"key":"DIG"},{"floor":24,"key":"REST"},{"floor":30,"key":"REST"},{"floor":32,"key":"DIG"}],"neow_cost":"NONE","seed_source_timestamp":0,"circlet_count":0,"master_deck":["AscendersBane","Strike_R","Strike_R","Strike_R","Strike_R+1","Strike_R","Defend_R","Defend_R+1","Defend_R","Defend_R+1","Bash+1","Clash","Perfected Strike","Inflame","Armaments","Perfected Strike","Whirlwind","Bloodletting","Pommel Strike","Perfected Strike","Offering","Body Slam+1","Seeing Red","Headbutt","Intimidate","Shrug It Off"],"special_seed":0,"relics":["Burning Blood","Whetstone","Golden Idol","Red Skull","Gambling Chip","Question Card","Chemical X","Shovel","War Paint","Runic Cube","Pen Nib","Red Mask","Prayer Wheel","StoneCalendar","Bottled Lightning","Happy Flower","Lantern"],"potions_floor_usage":[23,33,33],"damage_taken":[{"damage":4.0,"enemies":"2 Louse","floor":1.0,"turns":3.0},{"damage":7.0,"enemies":"Jaw Worm","floor":2.0,"turns":3.0},{"damage":4.0,"enemies":"Small Slimes","floor":3.0,"turns":3.0},{"damage":17.0,"enemies":"Exordium Wildlife","floor":4.0,"turns":4.0},{"damage":45.0,"enemies":"3 Sentries","floor":7.0,"turns":9.0},{"damage":0.0,"enemies":"Looter","floor":8.0,"turns":2.0},{"damage":6.0,"enemies":"Gremlin Nob","floor":10.0,"turns":3.0},{"damage":3.0,"enemies":"Large Slime","floor":11.0,"turns":2.0},{"damage":5.0,"enemies":"3 Sentries","floor":14.0,"turns":2.0},{"damage":29.0,"enemies":"Slime Boss","floor":16.0,"turns":5.0},{"damage":14,"enemies":"3 Byrds","floor":18,"turns":5},{"damage":20,"enemies":"Masked Bandits","floor":20,"turns":3},{"damage":13,"enemies":"Shell Parasite","floor":21,"turns":2},{"damage":3,"enemies":"Snecko","floor":22,"turns":2},{"damage":19,"enemies":"Gremlin Leader","floor":23,"turns":4},{"damage":32,"enemies":"Slavers","floor":25,"turns":3},{"damage":6,"enemies":"Snake Plant","floor":27,"turns":1},{"damage":55,"enemies":"Champ","floor":33,"turns":9}],"seed_played":"3639665636056485550","potions_obtained":[{"floor":2.0,"key":"SmokeBomb"},{"floor":3.0,"key":"Energy Potion"},{"floor":7.0,"key":"Fruit Juice"},{"floor":10.0,"key":"Strength Potion"},{"floor":11.0,"key":"Dexterity Potion"},{"floor":21,"key":"LiquidBronze"},{"floor":22,"key":"PowerPotion"},{"floor":23,"key":"GamblersBrew"}],"is_trial":false,"path_per_floor":["M","M","M","M","?","R","E","M","T","E","M","?","$","E","R","B",null,"M","?","?","M","M","E","R","E","T","M","$","?","R","$","R","B"],"character_chosen":"IRONCLAD","items_purchased":["Chemical X","Happy Flower","Shrug It Off"],"campfire_rested":3,"item_purchase_floors":[13,28,31],"current_hp_per_floor":[70,69,71,60,34,56,22,28,28,28,31,31,31,32,32,9,62,54,54,40,33,36,23,47,21,21,21,21,21,45,45,45,0],"gold":69,"neow_bonus":"RANDOM_COMMON_RELIC","is_prod":false,"is_daily":false,"chose_seed":false,"campfire_upgraded":0,"win_rate":0,"timestamp":1553985519,"path_taken":["M","M","M","M","?","R","E","M","T","E","M","?","?","E","R","BOSS","M","?","?","M","M","E","R","E","T","?","$","?","R","?","R","BOSS"],"build_version":"2019-01-23","purchased_purges":0,"victory":false,"max_hp_per_floor":[75,75,75,75,75,75,80,80,80,80,80,80,80,80,80,80,80,80,80,80,80,80,80,80,80,80,80,80,80,80,80,80,80],"card_choices":[{"not_picked":["Wild Strike","Headbutt"],"picked":"Clash","floor":1.0},{"not_picked":["Searing Blow","Flex"],"picked":"Perfected Strike","floor":2.0},{"not_picked":["Heavy Blade","Anger"],"picked":"Inflame","floor":3.0},{"not_picked":["Metallicize","Combust"],"picked":"Armaments","floor":4.0},{"not_picked":["True Grit","Havoc"],"picked":"Perfected Strike","floor":7.0},{"not_picked":["Sword Boomerang","Dual Wield"],"picked":"Whirlwind","floor":8.0},{"not_picked":["Impervious","Cleave"],"picked":"Bloodletting","floor":10.0},{"not_picked":["Searing Blow","Uppercut","Headbutt"],"picked":"Pommel Strike","floor":11.0},{"not_picked":["Spot Weakness","Brutality","Corruption"],"picked":"Perfected Strike","floor":14.0},{"not_picked":["Immolate","Juggernaut","Berserk"],"picked":"Offering","floor":16.0},{"not_picked":["Heavy Blade+1","Dual Wield","Sword Boomerang+1"],"picked":"Body Slam+1","floor":18},{"not_picked":["True Grit","Iron Wave+1","Clash"],"picked":"Seeing Red","floor":21},{"not_picked":["Flex","Uppercut","Searing Blow","Entrench"],"picked":"SKIP","floor":22},{"not_picked":["Dropkick","Dual Wield","Twin Strike+1"],"picked":"Headbutt","floor":23},{"not_picked":["Metallicize","Pommel Strike","Warcry"],"picked":"Intimidate","floor":25},{"not_picked":["Seeing Red","Sword Boomerang","Pummel","Reckless Charge"],"picked":"SKIP","floor":27},{"not_picked":["Armaments","Headbutt","Power Through+1","Heavy Blade"],"picked":"SKIP","floor":27}],"player_experience":643502,"relics_obtained":[{"floor":7.0,"key":"Red Skull"},{"floor":9.0,"key":"Gambling Chip"},{"floor":10.0,"key":"Question Card"},{"floor":14.0,"key":"Shovel"},{"floor":15.0,"key":"War Paint"},{"floor":20,"key":"Red Mask"},{"floor":23,"key":"Prayer Wheel"},{"floor":25,"key":"StoneCalendar"},{"floor":26,"key":"Bottled Lightning"},{"floor":32,"key":"Lantern"}],"event_choices":[{"damage_healed":0.0,"max_hp_gain":0.0,"max_hp_loss":0.0,"gold_gain":0.0,"event_name":"Golden Idol","player_choice":"Take Damage","floor":5.0,"gold_loss":0.0,"damage_taken":26.0,"relics_obtained":["Golden Idol"]},{"damage_healed":0.0,"max_hp_gain":0.0,"max_hp_loss":0.0,"gold_gain":0.0,"event_name":"Scrap Ooze","player_choice":"Fled","floor":12.0,"gold_loss":0.0,"damage_taken":0.0},{"damage_healed":0,"gold_gain":0,"player_choice":"Obtained Relic","damage_taken":0,"relics_obtained":["Pen Nib"],"max_hp_gain":0,"max_hp_loss":0,"event_name":"Addict","floor":19,"gold_loss":85},{"damage_healed":0,"gold_gain":0,"player_choice":"Fought Bandits","damage_taken":0,"max_hp_gain":0,"max_hp_loss":0,"event_name":"Masked Bandits","floor":20,"gold_loss":0},{"damage_healed":0,"gold_gain":0,"player_choice":"Ignored","damage_taken":0,"max_hp_gain":0,"max_hp_loss":0,"event_name":"Vampires","floor":29,"gold_loss":0}],"is_beta":false,"boss_relics":[{"not_picked":["Black Star","Calling Bell"],"picked":"Runic Cube"}],"items_purged_floors":[],"is_endless":false,"potions_floor_spawned":[2,3,7,10,11,21,22,23],"killed_by":"Champ","ascension_level":18}