{"gold_per_floor":[18,35,35,54,69,104,104,29,29,29,48,65,80,80],"floor_reached":14,"playtime":426,"items_purged":["Strike_R"],"score":94,"play_id":"ccc5bed5-d77e-454c-924a-d20c7fd21c64","local_time":"20190206160857","is_ascension_mode":false,"campfire_choices":[{"floor":7,"key":"REST"}],"neow_cost":"NO_GOLD","seed_source_timestamp":361378976702086,"circlet_count":0,"master_deck":["Strike_R","Strike_R","Strike_R","Strike_R","Defend_R","Defend_R","Bash","Rupture","Rampage","Combust","Headbutt","Decay","Armaments","Pommel Strike","Wild Strike"],"relics":["Burning Blood","Bag of Preparation","Pantograph"],"potions_floor_usage":[],"damage_taken":[{"damage":7,"enemies":"Small Slimes","floor":1,"turns":3},{"damage":8,"enemies":"Cultist","floor":2,"turns":3},{"damage":16,"enemies":"Jaw Worm","floor":4,"turns":3},{"damage":23,"enemies":"3 Louse","floor":5,"turns":3},{"damage":34,"enemies":"Lagavulin","floor":6,"turns":5},{"damage":15,"enemies":"Exordium Wildlife","floor":11,"turns":4},{"damage":17,"enemies":"Looter","floor":12,"turns":3},{"damage":23,"enemies":"Exordium Thugs","floor":13,"turns":4},{"damage":9,"enemies":"3 Louse","floor":14,"turns":1}],"seed_played":"1566841425549902471","potions_obtained":[{"floor":1,"key":"Strength Potion"},{"floor":2,"key":"SpeedPotion"},{"floor":10,"key":"BloodPotion"},{"floor":10,"key":"SkillPotion"}],"is_trial":false,"path_per_floor":["M","M","?","M","M","E","R","$","T","?","M","M","M","M"],"character_chosen":"IRONCLAD","items_purchased":[],"campfire_rested":1,"item_purchase_floors":[],"current_hp_per_floor":[79,77,77,67,50,22,46,46,46,46,37,26,9,0],"gold":80,"neow_bonus":"TRANSFORM_TWO_CARDS","is_prod":false,"is_daily":false,"chose_seed":false,"campfire_upgraded":0,"win_rate":0.0,"timestamp":1549487337,"path_taken":["M","M","?","?","M","E","R","$","T","?","M","M","M","M"],"build_version":"2019-01-23","purchased_purges":1,"victory":false,"max_hp_per_floor":[80,80,80,80,80,80,80,80,80,80,80,80,80,80],"card_choices":[{"not_picked":["Iron Wave","Second Wind"],"picked":"Combust","floor":1},{"not_picked":["Sword Boomerang","Dropkick"],"picked":"Headbutt","floor":2},{"not_picked":["Second Wind","Intimidate"],"picked":"Armaments","floor":4},{"not_picked":["Power Through","Disarm"],"picked":"Pommel Strike","floor":5},{"not_picked":["Feed","Sentinel","Pummel"],"picked":"SKIP","floor":6},{"not_picked":["Headbutt","Armaments"],"picked":"Wild Strike","floor":11},{"not_picked":["Evolve","Heavy Blade","Clash"],"picked":"SKIP","floor":12},{"not_picked":["Whirlwind","Cleave","Dual Wield"],"picked":"SKIP","floor":13}],"player_experience":347822,"relics_obtained":[{"floor":6,"key":"Bag of Preparation"},{"floor":9,"key":"Pantograph"}],"event_choices":[{"damage_healed":0,"gold_gain":0,"player_choice":"Cursed","damage_taken":0,"max_hp_gain":0,"max_hp_loss":0,"event_name":"Wheel of Change","floor":3,"gold_loss":0,"cards_obtained":["Decay"]},{"damage_healed":0,"gold_gain":0,"player_choice":"Got Potions","damage_taken":0,"max_hp_gain":0,"max_hp_loss":0,"event_name":"Lab","floor":10,"gold_loss":0}],"is_beta":false,"boss_relics":[],"items_purged_floors":[8],"is_endless":false,"potions_floor_spawned":[1,2,12,13],"killed_by":"3 Louse","ascension_level":0}