{"path_per_floor":["M","M","$","M","M","R","E","M","T","M","M","M","R","?","R","B",null,"M","?","M","M","$","R","M","R","T","M","$","M","M","M","R"],"character_chosen":"DEFECT","items_purchased":["Dramatic Entrance","Pen Nib","Self Repair"],"gold_per_floor":[117,127,37,57,75,75,105,116,116,130,150,169,169,169,169,272,272,282,381,392,407,147,147,163,163,213,233,133,144,155,169,169,169],"floor_reached":33,"campfire_rested":6,"playtime":1229,"item_purchase_floors":[3,22,22],"current_hp_per_floor":[74,68,68,62,49,71,51,38,52,54,49,49,75,57,83,49,89,84,84,70,55,55,81,59,85,85,53,53,54,45,63,89,0],"items_purged":["Dualcast","Strike_B"],"gold":169,"score":257,"play_id":"7ad23c05-0f77-4966-8bfc-e5012c221690","local_time":"20180619200826","is_prod":false,"is_daily":false,"chose_seed":false,"is_ascension_mode":false,"campfire_upgraded":0,"win_rate":0.0,"timestamp":1529453306,"campfire_choices":[{"floor":6,"key":"REST"},{"floor":13,"key":"REST"},{"floor":15,"key":"REST"},{"floor":23,"key":"REST"},{"floor":25,"key":"REST"},{"floor":32,"key":"REST"}],"path_taken":["M","M","$","M","M","R","E","M","T","M","M","M","R","?","R","BOSS","M","?","M","?","$","R","M","R","T","M","?","M","?","M","R","BOSS"],"build_version":"2018-06-14v2","seed_source_timestamp":343831380683900,"purchased_purges":2,"victory":false,"master_deck":["Strike_B","Strike_B","Strike_B","Defend_B","Defend_B","Defend_B","Defend_B","Zap+1","Streamline","Ball Lightning+1","Dramatic Entrance","Leap","Lockon","Ball Lightning+1","Tempest","Auto Shields","Static Discharge","Defragment","Biased Cognition","Rebound","Lockon+1","Self Repair"],"max_hp_per_floor":[75,75,75,75,75,75,75,75,89,89,89,89,89,89,89,89,89,89,89,89,89,89,89,89,89,89,89,89,89,89,89,89,89],"relics":["Cracked Core","Meat on the Bone","Mango","Lizard Tail","Pen Nib","Potion Belt"],"card_choices":[{"not_picked":["Steam","Beam Cell"],"picked":"Streamline","floor":1},{"not_picked":["Gash","Sunder"],"picked":"Ball Lightning","floor":2},{"not_picked":["Gash","Streamline"],"picked":"Leap","floor":4},{"not_picked":["Beam Cell","Stack"],"picked":"Lockon","floor":5},{"not_picked":["Redo","Barrage"],"picked":"Ball Lightning","floor":7},{"not_picked":["Hello World","Blizzard"],"picked":"Tempest","floor":8},{"not_picked":["Double Energy","Leap"],"picked":"Auto Shields","floor":10},{"not_picked":["Consume","Doom and Gloom"],"picked":"Static Discharge","floor":11},{"not_picked":["Static Discharge","Meteor Strike"],"picked":"Defragment","floor":12},{"not_picked":["Fission","Machine Learning"],"picked":"Biased Cognition","floor":16},{"not_picked":["Stack","Hologram"],"picked":"Rebound","floor":18},{"not_picked":["Storm","Turbo"],"picked":"Lockon+1","floor":20},{"not_picked":["Compile Driver","Blizzard","Reprogram"],"picked":"SKIP","floor":21},{"not_picked":["Coolheaded","Steam","Chill"],"picked":"SKIP","floor":24},{"not_picked":["Compile Driver+1","Skim","Barrage"],"picked":"SKIP","floor":27},{"not_picked":["Hologram","Beam Cell","Stack+1"],"picked":"SKIP","floor":29},{"not_picked":["Heatsinks+1","Blizzard","Chill"],"picked":"SKIP","floor":30},{"not_picked":["Reboot","Cold Snap","Hologram+1"],"picked":"SKIP","floor":31}],"player_experience":139274,"potions_floor_usage":[12,16,16,27,30,30,30],"damage_taken":[{"damage":1,"enemies":"Jaw Worm","floor":1,"turns":4},{"damage":6,"enemies":"2 Louse","floor":2,"turns":3},{"damage":6,"enemies":"Cultist","floor":4,"turns":3},{"damage":13,"enemies":"Red Slaver","floor":5,"turns":2},{"damage":20,"enemies":"Gremlin Nob","floor":7,"turns":4},{"damage":13,"enemies":"Exordium Thugs","floor":8,"turns":3},{"damage":10,"enemies":"Lots of Slimes","floor":10,"turns":2},{"damage":5,"enemies":"Looter","floor":11,"turns":2},{"damage":0,"enemies":"Gremlin Gang","floor":12,"turns":2},{"damage":34,"enemies":"The Guardian","floor":16,"turns":7},{"damage":5,"enemies":"Spheric Guardian","floor":18,"turns":3},{"damage":14,"enemies":"Chosen","floor":20,"turns":3},{"damage":27,"enemies":"Snecko","floor":21,"turns":5},{"damage":29,"enemies":"Centurion and Healer","floor":24,"turns":5},{"damage":39,"enemies":"Chosen and Byrds","floor":27,"turns":5},{"damage":6,"enemies":"Snecko","floor":29,"turns":3},{"damage":21,"enemies":"Snake Plant","floor":30,"turns":2},{"damage":50,"enemies":"Centurion and Healer","floor":31,"turns":4},{"damage":103,"enemies":"Automaton","floor":33,"turns":6}],"relics_obtained":[{"floor":7,"key":"Meat on the Bone"},{"floor":9,"key":"Mango"},{"floor":26,"key":"Potion Belt"}],"event_choices":[{"event_name":"Shining Light","player_choice":"Entered Light","floor":14,"damage_taken":0},{"event_name":"Nest","player_choice":"Stole From Cult","floor":19,"damage_taken":0}],"boss_relics":[{"not_picked":["Ectoplasm","Eternal Feather"],"picked":"Lizard Tail"}],"items_purged_floors":[22,28],"is_endless":false,"potions_floor_spawned":[4,7,10,11,16,21,27,29,30],"seed_played":"-4444237810152706419","killed_by":"Automaton","ascension_level":0,"potions_obtained":[{"floor":4,"key":"SteroidPotion"},{"floor":7,"key":"Energy Potion"},{"floor":10,"key":"Explosive Potion"},{"floor":11,"key":"AttackPotion"},{"floor":16,"key":"GamblersBrew"},{"floor":21,"key":"Strength Potion"},{"floor":27,"key":"PowerPotion"},{"floor":29,"key":"Energy Potion"},{"floor":30,"key":"Block Potion"}],"is_trial":false}