{"gold_per_floor":[19,19,19,32,44,44,71,89,89,104,134,194,194,208,208,308,308,321,340,340],"floor_reached":20,"playtime":3394,"items_purged":[],"score":222,"play_id":"463c686d-2a94-4460-8c18-4797d3143275","local_time":"20190226193838","is_ascension_mode":true,"campfire_choices":[{"data":"True Grit","floor":6,"key":"SMITH"},{"floor":15,"key":"REST"}],"neow_cost":"NO_GOLD","seed_source_timestamp":163760691846009,"circlet_count":0,"master_deck":["Strike_R","Strike_R","Defend_R","Defend_R","Defend_R","Bash","Inflame","Burning Pact","Flex","True Grit+1","Heavy Blade","Exhume","Flex","Shockwave","Battle Trance","Enlightenment","Limit Break","Headbutt","Armaments+1"],"relics":["Burning Blood","Ornamental Fan","Mercury Hourglass","Kunai","Ginger","Empty Cage"],"potions_floor_usage":[11,16],"damage_taken":[{"damage":6,"enemies":"Cultist","floor":1,"turns":3},{"damage":16,"enemies":"Jaw Worm","floor":4,"turns":4},{"damage":9,"enemies":"2 Louse","floor":5,"turns":2},{"damage":36,"enemies":"Lagavulin","floor":7,"turns":9},{"damage":3,"enemies":"2 Fungi Beasts","floor":8,"turns":4},{"damage":8,"enemies":"Red Slaver","floor":10,"turns":4},{"damage":35,"enemies":"3 Sentries","floor":11,"turns":6},{"damage":22,"enemies":"3 Sentries","floor":12,"turns":8},{"damage":12,"enemies":"Exordium Thugs","floor":14,"turns":5},{"damage":18,"enemies":"Hexaghost","floor":16,"turns":9},{"damage":41,"enemies":"Shell Parasite","floor":18,"turns":6},{"damage":40,"enemies":"Spheric Guardian","floor":19,"turns":6},{"damage":12,"enemies":"3 Cultists","floor":20,"turns":2}],"seed_played":"-1366159486687938615","potions_obtained":[{"floor":5,"key":"Regen Potion"},{"floor":7,"key":"Fire Potion"},{"floor":8,"key":"Weak Potion"},{"floor":10,"key":"FairyPotion"},{"floor":14,"key":"Energy Potion"}],"is_trial":false,"path_per_floor":["M","$","?","M","M","R","E","M","T","M","E","?","?","M","R","B",null,"M","M","M"],"character_chosen":"IRONCLAD","items_purchased":[],"campfire_rested":1,"item_purchase_floors":[],"current_hp_per_floor":[80,80,80,70,67,67,37,40,40,38,21,14,14,8,32,20,80,45,11,0],"gold":340,"neow_bonus":"TRANSFORM_TWO_CARDS","is_prod":false,"is_daily":false,"chose_seed":false,"campfire_upgraded":1,"win_rate":0,"timestamp":1551227918,"path_taken":["M","?","?","M","M","R","E","M","T","?","E","?","?","M","R","BOSS","M","M","M"],"build_version":"2019-01-23","purchased_purges":0,"victory":false,"max_hp_per_floor":[80,80,80,80,80,80,80,80,80,80,80,80,80,80,80,80,80,80,80,80],"card_choices":[{"not_picked":["Rage","Warcry"],"picked":"Flex","floor":1},{"not_picked":["Wild Strike","Ghostly Armor"],"picked":"Heavy Blade","floor":4},{"not_picked":["Clash","Havoc","Corruption"],"picked":"SKIP","floor":5},{"not_picked":["Wild Strike","Iron Wave"],"picked":"Exhume","floor":7},{"not_picked":["True Grit","Wild Strike"],"picked":"Flex","floor":8},{"not_picked":["Wild Strike","Dropkick"],"picked":"Shockwave","floor":10},{"not_picked":["Rupture","Armaments"],"picked":"Battle Trance","floor":11},{"not_picked":["Flame Barrier","Twin Strike","Clash"],"picked":"SKIP","floor":14},{"not_picked":["Fiend Fire","Dark Embrace"],"picked":"Limit Break","floor":16},{"not_picked":["Cleave","Body Slam"],"picked":"Headbutt","floor":18},{"not_picked":["Carnage+1","Burning Pact+1"],"picked":"Armaments+1","floor":19}],"player_experience":78254,"relics_obtained":[{"floor":7,"key":"Ornamental Fan"},{"floor":9,"key":"Mercury Hourglass"},{"floor":11,"key":"Kunai"},{"floor":12,"key":"Ginger"}],"event_choices":[{"damage_healed":0,"gold_gain":0,"cards_transformed":["Strike_R"],"player_choice":"Transformed","damage_taken":0,"max_hp_gain":0,"max_hp_loss":0,"event_name":"Transmorgrifier","floor":3,"gold_loss":0,"cards_obtained":["True Grit"]},{"damage_healed":0,"gold_gain":30,"player_choice":"Searched \u00272\u0027 times","damage_taken":0,"max_hp_gain":0,"max_hp_loss":0,"event_name":"Dead Adventurer","floor":12,"gold_loss":0},{"damage_healed":0,"gold_gain":0,"player_choice":"2 cards matched","damage_taken":0,"max_hp_gain":0,"max_hp_loss":0,"event_name":"Match and Keep!","floor":13,"gold_loss":0,"cards_obtained":["Pain","Enlightenment"]}],"is_beta":false,"boss_relics":[{"not_picked":["Philosopher\u0027s Stone","Black Blood"],"picked":"Empty Cage"}],"items_purged_floors":[],"is_endless":false,"potions_floor_spawned":[5,7,8,10,14],"killed_by":"3 Cultists","ascension_level":1}