{"gold_per_floor":[113,125,25,37,37,67,77,77,154,154,172,347,347,363,363,458,458,469,488,488,120,134,134,148,182,233,233,243,243,254,284,284,387,387,406,1405,1457,1679,696,696,696,696,696,114,128,143,154,168,168,168],"floor_reached":51,"playtime":1965,"items_purged":["Strike_R","Doubt","Normality","Normality"],"score":744,"play_id":"415b3c06-2575-4191-b4e3-c7eedc7930c2","local_time":"20190411224609","is_ascension_mode":false,"campfire_choices":[{"data":"Heavy Blade","floor":8,"key":"SMITH"},{"data":"Clash","floor":10,"key":"SMITH"},{"data":"Twin Strike","floor":13,"key":"SMITH"},{"data":"Flex","floor":15,"key":"SMITH"},{"data":"Clothesline","floor":23,"key":"SMITH"},{"data":"1","floor":29,"key":"LIFT"},{"data":"2","floor":32,"key":"LIFT"},{"data":"3","floor":40,"key":"LIFT"},{"data":"Metallicize","floor":42,"key":"SMITH"},{"floor":49,"key":"REST"}],"neow_cost":"NONE","seed_source_timestamp":24464816392051,"circlet_count":0,"master_deck":["Strike_R","Strike_R+1","Strike_R","Strike_R","Defend_R","Defend_R","Defend_R","Bash+1","Sword Boomerang","Shrug It Off","Twin Strike+1","Sword Boomerang","Clash+1","Heavy Blade+1","Flex+1","Offering","Shockwave","Headbutt+1","Flex","Metallicize+1","Clothesline+1","Havoc+1","Armaments+1","Twin Strike","Clash+1","Feed+1","Clash+1","Shrug It Off+1","Sword Boomerang","Shockwave","Metallicize","Whirlwind+1","Clash","Clash+1"],"relics":["Burning Blood","Orichalcum","Ginger","Kunai","Runic Dome","Vajra","Bag of Marbles","Girya","Bag of Preparation","Red Mask","Sozu","Nunchaku","Turnip","Question Card","TheAbacus","Letter Opener","Whetstone","Strange Spoon"],"potions_floor_usage":[16,19,28,33,33,50],"damage_taken":[{"damage":0,"enemies":"Small Slimes","floor":1,"turns":5},{"damage":7,"enemies":"2 Louse","floor":2,"turns":3},{"damage":0,"enemies":"Cultist","floor":4,"turns":3},{"damage":33,"enemies":"Lagavulin","floor":6,"turns":7},{"damage":0,"enemies":"Looter","floor":7,"turns":3},{"damage":6,"enemies":"Large Slime","floor":11,"turns":5},{"damage":1,"enemies":"3 Louse","floor":14,"turns":2},{"damage":36,"enemies":"The Guardian","floor":16,"turns":12},{"damage":6,"enemies":"Chosen","floor":18,"turns":3},{"damage":6,"enemies":"2 Thieves","floor":19,"turns":2},{"damage":0,"enemies":"Centurion and Healer","floor":22,"turns":4},{"damage":14,"enemies":"Shelled Parasite and Fungi","floor":24,"turns":3},{"damage":14,"enemies":"Gremlin Leader","floor":25,"turns":8},{"damage":6,"enemies":"Cultist and Chosen","floor":28,"turns":3},{"damage":6,"enemies":"Snake Plant","floor":30,"turns":1},{"damage":7,"enemies":"Masked Bandits","floor":31,"turns":3},{"damage":36,"enemies":"Automaton","floor":33,"turns":7},{"damage":6,"enemies":"Orb Walker","floor":35,"turns":1},{"damage":25,"enemies":"2 Orb Walkers","floor":37,"turns":4},{"damage":7,"enemies":"3 Darklings","floor":45,"turns":3},{"damage":0,"enemies":"Jaw Worm Horde","floor":46,"turns":2},{"damage":6,"enemies":"Transient","floor":47,"turns":5},{"damage":16,"enemies":"Writhing Mass","floor":48,"turns":3},{"damage":43,"enemies":"Donu and Deca","floor":50,"turns":7}],"seed_played":"5336713284534942468","potions_obtained":[{"floor":2,"key":"EssenceOfSteel"},{"floor":7,"key":"Block Potion"},{"floor":14,"key":"SteroidPotion"},{"floor":18,"key":"Block Potion"},{"floor":24,"key":"Dexterity Potion"},{"floor":25,"key":"EntropicBrew"},{"floor":31,"key":"Swift Potion"}],"is_trial":false,"path_per_floor":["M","M","$","M","?","E","M","R","T","R","M","?","R","M","R","B",null,"M","M","?","$","M","R","M","E","T","?","M","R","M","?","R","B",null,"M","?","?","?","$","R","?","R","T","$","M","M","M","M","R","B",null],"character_chosen":"IRONCLAD","items_purchased":["Twin Strike","Flex","Bag of Marbles","Metallicize","Turnip","Question Card","Sword Boomerang","TheAbacus","Shockwave","Whetstone","Strange Spoon","Metallicize"],"campfire_rested":1,"item_purchase_floors":[3,21,21,21,39,39,39,39,39,44,44,44],"current_hp_per_floor":[80,79,79,80,80,53,59,59,59,59,59,59,59,64,64,34,80,80,80,80,80,80,80,72,64,64,64,64,64,64,63,63,33,80,80,80,65,65,65,65,65,65,65,65,64,70,70,60,84,51],"gold":168,"neow_bonus":"RANDOM_COMMON_RELIC","is_prod":false,"is_daily":false,"chose_seed":false,"campfire_upgraded":6,"win_rate":0,"timestamp":1555044369,"path_taken":["M","M","$","M","?","E","M","R","T","R","M","?","R","M","R","BOSS","M","M","?","?","M","R","M","E","T","?","M","R","M","?","R","BOSS","M","?","?","?","$","R","?","R","T","$","M","M","?","M","R","BOSS"],"build_version":"2019-01-23","purchased_purges":4,"victory":true,"max_hp_per_floor":[80,80,80,80,80,80,80,80,80,80,80,80,80,80,80,80,80,80,80,80,80,80,80,80,80,80,80,80,80,80,80,80,80,80,80,80,84,84,84,84,84,84,84,84,84,84,84,84,84,88],"card_choices":[{"not_picked":["Wild Strike","Warcry"],"picked":"Sword Boomerang","floor":1},{"not_picked":["Sever Soul","Perfected Strike"],"picked":"Shrug It Off","floor":2},{"not_picked":["Anger","Pommel Strike"],"picked":"Sword Boomerang","floor":4},{"not_picked":["Berserk","Flame Barrier"],"picked":"Clash","floor":6},{"not_picked":["Havoc","Wild Strike"],"picked":"Heavy Blade","floor":7},{"not_picked":["Havoc","True Grit","Wild Strike"],"picked":"SKIP","floor":11},{"not_picked":["Clothesline","Thunderclap"],"picked":"Flex","floor":14},{"not_picked":["Exhume","Fiend Fire"],"picked":"Offering","floor":16},{"not_picked":["Havoc","Iron Wave+1"],"picked":"Shockwave","floor":18},{"not_picked":["Heavy Blade","Rage"],"picked":"Headbutt+1","floor":19},{"not_picked":["Cleave","Havoc"],"picked":"Clothesline","floor":22},{"not_picked":["Headbutt","Cleave","True Grit"],"picked":"SKIP","floor":24},{"not_picked":["Clothesline","Reaper"],"picked":"Havoc+1","floor":25},{"not_picked":["Headbutt+1","Blood for Blood"],"picked":"Armaments+1","floor":28},{"not_picked":["Warcry+1","Power Through"],"picked":"Twin Strike","floor":30},{"not_picked":["Combust","Burning Pact+1"],"picked":"Clash+1","floor":31},{"not_picked":["Reaper","Exhume"],"picked":"Feed","floor":33},{"not_picked":["Warcry","Pummel+1"],"picked":"Clash+1","floor":35},{"not_picked":["Armaments","Searing Blow"],"picked":"Shrug It Off+1","floor":37},{"not_picked":["Headbutt+1","Clothesline+1","Sword Boomerang+1"],"picked":"Whirlwind+1","floor":45},{"not_picked":["Shrug It Off","Rupture","Rampage"],"picked":"Clash","floor":46},{"not_picked":["Reckless Charge","Sentinel","Feel No Pain"],"picked":"Clash+1","floor":47},{"not_picked":["Pummel","Perfected Strike+1","Fiend Fire","Dropkick+1"],"picked":"SKIP","floor":48}],"player_experience":1198381,"relics_obtained":[{"floor":6,"key":"Ginger"},{"floor":9,"key":"Kunai"},{"floor":25,"key":"Girya"},{"floor":26,"key":"Bag of Preparation"},{"floor":31,"key":"Red Mask"},{"floor":37,"key":"Nunchaku"},{"floor":43,"key":"Letter Opener"}],"event_choices":[{"damage_healed":0,"gold_gain":0,"player_choice":"Grow","damage_taken":0,"max_hp_gain":0,"max_hp_loss":0,"event_name":"Living Wall","floor":5,"gold_loss":0,"cards_upgraded":["Bash"]},{"damage_healed":0,"gold_gain":175,"player_choice":"AGREE","damage_taken":0,"max_hp_gain":0,"max_hp_loss":0,"event_name":"Liars Game","floor":12,"gold_loss":0,"cards_obtained":["Doubt"]},{"damage_healed":0,"gold_gain":0,"player_choice":"Gave Potion","damage_taken":0,"relics_obtained":["Vajra"],"max_hp_gain":0,"max_hp_loss":0,"event_name":"WeMeetAgain","floor":20,"gold_loss":0},{"damage_healed":0,"gold_gain":0,"player_choice":"Ignored","damage_taken":0,"max_hp_gain":0,"max_hp_loss":0,"event_name":"Ghosts","floor":27,"gold_loss":0},{"damage_healed":0,"gold_gain":0,"player_choice":"Fought Bandits","damage_taken":0,"max_hp_gain":0,"max_hp_loss":0,"event_name":"Masked Bandits","floor":31,"gold_loss":0},{"damage_healed":0,"gold_gain":999,"player_choice":"Gold","damage_taken":0,"max_hp_gain":0,"max_hp_loss":0,"event_name":"MindBloom","floor":36,"gold_loss":0,"cards_obtained":["Normality","Normality"]},{"damage_healed":0,"gold_gain":0,"player_choice":"Fight","damage_taken":0,"max_hp_gain":0,"max_hp_loss":0,"event_name":"Mysterious Sphere","floor":37,"gold_loss":0},{"damage_healed":0,"gold_gain":222,"player_choice":"Wore Mask","damage_taken":0,"max_hp_gain":0,"max_hp_loss":0,"event_name":"Tomb of Lord Red Mask","floor":38,"gold_loss":0},{"cards_removed":["Defend_R"],"damage_healed":0,"gold_gain":0,"player_choice":"Removed Skill","damage_taken":0,"max_hp_gain":0,"max_hp_loss":0,"event_name":"Falling","floor":41,"gold_loss":0}],"is_beta":false,"boss_relics":[{"not_picked":["Runic Cube","Astrolabe"],"picked":"Runic Dome"},{"not_picked":["Snecko Eye","Runic Pyramid"],"picked":"Sozu"}],"items_purged_floors":[3,21,39,44],"is_endless":false,"potions_floor_spawned":[2,7,14,18,24,25,31,48],"ascension_level":0}