{"gold_per_floor":[113,127,127,77,77,108,127,76,156,186,261,286,90,105,105,209,209,227,27,40,40,56,56],"floor_reached":23,"playtime":1276,"items_purged":["Strike_R","Strike_R"],"score":240,"play_id":"1433017e-4274-4958-9846-e9ebd283d79e","local_time":"20190310194403","is_ascension_mode":true,"campfire_choices":[{"floor":15,"key":"REST"}],"neow_cost":"NONE","seed_source_timestamp":69962643287608,"circlet_count":0,"master_deck":["Strike_R","Strike_R","Defend_R","Defend_R","Defend_R","Defend_R","Bash","Shrug It Off","Iron Wave","Armaments","Metallicize","Flex","Demon Form","Ghostly Armor"],"relics":["Burning Blood","Letter Opener","Sundial","Thread and Needle","Self Forming Clay","Smiling Mask","Juzu Bracelet","Blood Vial","Runic Pyramid","Bag of Preparation"],"potions_floor_usage":[7,10,23],"damage_taken":[{"damage":3,"enemies":"2 Louse","floor":1,"turns":3},{"damage":8,"enemies":"Jaw Worm","floor":2,"turns":4},{"damage":40,"enemies":"Gremlin Nob","floor":6,"turns":5},{"damage":0,"enemies":"Cultist","floor":7,"turns":3},{"damage":25,"enemies":"Lagavulin","floor":10,"turns":6},{"damage":17,"enemies":"Gremlin Nob","floor":12,"turns":4},{"damage":4,"enemies":"2 Fungi Beasts","floor":14,"turns":5},{"damage":28,"enemies":"The Guardian","floor":16,"turns":18},{"damage":8,"enemies":"Shell Parasite","floor":18,"turns":7},{"damage":8,"enemies":"Spheric Guardian","floor":20,"turns":7},{"damage":37,"enemies":"Cultist and Chosen","floor":22,"turns":8},{"damage":79,"enemies":"Book of Stabbing","floor":23,"turns":10}],"seed_played":"4194227418580769800","potions_obtained":[{"floor":6,"key":"Fruit Juice"},{"floor":7,"key":"Poison Potion"},{"floor":12,"key":"Ancient Potion"},{"floor":16,"key":"Energy Potion"},{"floor":20,"key":"FairyPotion"}],"is_trial":false,"path_per_floor":["M","M","?","?","T","E","M","$","T","E","?","E","$","M","R","B",null,"M","$","M","?","M","E"],"character_chosen":"IRONCLAD","items_purchased":["Armaments","Blood Vial","Bag of Preparation"],"campfire_rested":1,"item_purchase_floors":[8,13,19],"current_hp_per_floor":[88,86,83,83,83,49,60,60,60,41,30,19,19,23,50,30,93,91,91,91,91,62,0],"gold":56,"neow_bonus":"TEN_PERCENT_HP_BONUS","is_prod":false,"is_daily":false,"chose_seed":false,"campfire_upgraded":0,"win_rate":0,"timestamp":1552261443,"path_taken":["M","M","?","?","?","E","M","$","T","E","?","E","$","M","R","BOSS","M","$","M","?","M","E"],"build_version":"2019-01-23","purchased_purges":2,"victory":false,"max_hp_per_floor":[88,88,88,88,88,88,93,93,93,93,93,93,93,93,93,93,93,93,93,93,93,93,93],"card_choices":[{"not_picked":["Clothesline","Bloodletting","Thunderclap"],"picked":"SKIP","floor":1},{"not_picked":["Combust","Heavy Blade"],"picked":"Shrug It Off","floor":2},{"not_picked":["Second Wind","Twin Strike","Sever Soul"],"picked":"SKIP","floor":6},{"not_picked":["Cleave","Perfected Strike"],"picked":"Iron Wave","floor":7},{"not_picked":["Thunderclap","Heavy Blade","Second Wind"],"picked":"SKIP","floor":10},{"not_picked":["Bludgeon","Iron Wave"],"picked":"Metallicize","floor":12},{"not_picked":["Searing Blow","Twin Strike"],"picked":"Flex","floor":14},{"not_picked":["Fiend Fire","Brutality"],"picked":"Demon Form","floor":16},{"not_picked":["Cleave","Perfected Strike+1","Blood for Blood"],"picked":"SKIP","floor":18},{"not_picked":["Wild Strike+1","Headbutt+1"],"picked":"Ghostly Armor","floor":20},{"not_picked":["Hemokinesis","Pommel Strike","Pummel+1"],"picked":"SKIP","floor":22}],"player_experience":121262,"relics_obtained":[{"floor":5,"key":"Sundial"},{"floor":6,"key":"Thread and Needle"},{"floor":9,"key":"Self Forming Clay"},{"floor":10,"key":"Smiling Mask"},{"floor":12,"key":"Juzu Bracelet"}],"event_choices":[{"damage_healed":0,"gold_gain":0,"player_choice":"Success","damage_taken":3,"relics_obtained":["Letter Opener"],"max_hp_gain":0,"max_hp_loss":0,"event_name":"Scrap Ooze","floor":3,"gold_loss":0},{"cards_removed":["Strike_R"],"damage_healed":0,"gold_gain":0,"player_choice":"Card Removal","damage_taken":0,"max_hp_gain":0,"max_hp_loss":0,"event_name":"The Cleric","floor":4,"gold_loss":50},{"damage_healed":0,"gold_gain":75,"player_choice":"Gather Gold","damage_taken":11,"max_hp_gain":0,"max_hp_loss":0,"event_name":"World of Goop","floor":11,"gold_loss":0},{"damage_healed":0,"gold_gain":0,"player_choice":"Ignored","damage_taken":0,"max_hp_gain":0,"max_hp_loss":0,"event_name":"Ghosts","floor":21,"gold_loss":0}],"is_beta":false,"boss_relics":[{"not_picked":["Tiny House","Empty Cage"],"picked":"Runic Pyramid"}],"items_purged_floors":[13,19],"is_endless":false,"potions_floor_spawned":[6,7,12,16,20],"killed_by":"Book of Stabbing","ascension_level":3}