{"gold_per_floor":[112,112,136,146,157,183,9,9,80,80,113,130,144,164,164,269,269,282,83,83,98,146,175,175,205,205,233,14,28,28,56,56,152,152,170,170,120,94,114,140,159,189,189,208,208,241,265,277,289,301,313,325,87,121,121],"floor_reached":55,"playtime":4264,"items_purged":["Strike_G","Defend_G","Defend_G"],"score":1000,"play_id":"f49fb3b9-5917-45c0-984b-e54e9554afbd","local_time":"20190414175910","is_ascension_mode":true,"campfire_choices":[{"data":"Apotheosis","floor":8,"key":"SMITH"},{"floor":15,"key":"REST"},{"floor":24,"key":"REST"},{"floor":32,"key":"REST"},{"floor":45,"key":"RECALL"},{"floor":49,"key":"REST"},{"data":"A Thousand Cuts","floor":52,"key":"SMITH"}],"neow_cost":"NONE","seed_source_timestamp":236829264796202,"circlet_count":0,"master_deck":["Defend_G+1","Defend_G","Strike_G","Survivor","Neutralize","Blade Dance+1","Finisher","Prepared","Apotheosis+1","Flying Knee","Sucker Punch+1","Backflip+1","Cloak And Dagger+1","Accuracy","Bandage Up","Accuracy","Die Die Die","Blade Dance","Backstab+1","Adrenaline","Blade Dance","Crippling Poison+1","A Thousand Cuts+1","Terror+1"],"relics":["Ring of the Snake","NeowsBlessing","PreservedInsect","Letter Opener","Mercury Hourglass","Smiling Mask","Black Star","Happy Flower","Nilry\u0027s Codex","Peace Pipe","Dream Catcher","Singing Bowl","Anchor","Potion Belt","Turnip","Pen Nib","Bag of Marbles","War Paint","Prayer Wheel","Empty Cage","Meat on the Bone","Boot","Omamori","Sundial","Incense Burner","Strawberry","MawBank","Shuriken","Paper Crane","Mummified Hand"],"potions_floor_usage":[25,27,27,31,40,40,42,50,50,50],"damage_taken":[{"damage":0,"enemies":"Jaw Worm","floor":1,"turns":1},{"damage":0,"enemies":"2 Louse","floor":4,"turns":1},{"damage":0,"enemies":"Cultist","floor":5,"turns":1},{"damage":10,"enemies":"Gremlin Nob","floor":6,"turns":3},{"damage":12,"enemies":"Lagavulin","floor":11,"turns":4},{"damage":10,"enemies":"Lots of Slimes","floor":12,"turns":2},{"damage":0,"enemies":"Exordium Thugs","floor":13,"turns":3},{"damage":7,"enemies":"Exordium Wildlife","floor":14,"turns":3},{"damage":22,"enemies":"The Guardian","floor":16,"turns":12},{"damage":5,"enemies":"Shell Parasite","floor":18,"turns":5},{"damage":0,"enemies":"3 Byrds","floor":21,"turns":3},{"damage":19,"enemies":"Book of Stabbing","floor":23,"turns":6},{"damage":0,"enemies":"Slavers","floor":25,"turns":5},{"damage":4,"enemies":"Gremlin Leader","floor":27,"turns":4},{"damage":20,"enemies":"Cultist and Chosen","floor":29,"turns":6},{"damage":10,"enemies":"Book of Stabbing","floor":31,"turns":5},{"damage":49,"enemies":"Automaton","floor":33,"turns":11},{"damage":0,"enemies":"3 Shapes","floor":35,"turns":2},{"damage":0,"enemies":"Orb Walker","floor":39,"turns":3},{"damage":24,"enemies":"Reptomancer","floor":40,"turns":3},{"damage":36,"enemies":"Spire Growth","floor":41,"turns":4},{"damage":6,"enemies":"Nemesis","floor":42,"turns":3},{"damage":6,"enemies":"Jaw Worm Horde","floor":44,"turns":2},{"damage":7,"enemies":"Giant Head","floor":46,"turns":6},{"damage":13,"enemies":"Writhing Mass","floor":47,"turns":5},{"damage":60,"enemies":"Awakened One","floor":50,"turns":8},{"damage":18,"enemies":"Shield and Spear","floor":54,"turns":3},{"damage":91,"enemies":"The Heart","floor":55,"turns":6}],"seed_played":"-5967174688395202696","potions_obtained":[{"floor":4,"key":"Block Potion"},{"floor":5,"key":"SpeedPotion"},{"floor":12,"key":"Fire Potion"},{"floor":18,"key":"GhostInAJar"},{"floor":27,"key":"PowerPotion"},{"floor":31,"key":"Fire Potion"},{"floor":35,"key":"PowerPotion"},{"floor":39,"key":"Weak Potion"},{"floor":41,"key":"Dexterity Potion"},{"floor":48,"key":"FearPotion"},{"floor":48,"key":"SteroidPotion"},{"floor":48,"key":"AttackPotion"}],"is_trial":false,"path_per_floor":["M","?","T","M","M","E","$","R","T","?","E","M","M","M","R","B",null,"M","$","?","M","T","E","R","E","T","E","$","M","?","E","R","B",null,"M","?","$","$","M","E","M","E","T","M","R","E","M","?","R","B",null,"R","$","E","B"],"character_chosen":"THE_SILENT","items_purchased":["Apotheosis","Happy Flower","Accuracy","Bandage Up","Blade Dance","Shuriken"],"campfire_rested":4,"item_purchase_floors":[7,19,28,28,38,53],"current_hp_per_floor":[70,70,70,70,70,60,60,60,60,60,48,38,38,31,52,30,70,65,65,49,49,49,30,51,53,53,51,51,37,37,33,57,14,78,78,78,78,78,82,60,46,52,52,48,48,66,59,59,90,48,101,101,101,91,0],"gold":121,"neow_bonus":"THREE_ENEMY_KILL","is_prod":false,"is_daily":false,"chose_seed":false,"campfire_upgraded":2,"win_rate":0,"timestamp":1555279150,"path_taken":["M","?","?","M","M","E","$","R","T","?","E","M","?","M","R","BOSS","M","?","?","M","?","E","R","E","T","E","$","M","?","E","R","BOSS","M","?","?","$","?","E","M","E","T","M","R","E","M","?","R","BOSS","R","$","E","BOSS"],"build_version":"2019-01-23","purchased_purges":3,"victory":false,"max_hp_per_floor":[70,70,70,70,70,70,70,70,70,70,70,70,70,70,70,70,70,70,70,70,70,70,70,70,72,72,74,74,76,76,76,78,78,78,78,78,78,78,82,84,88,88,88,90,90,99,99,99,101,101,101,101,101,103,103],"card_choices":[{"not_picked":["Reflex","Leg Sweep"],"picked":"Blade Dance","floor":1},{"not_picked":["Acrobatics","Bane"],"picked":"Finisher","floor":4},{"not_picked":["Flechettes","Bouncing Flask"],"picked":"Prepared","floor":5},{"not_picked":["Leg Sweep","Choke","Deadly Poison"],"picked":"SKIP","floor":6},{"not_picked":["Quick Slash","Poisoned Stab"],"picked":"Flying Knee","floor":11},{"not_picked":["Flechettes","Bullet Time","Blur"],"picked":"SKIP","floor":12},{"not_picked":["Leg Sweep","Dagger Spray","Expertise"],"picked":"SKIP","floor":13},{"not_picked":["Poisoned Stab","Flechettes","Quick Slash"],"picked":"SKIP","floor":14},{"not_picked":["Slice","Predator"],"picked":"Sucker Punch+1","floor":18},{"not_picked":["Underhanded Strike","PiercingWail"],"picked":"Backflip+1","floor":21},{"not_picked":["Quick Slash+1","Acrobatics"],"picked":"Cloak And Dagger","floor":23},{"not_picked":["Flying Knee","Poisoned Stab+1","Bullet Time"],"picked":"Singing Bowl","floor":25},{"not_picked":["Tactician","Endless Agony","Reflex+1"],"picked":"Singing Bowl","floor":27},{"not_picked":["Sucker Punch","Blur+1","Dagger Throw"],"picked":"Singing Bowl","floor":29},{"not_picked":["Distraction+1","Outmaneuver+1"],"picked":"Accuracy","floor":31},{"not_picked":["Poisoned Stab","Choke+1","Calculated Gamble"],"picked":"Singing Bowl","floor":32},{"not_picked":["Corpse Explosion","Tools of the Trade"],"picked":"Die Die Die","floor":33},{"not_picked":["Endless Agony+1","Dagger Throw+1"],"picked":"Blade Dance","floor":35},{"not_picked":["Backstab+1","Backflip+1","Deadly Poison"],"picked":"SKIP","floor":35},{"not_picked":["Backflip+1","Deadly Poison"],"picked":"Backstab+1","floor":35},{"not_picked":["Bane","Masterful Stab","Flechettes"],"picked":"Singing Bowl","floor":39},{"not_picked":["Malaise","Backflip+1","Well Laid Plans+1"],"picked":"Singing Bowl","floor":39},{"not_picked":["Calculated Gamble","Slice","Deadly Poison"],"picked":"Singing Bowl","floor":40},{"not_picked":["Poisoned Stab+1","Deflect","Sucker Punch"],"picked":"Singing Bowl","floor":41},{"not_picked":["Backflip","Quick Slash+1","Underhanded Strike"],"picked":"Singing Bowl","floor":41},{"not_picked":["Corpse Explosion","Cloak And Dagger"],"picked":"Crippling Poison+1","floor":42},{"not_picked":["Flechettes","Dagger Spray+1","Deadly Poison"],"picked":"Singing Bowl","floor":44},{"not_picked":["Underhanded Strike","Backflip+1","PiercingWail+1"],"picked":"SKIP","floor":44},{"not_picked":["Poisoned Stab+1","Expertise+1","All Out Attack+1"],"picked":"Singing Bowl","floor":46},{"not_picked":["Dodge and Roll","Deflect"],"picked":"A Thousand Cuts","floor":47},{"not_picked":["Sucker Punch","Crippling Poison"],"picked":"Terror+1","floor":47},{"not_picked":["Riddle With Holes","Well Laid Plans","Bane+1"],"picked":"Singing Bowl","floor":49},{"not_picked":["Acrobatics+1","Deadly Poison+1","Crippling Poison+1"],"picked":"Singing Bowl","floor":54}],"player_experience":248310,"relics_obtained":[{"floor":3,"key":"PreservedInsect"},{"floor":6,"key":"Letter Opener"},{"floor":9,"key":"Mercury Hourglass"},{"floor":11,"key":"Smiling Mask"},{"floor":20,"key":"Nilry\u0027s Codex"},{"floor":23,"key":"Peace Pipe"},{"floor":23,"key":"Dream Catcher"},{"floor":25,"key":"Singing Bowl"},{"floor":25,"key":"Anchor"},{"floor":26,"key":"Potion Belt"},{"floor":27,"key":"Turnip"},{"floor":27,"key":"Pen Nib"},{"floor":31,"key":"War Paint"},{"floor":31,"key":"Prayer Wheel"},{"floor":40,"key":"Meat on the Bone"},{"floor":40,"key":"Boot"},{"floor":42,"key":"Omamori"},{"floor":42,"key":"Sundial"},{"floor":43,"key":"Incense Burner"},{"floor":46,"key":"Strawberry"},{"floor":46,"key":"MawBank"},{"floor":54,"key":"Paper Crane"},{"floor":54,"key":"Mummified Hand"}],"event_choices":[{"damage_healed":0,"gold_gain":0,"player_choice":"Grow","damage_taken":0,"max_hp_gain":0,"max_hp_loss":0,"event_name":"Living Wall","floor":2,"gold_loss":0,"cards_upgraded":["Blade Dance"]},{"cards_removed":["Strike_G"],"damage_healed":0,"gold_gain":0,"player_choice":"Purged","damage_taken":0,"max_hp_gain":0,"max_hp_loss":0,"event_name":"Purifier","floor":10,"gold_loss":0},{"damage_healed":0,"gold_gain":0,"player_choice":"Obtained Book","damage_taken":16,"max_hp_gain":0,"max_hp_loss":0,"event_name":"Cursed Tome","floor":20,"gold_loss":0},{"damage_healed":0,"gold_gain":0,"player_choice":"Opened","damage_taken":0,"relics_obtained":["Bag of Marbles"],"max_hp_gain":0,"max_hp_loss":0,"event_name":"The Mausoleum","floor":30,"gold_loss":0},{"damage_healed":0,"gold_gain":0,"cards_transformed":["Strike_G"],"player_choice":"Transformed","damage_taken":0,"max_hp_gain":0,"max_hp_loss":0,"event_name":"Transmorgrifier","floor":36,"gold_loss":0,"cards_obtained":["Adrenaline"]},{"damage_healed":0,"gold_gain":0,"player_choice":"Got Potions","damage_taken":0,"max_hp_gain":0,"max_hp_loss":0,"event_name":"Lab","floor":48,"gold_loss":0}],"is_beta":false,"boss_relics":[{"not_picked":["Cursed Key","Philosopher\u0027s Stone"],"picked":"Black Star"},{"not_picked":["Runic Dome","Lizard Tail"],"picked":"Empty Cage"}],"items_purged_floors":[19,28,37],"is_endless":false,"potions_floor_spawned":[4,5,12,16,18,21,27,31,35,39,41],"killed_by":"The Heart","ascension_level":2}