{"gold_per_floor":[212,230,230,230,57,96,96,109,109,148,164,205,205,220,220,349,349,289,214,239,239,56,56,79,79,79,114,133,133,157,157,157,277,277,301,325,31,47,72,72,72,72,72,87,87,101,144,144,144,144],"floor_reached":51,"playtime":6907,"items_purged":["Defend_B","Bite"],"score":750,"play_id":"718391f1-7291-460b-b03b-16202095212e","local_time":"20190313130923","is_ascension_mode":true,"campfire_choices":[{"floor":7.0,"key":"REST"},{"floor":13.0,"key":"REST"},{"floor":15.0,"key":"REST"},{"data":"Buffer","floor":23.0,"key":"SMITH"},{"data":"Consume","floor":25.0,"key":"SMITH"},{"data":"Sunder","floor":29.0,"key":"SMITH"},{"data":"Defragment","floor":32.0,"key":"SMITH"},{"data":"Echo Form","floor":40,"key":"SMITH"},{"data":"Zap","floor":42,"key":"SMITH"},{"data":"1","floor":45,"key":"LIFT"},{"data":"2","floor":49,"key":"LIFT"}],"neow_cost":"NONE","seed_source_timestamp":0,"circlet_count":0,"master_deck":["Defend_B","Defend_B","Defend_B+1","Zap+1","Dualcast","Go for the Eyes","Loop","Finesse","Coolheaded","Cold Snap","Auto Shields","Chill","Consume+1","Buffer+1","BootSequence","Bite","Bite","Bite","Bite","Self Repair","Sunder+1","Coolheaded","Defragment+1","Cold Snap+1","Echo Form+1","White Noise+1","Blizzard+1"],"special_seed":0,"relics":["Cracked Core","Golden Idol","Ginger","Girya","Mummified Hand","Velvet Choker","Pen Nib","Molten Egg 2","Shuriken","Busted Crown","Strange Spoon","Boot","Pear"],"potions_floor_usage":[50,50],"damage_taken":[{"damage":0.0,"enemies":"Cultist","floor":1.0,"turns":4.0},{"damage":1.0,"enemies":"2 Louse","floor":2.0,"turns":3.0},{"damage":30.0,"enemies":"Gremlin Nob","floor":6.0,"turns":5.0},{"damage":7.0,"enemies":"Small Slimes","floor":8.0,"turns":2.0},{"damage":11.0,"enemies":"3 Sentries","floor":10.0,"turns":8.0},{"damage":7.0,"enemies":"Exordium Wildlife","floor":11.0,"turns":5.0},{"damage":3.0,"enemies":"Lagavulin","floor":12.0,"turns":7.0},{"damage":0.0,"enemies":"3 Louse","floor":14.0,"turns":3.0},{"damage":22.0,"enemies":"Hexaghost","floor":16.0,"turns":15.0},{"damage":7.0,"enemies":"2 Thieves","floor":18.0,"turns":4.0},{"damage":9.0,"enemies":"Shell Parasite","floor":20.0,"turns":8.0},{"damage":2.0,"enemies":"Chosen and Byrds","floor":24.0,"turns":9.0},{"damage":60.0,"enemies":"Gremlin Leader","floor":27.0,"turns":10.0},{"damage":29.0,"enemies":"3 Cultists","floor":28.0,"turns":7.0},{"damage":3.0,"enemies":"Shelled Parasite and Fungi","floor":30.0,"turns":9.0},{"damage":6.0,"enemies":"Champ","floor":33.0,"turns":16.0},{"damage":2,"enemies":"Orb Walker","floor":35,"turns":4},{"damage":1,"enemies":"3 Darklings","floor":36,"turns":7},{"damage":0,"enemies":"Jaw Worm Horde","floor":38,"turns":3},{"damage":25,"enemies":"Maw","floor":39,"turns":8},{"damage":2,"enemies":"Spire Growth","floor":44,"turns":7},{"damage":3,"enemies":"3 Darklings","floor":46,"turns":6},{"damage":30,"enemies":"Reptomancer","floor":47,"turns":7},{"damage":33,"enemies":"Awakened One","floor":50,"turns":14}],"seed_played":"1767095112926600285","potions_obtained":[{"floor":1.0,"key":"FairyPotion"},{"floor":8.0,"key":"Dexterity Potion"},{"floor":10.0,"key":"Strength Potion"},{"floor":16.0,"key":"Block Potion"},{"floor":20.0,"key":"Regen Potion"},{"floor":27.0,"key":"Ancient Potion"},{"floor":35,"key":"SteroidPotion"},{"floor":39,"key":"PowerPotion"},{"floor":48,"key":"LiquidBronze"}],"is_trial":false,"path_per_floor":["M","M","?","?","$","E","R","M","T","E","M","E","R","M","R","B",null,"M","?","M","?","$","R","M","R","T","E","M","R","M","T","R","B",null,"M","M","$","M","M","R","$","R","T","M","R","M","E","?","R","B",null],"character_chosen":"DEFECT","items_purchased":["Loop","Finesse","Self Repair","Sunder","Strange Spoon"],"campfire_rested":3,"item_purchase_floors":[5,5,22,22,37],"current_hp_per_floor":[75,74,59,41,41,11,33,26,26,15,8,5,27,29,51,31,75,68,68,61,61,61,61,75,75,75,38,30,30,50,50,50,75,75,75,75,75,75,63,63,63,63,63,72,72,75,64,64,64,55],"gold":144,"neow_bonus":"HUNDRED_GOLD","is_prod":false,"is_daily":false,"chose_seed":false,"campfire_upgraded":6,"win_rate":0,"timestamp":1552478963,"path_taken":["M","?","?","?","?","E","R","M","T","E","M","E","R","M","R","BOSS","M","?","M","?","$","R","M","R","T","E","M","R","M","?","R","BOSS","M","M","$","M","M","R","$","R","T","M","R","M","E","?","R","BOSS"],"build_version":"2019-01-23","purchased_purges":2,"victory":true,"max_hp_per_floor":[75,75,75,75,75,75,75,75,75,75,75,75,75,75,75,75,75,75,75,75,75,75,75,75,75,75,75,75,75,75,75,75,75,75,75,75,75,75,75,75,75,75,75,75,75,75,85,85,85,85],"card_choices":[{"not_picked":["Doom and Gloom","Gash","Hologram"],"picked":"SKIP","floor":1.0},{"not_picked":["Static Discharge","Leap"],"picked":"Go for the Eyes","floor":2.0},{"not_picked":["Beam Cell","Reprogram"],"picked":"Coolheaded","floor":6.0},{"not_picked":["Redo","Auto Shields"],"picked":"Cold Snap","floor":8.0},{"not_picked":["Fusion","Consume"],"picked":"Auto Shields","floor":10.0},{"not_picked":["Redo","Gash"],"picked":"Chill","floor":11.0},{"not_picked":["Ball Lightning","Gash","Redo"],"picked":"SKIP","floor":12.0},{"not_picked":["Stack","Hyperbeam"],"picked":"Consume","floor":14.0},{"not_picked":["Electrodynamics","Hyperbeam"],"picked":"Buffer","floor":16.0},{"not_picked":["Redo","Streamline","Beam Cell"],"picked":"SKIP","floor":18.0},{"not_picked":["Fusion+1","Chaos"],"picked":"BootSequence","floor":20.0},{"not_picked":["Melter","Consume"],"picked":"Coolheaded","floor":24.0},{"not_picked":["Redo","Sweeping Beam","Steam Power"],"picked":"SKIP","floor":27.0},{"not_picked":["Beam Cell+1","Gash+1"],"picked":"Defragment","floor":28.0},{"not_picked":["Redo","Ball Lightning+1"],"picked":"Cold Snap+1","floor":30.0},{"not_picked":["Machine Learning","Rainbow"],"picked":"Echo Form","floor":33.0},{"not_picked":["Streamline+1"],"picked":"SKIP","floor":35},{"not_picked":[],"picked":"White Noise+1","floor":36},{"not_picked":[],"picked":"Blizzard+1","floor":38},{"not_picked":["Undo"],"picked":"SKIP","floor":39},{"not_picked":["Compile Driver+1"],"picked":"SKIP","floor":44},{"not_picked":["Streamline+1"],"picked":"SKIP","floor":46},{"not_picked":["Sweeping Beam+1"],"picked":"SKIP","floor":47}],"player_experience":50420,"relics_obtained":[{"floor":6.0,"key":"Ginger"},{"floor":9.0,"key":"Girya"},{"floor":10.0,"key":"Mummified Hand"},{"floor":12.0,"key":"Blood Vial"},{"floor":26.0,"key":"Pen Nib"},{"floor":27.0,"key":"Molten Egg 2"},{"floor":31.0,"key":"Shuriken"},{"floor":43,"key":"Boot"},{"floor":47,"key":"Pear"}],"event_choices":[{"damage_healed":0.0,"max_hp_gain":0.0,"max_hp_loss":0.0,"gold_gain":0.0,"event_name":"Shining Light","player_choice":"Entered Light","floor":3.0,"gold_loss":0.0,"damage_taken":15.0,"cards_upgraded":["Strike_B","Defend_B"]},{"damage_healed":0.0,"max_hp_gain":0.0,"max_hp_loss":0.0,"gold_gain":0.0,"event_name":"Golden Idol","player_choice":"Take Damage","floor":4.0,"gold_loss":0.0,"damage_taken":18.0,"relics_obtained":["Golden Idol"]},{"cards_removed":["Strike_B"],"damage_healed":0.0,"max_hp_gain":0.0,"max_hp_loss":0.0,"gold_gain":0.0,"event_name":"Beggar","player_choice":"Gave Gold","floor":19.0,"gold_loss":75.0,"damage_taken":0.0},{"damage_healed":0.0,"max_hp_gain":0.0,"max_hp_loss":0.0,"gold_gain":0.0,"event_name":"Vampires","player_choice":"Became a vampire (Vial)","floor":21.0,"relics_lost":["Blood Vial"],"gold_loss":0.0,"damage_taken":0.0,"cards_obtained":["Bite","Bite","Bite","Bite","Bite"]},{"damage_healed":0,"gold_gain":0,"player_choice":"Got Potions","damage_taken":0,"max_hp_gain":0,"max_hp_loss":0,"event_name":"Lab","floor":48,"gold_loss":0}],"is_beta":false,"boss_relics":[{"not_picked":["Ectoplasm","Calling Bell"],"picked":"Velvet Choker"},{"not_picked":["Eternal Feather","Inserter"],"picked":"Busted Crown"}],"items_purged_floors":[22,37],"is_endless":false,"potions_floor_spawned":[1,8,10,16,20,27,30,35,39],"ascension_level":1}