{"gold_per_floor":[118,1,18,29,46,46,61,61,61,25,42,42,5,40,40,112,112,126,126,1,1,19,19,19,19,19,32,32,32,32,61,61,133,133,145,0,0,11,21,21,54,54,54,329,12,12,22,22,22,22],"floor_reached":50,"playtime":5051,"items_purged":[],"score":1262,"play_id":"5b8cff4b-20d4-4bda-9cca-9c6c27374048","local_time":"20190316031722","is_ascension_mode":true,"campfire_choices":[{"data":"Glass Knife","floor":6.0,"key":"SMITH"},{"data":"Footwork","floor":8.0,"key":"SMITH"},{"data":"Bane","floor":12.0,"key":"SMITH"},{"data":"Well Laid Plans","floor":15.0,"key":"SMITH"},{"data":"Neutralize","floor":23.0,"key":"SMITH"},{"data":"Burst","floor":28.0,"key":"SMITH"},{"floor":32.0,"key":"REST"},{"data":"Reflex","floor":40.0,"key":"SMITH"},{"floor":42.0,"key":"REST"},{"data":"Predator","floor":46,"key":"SMITH"},{"floor":49,"key":"REST"}],"neow_cost":"NONE","seed_source_timestamp":598648889239500,"circlet_count":0,"master_deck":["AscendersBane","Defend_G","Defend_G","Defend_G","Survivor","Neutralize+1","Footwork+1","Noxious Fumes","Backstab","Skewer","Well Laid Plans+1","Glass Knife+1","Bane+1","Caltrops+1","Footwork+1","Footwork+1","Dodge and Roll","Burst+1","Leg Sweep","Acrobatics","Backflip","Finesse","Cloak And Dagger","Reflex+1","Bite","Bite","Bite","Bite","Bite","Escape Plan","Venomology","Deflect","Reflex+1","Predator+1","Regret","Sucker Punch+1"],"special_seed":0,"relics":["Ring of the Snake","NeowsBlessing","Frozen Egg 2","Darkstone Periapt","HoveringKite","Enchiridion","Matryoshka","Centennial Puzzle","Runic Pyramid","Red Mask","Pen Nib","Molten Egg 2","Bottled Flame","Ninja Scroll","SsserpentHead"],"potions_floor_usage":[47,47,50],"damage_taken":[{"damage":0.0,"enemies":"Cultist","floor":1.0,"turns":1.0},{"damage":0.0,"enemies":"Jaw Worm","floor":3.0,"turns":1.0},{"damage":0.0,"enemies":"Small Slimes","floor":4.0,"turns":1.0},{"damage":0.0,"enemies":"Blue Slaver","floor":5.0,"turns":5.0},{"damage":5.0,"enemies":"Exordium Thugs","floor":7.0,"turns":4.0},{"damage":0.0,"enemies":"Looter","floor":11.0,"turns":1.0},{"damage":3.0,"enemies":"3 Sentries","floor":14.0,"turns":8.0},{"damage":0.0,"enemies":"The Guardian","floor":16.0,"turns":10.0},{"damage":15.0,"enemies":"Shell Parasite","floor":18.0,"turns":5.0},{"damage":0.0,"enemies":"3 Byrds","floor":22.0,"turns":1.0},{"damage":2.0,"enemies":"Gremlin Leader","floor":25.0,"turns":5.0},{"damage":0.0,"enemies":"Centurion and Healer","floor":27.0,"turns":9.0},{"damage":23.0,"enemies":"Slavers","floor":31.0,"turns":8.0},{"damage":0.0,"enemies":"Automaton","floor":33.0,"turns":16.0},{"damage":17.0,"enemies":"3 Shapes","floor":35.0,"turns":6.0},{"damage":4.0,"enemies":"3 Darklings","floor":38.0,"turns":8.0},{"damage":2.0,"enemies":"Transient","floor":39.0,"turns":6.0},{"damage":74.0,"enemies":"Reptomancer","floor":41.0,"turns":9.0},{"damage":17,"enemies":"Jaw Worm Horde","floor":47,"turns":5},{"damage":50,"enemies":"Awakened One","floor":50,"turns":8}],"seed_played":"7375463390097643080","potions_obtained":[{"floor":3.0,"key":"SteroidPotion"},{"floor":11.0,"key":"Weak Potion"},{"floor":14.0,"key":"SteroidPotion"},{"floor":24.0,"key":"FairyPotion"},{"floor":24.0,"key":"SmokeBomb"},{"floor":27.0,"key":"Weak Potion"},{"floor":38.0,"key":"AttackPotion"},{"floor":41.0,"key":"LiquidBronze"},{"floor":47,"key":"Fire Potion"}],"is_trial":false,"path_per_floor":["M","$","M","M","M","R","M","R","T","$","M","R","$","E","R","B",null,"M","?","$","?","M","R","?","E","T","M","R","?","?","E","R","B",null,"M","?","?","M","M","R","E","R","T","?","$","R","M","?","R","B"],"character_chosen":"THE_SILENT","items_purchased":["Noxious Fumes","Backstab","Caltrops+1","Footwork+1","Backflip","Finesse","Ninja Scroll","Sucker Punch+1"],"campfire_rested":3,"item_purchase_floors":[2,2,10,13,20,20,45,45],"current_hp_per_floor":[59,59,59,59,59,59,54,54,54,54,54,54,54,51,51,51,62,47,47,47,26,26,26,26,24,24,24,24,24,24,13,26,46,46,43,43,43,46,46,46,14,27,27,33,33,33,22,22,37,0],"gold":22,"neow_bonus":"THREE_ENEMY_KILL","is_prod":false,"is_daily":false,"chose_seed":false,"campfire_upgraded":8,"win_rate":0,"timestamp":1552731442,"path_taken":["M","$","?","M","M","R","M","R","T","$","M","R","?","E","R","BOSS","M","?","$","?","M","R","?","E","T","?","R","?","?","E","R","BOSS","M","?","?","M","?","R","E","R","T","?","$","R","?","?","R","BOSS"],"build_version":"2019-03-15","purchased_purges":0,"victory":false,"max_hp_per_floor":[66,66,66,66,66,66,66,66,66,66,66,66,66,66,66,66,66,66,66,66,66,66,66,66,66,66,66,66,46,46,46,46,46,46,46,46,46,46,46,46,46,46,46,52,52,52,52,52,52,52],"card_choices":[{"not_picked":["Bane","Quick Slash"],"picked":"Footwork","floor":1.0},{"not_picked":["Dagger Throw","Acrobatics"],"picked":"Skewer","floor":3.0},{"not_picked":["Flying Knee","Caltrops"],"picked":"Well Laid Plans","floor":4.0},{"not_picked":["Bane","Acrobatics"],"picked":"Glass Knife","floor":5.0},{"not_picked":["Prepared","Cloak And Dagger"],"picked":"Bane","floor":7.0},{"not_picked":["Dodge and Roll","Accuracy+1"],"picked":"Footwork+1","floor":11.0},{"not_picked":["Malaise","Bane"],"picked":"Dodge and Roll","floor":14.0},{"not_picked":["Unload","Phantasmal Killer"],"picked":"Burst","floor":16.0},{"not_picked":["Prepared","Accuracy+1"],"picked":"Leg Sweep","floor":18.0},{"not_picked":["Bane","Deadly Poison"],"picked":"Cloak And Dagger","floor":22.0},{"not_picked":["Underhanded Strike","Dagger Throw"],"picked":"Reflex+1","floor":27.0},{"not_picked":["Dagger Throw","Skewer"],"picked":"Escape Plan","floor":31.0},{"not_picked":["Storm of Steel","Bullet Time"],"picked":"Venomology","floor":33.0},{"not_picked":["Dagger Spray","Prepared+1","Flying Knee+1"],"picked":"SKIP","floor":35.0},{"not_picked":["Dodge and Roll","Accuracy+1"],"picked":"Deflect","floor":38.0},{"not_picked":["Concentrate","Acrobatics"],"picked":"Reflex","floor":39.0},{"not_picked":["Blade Dance","Calculated Gamble"],"picked":"Predator","floor":41.0},{"not_picked":["Heel Hook+1","Outmaneuver","Dagger Throw+1"],"picked":"SKIP","floor":47}],"player_experience":3363088,"relics_obtained":[{"floor":9.0,"key":"Frozen Egg 2"},{"floor":14.0,"key":"Darkstone Periapt"},{"floor":21.0,"key":"Enchiridion"},{"floor":26.0,"key":"Matryoshka"},{"floor":31.0,"key":"Centennial Puzzle"},{"floor":41.0,"key":"Pen Nib"},{"floor":43.0,"key":"Molten Egg 2"},{"floor":43.0,"key":"Bottled Flame"}],"event_choices":[{"damage_healed":0.0,"max_hp_gain":0.0,"max_hp_loss":0.0,"gold_gain":0.0,"event_name":"The Library","player_choice":"Read","floor":19.0,"gold_loss":0.0,"damage_taken":0.0,"cards_obtained":["Acrobatics"]},{"damage_healed":0.0,"max_hp_gain":0.0,"max_hp_loss":0.0,"gold_gain":0.0,"event_name":"Cursed Tome","player_choice":"Obtained Book","floor":21.0,"gold_loss":0.0,"damage_taken":21.0},{"damage_healed":0.0,"max_hp_gain":0.0,"max_hp_loss":0.0,"gold_gain":0.0,"event_name":"Lab","player_choice":"Got Potions","floor":24.0,"gold_loss":0.0,"damage_taken":0.0},{"damage_healed":0.0,"max_hp_gain":0.0,"max_hp_loss":20.0,"gold_gain":0.0,"event_name":"Vampires","player_choice":"Became a vampire","floor":29.0,"gold_loss":0.0,"damage_taken":0.0,"cards_obtained":["Bite","Bite","Bite","Bite","Bite"]},{"cards_removed":["Defend_G"],"damage_healed":0.0,"max_hp_gain":0.0,"max_hp_loss":0.0,"gold_gain":0.0,"event_name":"Bonfire Elementals","player_choice":"Offered Basic","floor":30.0,"gold_loss":0.0,"damage_taken":0.0},{"damage_healed":0.0,"max_hp_gain":0.0,"max_hp_loss":0.0,"gold_gain":0.0,"event_name":"Tomb of Lord Red Mask","player_choice":"Paid","floor":36.0,"gold_loss":145.0,"damage_taken":0.0,"relics_obtained":["Red Mask"]},{"cards_removed":["Defend_G"],"damage_healed":0.0,"max_hp_gain":0.0,"max_hp_loss":0.0,"gold_gain":0.0,"event_name":"Purifier","player_choice":"Purged","floor":37.0,"gold_loss":0.0,"damage_taken":0.0},{"damage_healed":0.0,"max_hp_gain":0.0,"max_hp_loss":0.0,"gold_gain":275.0,"event_name":"Golden Shrine","player_choice":"Desecrate","floor":44.0,"gold_loss":0.0,"damage_taken":0.0,"cards_obtained":["Regret"]},{"damage_healed":0,"gold_gain":0,"player_choice":"Trade","damage_taken":0,"relics_obtained":["SsserpentHead"],"max_hp_gain":0,"max_hp_loss":0,"event_name":"FaceTrader","floor":48,"gold_loss":0}],"is_beta":true,"boss_relics":[{"not_picked":["Fusion Hammer","Eternal Feather"],"picked":"HoveringKite"},{"not_picked":["Snecko Eye","White Beast Statue"],"picked":"Runic Pyramid"}],"items_purged_floors":[],"is_endless":false,"potions_floor_spawned":[3,11,14,25,27,38,41,47],"killed_by":"Awakened One","ascension_level":20}