{"gold_per_floor":[117,11,86,136,152,183,183,217,244,244,257,269,269,269,269,347,347,347,347,347,347,184,184,184,184,184,15,15,15,15,15,15,15,15,15,15,15,15,15,15,15,15,15,15,15,15,15,15,15,15],"floor_reached":51,"playtime":1327,"items_purged":[],"score":1290,"play_id":"0fed888d-e714-45aa-abc0-f9e1a23cd474","local_time":"20190316005639","is_ascension_mode":true,"campfire_choices":[{"data":"Uppercut","floor":7,"key":"SMITH"},{"data":"Inflame","floor":10,"key":"SMITH"},{"data":"Inflame","floor":15,"key":"SMITH"},{"data":"1","floor":23,"key":"LIFT"},{"data":"2","floor":28,"key":"LIFT"},{"floor":32,"key":"REST"},{"data":"3","floor":40,"key":"LIFT"},{"data":"Limit Break","floor":42,"key":"SMITH"},{"data":"Inflame","floor":46,"key":"SMITH"},{"data":"Offering","floor":49,"key":"SMITH"}],"neow_cost":"NONE","seed_source_timestamp":9170235702219,"circlet_count":0,"master_deck":["AscendersBane","Defend_R","Defend_R","Defend_R","Defend_R","Bash","Pommel Strike+1","Inflame+1","Headbutt","Inflame+1","Uppercut+1","Dropkick","Twin Strike","Offering+1","Heavy Blade+1","Bite","Bite","Bite","Bite","Bite","Limit Break+1","Reaper","Heavy Blade+1","Inflame+1"],"relics":["Burning Blood","NeowsBlessing","Gambling Chip","Whetstone","Oddly Smooth Stone","Ectoplasm","Girya","Meat on the Bone","PreservedInsect","Self Forming Clay","Coffee Dripper","Pear"],"potions_floor_usage":[8,11,12,30,38,44,50,50],"damage_taken":[{"damage":0,"enemies":"Cultist","floor":1,"turns":1},{"damage":0,"enemies":"Small Slimes","floor":5,"turns":1},{"damage":0,"enemies":"Lagavulin","floor":6,"turns":1},{"damage":12,"enemies":"Gremlin Nob","floor":8,"turns":3},{"damage":0,"enemies":"Jaw Worm","floor":11,"turns":2},{"damage":14,"enemies":"Looter","floor":12,"turns":3},{"damage":20,"enemies":"Slime Boss","floor":16,"turns":6},{"damage":6,"enemies":"Chosen","floor":18,"turns":2},{"damage":14,"enemies":"Colosseum Slavers","floor":20,"turns":2},{"damage":13,"enemies":"Colosseum Nobs","floor":20,"turns":3},{"damage":16,"enemies":"Shell Parasite","floor":21,"turns":3},{"damage":9,"enemies":"Centurion and Healer","floor":25,"turns":3},{"damage":23,"enemies":"Shelled Parasite and Fungi","floor":30,"turns":3},{"damage":12,"enemies":"Chosen and Byrds","floor":31,"turns":3},{"damage":33,"enemies":"Champ","floor":33,"turns":6},{"damage":25,"enemies":"3 Shapes","floor":35,"turns":4},{"damage":15,"enemies":"3 Darklings","floor":36,"turns":3},{"damage":6,"enemies":"Transient","floor":37,"turns":6},{"damage":19,"enemies":"Jaw Worm Horde","floor":38,"turns":3},{"damage":6,"enemies":"Sphere and 2 Shapes","floor":39,"turns":2},{"damage":6,"enemies":"Transient","floor":44,"turns":5},{"damage":19,"enemies":"Spire Growth","floor":48,"turns":3},{"damage":58,"enemies":"Time Eater","floor":50,"turns":5}],"seed_played":"6807187783522378715","potions_obtained":[{"floor":1,"key":"Explosive Potion"},{"floor":6,"key":"SkillPotion"},{"floor":8,"key":"SkillPotion"},{"floor":21,"key":"Energy Potion"},{"floor":33,"key":"EssenceOfSteel"},{"floor":36,"key":"Ancient Potion"},{"floor":39,"key":"GamblersBrew"},{"floor":48,"key":"Ancient Potion"}],"is_trial":false,"path_per_floor":["M","$","?","?","M","E","R","E","T","R","M","M","?","?","R","B",null,"M","?","?","M","$","R","?","M","T","$","R","?","M","M","R","B",null,"M","M","M","M","M","R","?","R","T","M","?","R","?","M","R","B",null],"character_chosen":"IRONCLAD","items_purchased":["Inflame","Headbutt","PreservedInsect","Limit Break"],"campfire_rested":1,"item_purchase_floors":[2,2,22,27],"current_hp_per_floor":[74,74,63,56,62,68,68,64,64,64,72,66,71,60,60,48,72,74,74,63,55,55,55,55,58,58,58,58,58,49,51,75,58,75,72,74,80,75,80,80,76,76,86,86,76,76,86,77,77,51],"gold":15,"neow_bonus":"THREE_ENEMY_KILL","is_prod":false,"is_daily":false,"chose_seed":false,"campfire_upgraded":6,"win_rate":0,"timestamp":1552683399,"path_taken":["M","$","?","?","M","E","R","E","T","R","M","?","?","?","R","BOSS","M","?","?","M","$","R","?","M","T","?","R","?","M","M","R","BOSS","M","M","M","M","M","R","?","R","T","M","?","R","?","M","R","BOSS"],"build_version":"2019-01-23","purchased_purges":0,"victory":true,"max_hp_per_floor":[75,75,75,75,75,75,75,75,75,75,75,75,80,80,80,80,80,80,80,80,80,80,80,80,80,80,80,80,80,80,80,80,80,80,80,80,80,80,80,80,76,76,86,86,86,86,86,86,86,86],"card_choices":[{"not_picked":["Carnage","Anger"],"picked":"Pommel Strike","floor":1},{"not_picked":["Pommel Strike","Body Slam"],"picked":"Inflame","floor":5},{"not_picked":["Reckless Charge","Burning Pact"],"picked":"Uppercut","floor":6},{"not_picked":["Cleave","Evolve","Headbutt"],"picked":"SKIP","floor":8},{"not_picked":["Evolve","Metallicize"],"picked":"Dropkick","floor":11},{"not_picked":["Havoc","Clash"],"picked":"Twin Strike","floor":12},{"not_picked":["Brutality","Reaper"],"picked":"Offering","floor":16},{"not_picked":["Iron Wave","Searing Blow+1","Clothesline"],"picked":"SKIP","floor":18},{"not_picked":["Cleave","Seeing Red"],"picked":"Heavy Blade+1","floor":21},{"not_picked":["Combust","Second Wind+1","Clothesline"],"picked":"SKIP","floor":25},{"not_picked":["Warcry","Bloodletting","Inflame"],"picked":"SKIP","floor":30},{"not_picked":["Second Wind","Metallicize","Havoc"],"picked":"SKIP","floor":31},{"not_picked":["Immolate","Dark Embrace"],"picked":"Reaper","floor":33},{"not_picked":["Entrench","True Grit"],"picked":"Heavy Blade+1","floor":35},{"not_picked":["Clash","Blood for Blood","Twin Strike"],"picked":"SKIP","floor":36},{"not_picked":["Body Slam+1","Armaments+1","Heavy Blade"],"picked":"SKIP","floor":37},{"not_picked":["Flame Barrier+1","Bloodletting+1","Sword Boomerang+1"],"picked":"SKIP","floor":38},{"not_picked":["Sentinel","Flame Barrier","Evolve"],"picked":"SKIP","floor":39},{"not_picked":["Perfected Strike+1","Warcry"],"picked":"Inflame","floor":44},{"not_picked":["Armaments","Sword Boomerang","Second Wind"],"picked":"SKIP","floor":48}],"player_experience":729688,"relics_obtained":[{"floor":6,"key":"Blood Vial"},{"floor":8,"key":"Gambling Chip"},{"floor":9,"key":"Whetstone"},{"floor":20,"key":"Girya"},{"floor":20,"key":"Meat on the Bone"},{"floor":26,"key":"Self Forming Clay"},{"floor":43,"key":"Pear"}],"event_choices":[{"damage_healed":0,"gold_gain":75,"player_choice":"Gather Gold","damage_taken":11,"max_hp_gain":0,"max_hp_loss":0,"event_name":"World of Goop","floor":3,"gold_loss":0},{"damage_healed":0,"gold_gain":50,"player_choice":"Touch","damage_taken":7,"max_hp_gain":0,"max_hp_loss":0,"event_name":"FaceTrader","floor":4,"gold_loss":0},{"damage_healed":0,"gold_gain":0,"player_choice":"Donut","damage_taken":0,"max_hp_gain":5,"max_hp_loss":0,"event_name":"Big Fish","floor":13,"gold_loss":0},{"damage_healed":0,"gold_gain":0,"player_choice":"Success","damage_taken":11,"relics_obtained":["Oddly Smooth Stone"],"max_hp_gain":0,"max_hp_loss":0,"event_name":"Scrap Ooze","floor":14,"gold_loss":0},{"damage_healed":0,"gold_gain":0,"player_choice":"Ignored","damage_taken":0,"max_hp_gain":0,"max_hp_loss":0,"event_name":"Beggar","floor":19,"gold_loss":0},{"damage_healed":0,"gold_gain":0,"player_choice":"Fight","damage_taken":0,"max_hp_gain":0,"max_hp_loss":0,"event_name":"Colosseum","floor":20,"gold_loss":0},{"damage_healed":0,"gold_gain":0,"player_choice":"Fought Nobs","damage_taken":0,"max_hp_gain":0,"max_hp_loss":0,"event_name":"Colosseum","floor":20,"gold_loss":0},{"damage_healed":0,"gold_gain":0,"player_choice":"Became a vampire (Vial)","damage_taken":0,"max_hp_gain":0,"max_hp_loss":0,"event_name":"Vampires","floor":24,"relics_lost":["Blood Vial"],"gold_loss":0,"cards_obtained":["Bite","Bite","Bite","Bite","Bite"]},{"damage_healed":0,"gold_gain":50,"player_choice":"Stole From Cult","damage_taken":0,"max_hp_gain":0,"max_hp_loss":0,"event_name":"Nest","floor":29,"gold_loss":0},{"damage_healed":0,"gold_gain":0,"player_choice":"Max HP","damage_taken":0,"max_hp_gain":0,"max_hp_loss":4,"event_name":"Winding Halls","floor":41,"gold_loss":0},{"damage_healed":0,"gold_gain":0,"player_choice":"Memory 3","damage_taken":10,"max_hp_gain":0,"max_hp_loss":0,"event_name":"SensoryStone","floor":45,"gold_loss":0},{"damage_healed":10,"gold_gain":0,"player_choice":"Full Heal","damage_taken":0,"max_hp_gain":0,"max_hp_loss":0,"event_name":"Wheel of Change","floor":47,"gold_loss":0}],"is_beta":false,"boss_relics":[{"not_picked":["Mark of Pain","Runic Dome"],"picked":"Ectoplasm"},{"not_picked":["Velvet Choker","Pandora\u0027s Box"],"picked":"Coffee Dripper"}],"items_purged_floors":[],"is_endless":false,"potions_floor_spawned":[1,6,8,21,33,36,39,48],"ascension_level":17}