{"gold_per_floor":[114,64,64,64,81,81,95,95,95,95,108,128,55,2,2,105,105,125,140,154,154,168,168,181,181,181,181,181,281,292,312,312,312],"floor_reached":33,"playtime":1333,"items_purged":[],"score":264,"play_id":"c47efd7c-cbe8-49bc-be9a-7795a72d1e54","local_time":"20180716162027","is_ascension_mode":false,"campfire_choices":[{"data":"Survivor","floor":6,"key":"SMITH"},{"data":"Crippling Poison","floor":8,"key":"SMITH"},{"data":"Backflip","floor":10,"key":"SMITH"},{"data":"Dash","floor":15,"key":"SMITH"},{"floor":23,"key":"REST"},{"floor":25,"key":"REST"},{"floor":27,"key":"REST"},{"data":"Corpse Explosion","floor":32,"key":"SMITH"}],"neow_cost":"NONE","seed_source_timestamp":62767829403208,"circlet_count":0,"master_deck":["Defend_G","Defend_G","Defend_G","Survivor+1","Neutralize","Bane+1","Backflip+1","Crippling Poison+1","Dash+1","Catalyst+1","Flying Knee","Corpse Explosion+1","Bouncing Flask","Bouncing Flask","Bite","Bite","Bite","Bite","Bite"],"relics":["Ring of the Snake","Bottled Lightning","Empty Cage","Mercury Hourglass"],"potions_floor_usage":[24],"damage_taken":[{"damage":6,"enemies":"2 Louse","floor":1,"turns":4},{"damage":0,"enemies":"Small Slimes","floor":5,"turns":3},{"damage":3,"enemies":"Jaw Worm","floor":7,"turns":5},{"damage":0,"enemies":"2 Fungi Beasts","floor":11,"turns":4},{"damage":4,"enemies":"Blue Slaver","floor":12,"turns":3},{"damage":30,"enemies":"The Guardian","floor":16,"turns":11},{"damage":14,"enemies":"2 Thieves","floor":18,"turns":2},{"damage":16,"enemies":"Shell Parasite","floor":19,"turns":5},{"damage":25,"enemies":"Snake Plant","floor":20,"turns":4},{"damage":11,"enemies":"Chosen and Byrds","floor":22,"turns":5},{"damage":9,"enemies":"Centurion and Healer","floor":24,"turns":3},{"damage":0,"enemies":"3 Cultists","floor":30,"turns":2},{"damage":11,"enemies":"Slaver and Parasite","floor":31,"turns":5},{"damage":50,"enemies":"Collector","floor":33,"turns":3}],"seed_played":"-2095149577217016735","potions_obtained":[{"floor":12,"key":"Ancient Potion"},{"floor":16,"key":"Energy Potion"},{"floor":18,"key":"EssenceOfSteel"},{"floor":24,"key":"FearPotion"}],"is_trial":false,"path_per_floor":["M","?","?","?","M","R","M","R","T","R","M","M","$","$","R","B",null,"M","M","M","?","M","R","M","R","T","R","?","?","M","M","R"],"character_chosen":"THE_SILENT","items_purchased":["Catalyst","Flying Knee"],"campfire_rested":3,"item_purchase_floors":[13,14],"current_hp_per_floor":[64,64,64,70,70,70,67,67,67,67,67,63,63,63,63,33,70,56,40,15,15,4,25,16,37,37,58,49,49,49,44,44,0],"gold":312,"neow_bonus":"REMOVE_CARD","is_prod":false,"is_daily":false,"chose_seed":false,"campfire_upgraded":5,"win_rate":0,"timestamp":1531772427,"path_taken":["M","?","?","?","M","R","M","R","T","R","M","M","?","$","R","BOSS","M","M","M","?","M","R","M","R","T","R","?","?","M","M","R","BOSS"],"build_version":"2018-07-12","purchased_purges":0,"victory":false,"max_hp_per_floor":[70,70,70,70,70,70,70,70,70,70,70,70,70,70,70,70,70,70,70,70,70,70,70,70,70,70,70,49,49,49,49,49,49],"card_choices":[{"not_picked":["Cloak And Dagger","Prepared"],"picked":"Bane","floor":1},{"not_picked":["Calculated Gamble","Masterful Stab"],"picked":"Backflip","floor":5},{"not_picked":["Deadly Poison","Caltrops"],"picked":"Crippling Poison","floor":7},{"not_picked":["Footwork","Calculated Gamble"],"picked":"Dash","floor":11},{"not_picked":["Quick Slash","Setup","Slice"],"picked":"SKIP","floor":12},{"not_picked":["Venomology","Phantasmal Killer"],"picked":"Corpse Explosion","floor":16},{"not_picked":["Dodge and Roll+1","Poisoned Stab"],"picked":"Bouncing Flask","floor":18},{"not_picked":["Poisoned Stab","Predator"],"picked":"Bouncing Flask","floor":19},{"not_picked":["Backflip+1","Calculated Gamble","Expertise+1"],"picked":"SKIP","floor":20},{"not_picked":["Backflip","Sucker Punch","All Out Attack"],"picked":"SKIP","floor":22},{"not_picked":["Deadly Poison+1","All Out Attack","Eviscerate+1"],"picked":"SKIP","floor":24},{"not_picked":["Deadly Poison","Infinite Blades","Unload"],"picked":"SKIP","floor":30},{"not_picked":["Outmaneuver","Backstab+1","Dagger Spray"],"picked":"SKIP","floor":31}],"player_experience":256133,"relics_obtained":[{"floor":9,"key":"Bottled Lightning"},{"floor":26,"key":"Mercury Hourglass"}],"event_choices":[{"event_name":"The Cleric","player_choice":"Card Removal","floor":2,"damage_taken":0},{"event_name":"Living Wall","player_choice":"Grow","floor":3,"damage_taken":0},{"event_name":"Wheel of Change","player_choice":"Full Heal","floor":4,"damage_taken":0},{"event_name":"Upgrade Shrine","player_choice":"Upgraded","floor":21,"damage_taken":0},{"event_name":"Vampires","player_choice":"Became a vampire","floor":28,"damage_taken":0},{"event_name":"Golden Shrine","player_choice":"Pray","floor":29,"damage_taken":0}],"boss_relics":[{"not_picked":["Runic Dome","Cursed Key"],"picked":"Empty Cage"}],"items_purged_floors":[],"is_endless":false,"potions_floor_spawned":[12,16,18,19,24,31],"killed_by":"Collector","ascension_level":0}