{"gold_per_floor":[109,34,47,61,61,61,136,136,163,113,148,148,165,15,15,113,113,126,141,66,84,99,99,110,110,110,110],"floor_reached":27,"playtime":980,"items_purged":["Strike_B","Defend_B"],"score":215,"play_id":"b44b5e44-1064-49b4-9555-3570bc1dc435","local_time":"20180825164727","is_ascension_mode":false,"campfire_choices":[{"data":"Reprogram","floor":6,"key":"SMITH"},{"data":"Glacier","floor":8,"key":"SMITH"},{"floor":12,"key":"REST"},{"data":"Turbo","floor":15,"key":"SMITH"},{"floor":23,"key":"REST"}],"neow_cost":"NONE","seed_source_timestamp":109622910046443,"circlet_count":0,"master_deck":["Zap+1","Dualcast","Glacier+1","Reprogram+1","Cold Snap","Conserve Battery","Turbo+1","Streamline+1","Core Surge+1","Cold Snap+1","Go for the Eyes+1","Rebound+1","Sunder+1","Streamline+1","Blizzard+1","Flash of Steel+1","Deep Breath","Enlightenment","Enlightenment","Forethought","Trip"],"relics":["Cracked Core","NeowsBlessing","Lantern","Molten Egg 2","Pandora\u0027s Box","Pantograph"],"potions_floor_usage":[24,25],"damage_taken":[{"damage":0,"enemies":"Cultist","floor":1,"turns":1},{"damage":0,"enemies":"2 Louse","floor":3,"turns":1},{"damage":0,"enemies":"Jaw Worm","floor":4,"turns":1},{"damage":14,"enemies":"Lagavulin","floor":11,"turns":8},{"damage":5,"enemies":"2 Fungi Beasts","floor":13,"turns":4},{"damage":25,"enemies":"Slime Boss","floor":16,"turns":14},{"damage":0,"enemies":"Spheric Guardian","floor":18,"turns":2},{"damage":7,"enemies":"3 Byrds","floor":19,"turns":4},{"damage":8,"enemies":"3 Cultists","floor":21,"turns":5},{"damage":19,"enemies":"Sentry and Sphere","floor":22,"turns":4},{"damage":18,"enemies":"Centurion and Healer","floor":24,"turns":4},{"damage":0,"enemies":"Snake Plant","floor":25,"turns":1}],"seed_played":"7187244481623566279","potions_obtained":[{"floor":11,"key":"Strength Potion"},{"floor":13,"key":"Weak Potion"},{"floor":16,"key":"Block Potion"},{"floor":21,"key":"AttackPotion"},{"floor":24,"key":"SmokeBomb"}],"is_trial":false,"path_per_floor":["M","$","M","M","?","R","?","R","T","?","E","R","M","$","R","B",null,"M","M","?","M","M","R","M","M","T"],"character_chosen":"DEFECT","items_purchased":["Streamline+1"],"campfire_rested":2,"item_purchase_floors":[14],"current_hp_per_floor":[75,75,75,75,75,75,64,64,64,64,50,72,67,67,67,42,75,75,68,68,60,41,63,45,45,45,0],"gold":110,"neow_bonus":"THREE_ENEMY_KILL","is_prod":false,"is_daily":false,"chose_seed":false,"campfire_upgraded":3,"win_rate":0,"timestamp":1535230047,"path_taken":["M","$","?","M","?","R","?","R","T","?","E","R","M","$","R","BOSS","M","M","?","M","M","R","M","M","T","?"],"build_version":"2018-08-23v2","purchased_purges":2,"victory":false,"max_hp_per_floor":[75,75,75,75,75,75,75,75,75,75,75,75,75,75,75,75,75,75,75,75,75,75,75,75,75,75,75],"card_choices":[{"not_picked":["Cold Snap","Leap"],"picked":"Glacier","floor":1},{"not_picked":["Tempest","Coolheaded"],"picked":"Reprogram","floor":3},{"not_picked":["Coolheaded","Barrage"],"picked":"Cold Snap","floor":4},{"not_picked":["Hologram","Stack"],"picked":"Conserve Battery","floor":11},{"not_picked":["Static Discharge","Hologram"],"picked":"Turbo","floor":13},{"not_picked":["Reboot","Seek"],"picked":"Core Surge+1","floor":16},{"not_picked":["Hello World","Redo"],"picked":"Streamline+1","floor":18},{"not_picked":["Loop","Streamline+1","Chaos+1"],"picked":"SKIP","floor":19},{"not_picked":["Turbo","Steam","Rebound+1"],"picked":"SKIP","floor":21},{"not_picked":["Turbo","Steam","Rebound+1"],"picked":"SKIP","floor":21},{"not_picked":["Streamline+1","Self Repair+1"],"picked":"Blizzard+1","floor":22},{"not_picked":["Barrage+1","Cold Snap+1","Beam Cell+1"],"picked":"SKIP","floor":24}],"player_experience":315395,"relics_obtained":[{"floor":9,"key":"Lantern"},{"floor":11,"key":"Molten Egg 2"},{"floor":26,"key":"Pantograph"}],"event_choices":[{"event_name":"Living Wall","player_choice":"Grow","floor":5,"damage_taken":0},{"event_name":"World of Goop","player_choice":"Gather Gold","floor":7,"damage_taken":0},{"event_name":"The Cleric","player_choice":"Card Removal","floor":10,"damage_taken":0},{"event_name":"Beggar","player_choice":"Gave Gold","floor":20,"damage_taken":0}],"is_beta":false,"boss_relics":[{"not_picked":["Snecko Eye","Busted Crown"],"picked":"Pandora\u0027s Box"}],"items_purged_floors":[2,14],"is_endless":false,"potions_floor_spawned":[11,13,16,19,21,24],"ascension_level":0}