{"gold_per_floor":[116,130,148,164,19,49,68,68,68,68,94,44,63,77,77,77],"floor_reached":16,"playtime":486,"items_purged":[],"score":109,"play_id":"c749ef2d-5e32-4bdd-b97b-1e418e9ff645","local_time":"20190408184223","is_ascension_mode":true,"campfire_choices":[{"floor":10,"key":"REST"},{"floor":15,"key":"REST"}],"neow_cost":"NONE","seed_source_timestamp":24861902917206,"circlet_count":0,"master_deck":["Defend_G","Defend_G","Defend_G","Defend_G","Strike_G","Strike_G","Strike_G","Strike_G","Strike_G","Survivor","Neutralize","All Out Attack","Flying Knee","Blade Dance","Accuracy","Acrobatics","Cloak And Dagger","Cloak And Dagger","Backstab"],"relics":["Ring of the Snake","Ice Cream","The Courier","Odd Mushroom"],"potions_floor_usage":[13,16],"damage_taken":[{"damage":1,"enemies":"Jaw Worm","floor":1,"turns":4},{"damage":0,"enemies":"2 Louse","floor":2,"turns":2},{"damage":10,"enemies":"Small Slimes","floor":3,"turns":3},{"damage":1,"enemies":"3 Louse","floor":4,"turns":3},{"damage":40,"enemies":"Gremlin Nob","floor":6,"turns":6},{"damage":9,"enemies":"Gremlin Gang","floor":7,"turns":3},{"damage":22,"enemies":"The Mushroom Lair","floor":11,"turns":5},{"damage":0,"enemies":"Blue Slaver","floor":13,"turns":3},{"damage":0,"enemies":"Exordium Wildlife","floor":14,"turns":3},{"damage":53,"enemies":"Slime Boss","floor":16,"turns":7}],"seed_played":"7294500895640042258","potions_obtained":[{"floor":2,"key":"PowerPotion"},{"floor":3,"key":"FairyPotion"},{"floor":11,"key":"AttackPotion"},{"floor":13,"key":"SkillPotion"}],"is_trial":false,"path_per_floor":["M","M","M","M","$","E","M","$","T","R","?","?","M","M","R","B"],"character_chosen":"THE_SILENT","items_purchased":["Blade Dance","Accuracy","Acrobatics"],"campfire_rested":2,"item_purchase_floors":[5,5,5],"current_hp_per_floor":[76,76,66,65,65,25,16,16,16,39,17,17,17,17,40,0],"gold":77,"neow_bonus":"TEN_PERCENT_HP_BONUS","is_prod":false,"is_daily":false,"chose_seed":false,"campfire_upgraded":0,"win_rate":0,"timestamp":1554763343,"path_taken":["M","M","M","M","$","E","M","$","T","R","?","?","M","M","R","BOSS"],"build_version":"2019-01-23","purchased_purges":0,"victory":false,"max_hp_per_floor":[77,77,77,77,77,77,77,77,77,77,77,77,77,77,77,77],"card_choices":[{"not_picked":["Deadly Poison","Caltrops"],"picked":"All Out Attack","floor":1},{"not_picked":["Quick Slash","Outmaneuver","Prepared"],"picked":"SKIP","floor":2},{"not_picked":["Dagger Spray","Escape Plan","PiercingWail"],"picked":"SKIP","floor":3},{"not_picked":["Sucker Punch","Caltrops"],"picked":"Flying Knee","floor":4},{"not_picked":["Well Laid Plans","Prepared","Expertise"],"picked":"SKIP","floor":6},{"not_picked":["Dagger Spray","Well Laid Plans"],"picked":"Cloak And Dagger","floor":7},{"not_picked":["Masterful Stab","Flying Knee"],"picked":"Cloak And Dagger","floor":11},{"not_picked":["Flying Knee","Calculated Gamble","Dagger Throw"],"picked":"SKIP","floor":13},{"not_picked":["Escape Plan","Backflip"],"picked":"Backstab","floor":14}],"player_experience":470972,"relics_obtained":[{"floor":6,"key":"Ice Cream"},{"floor":9,"key":"The Courier"},{"floor":11,"key":"Odd Mushroom"}],"event_choices":[{"damage_healed":0,"gold_gain":0,"player_choice":"Fought Mushrooms","damage_taken":0,"max_hp_gain":0,"max_hp_loss":0,"event_name":"Mushrooms","floor":11,"gold_loss":0},{"cards_removed":["Defend_G"],"damage_healed":0,"gold_gain":0,"player_choice":"Card Removal","damage_taken":0,"max_hp_gain":0,"max_hp_loss":0,"event_name":"The Cleric","floor":12,"gold_loss":50}],"is_beta":false,"boss_relics":[],"items_purged_floors":[],"is_endless":false,"potions_floor_spawned":[2,3,11,13],"killed_by":"Slime Boss","ascension_level":1}