{"gold_per_floor":[19,19,35,51,0,29,47,57,113,113,132,132],"floor_reached":12,"playtime":448,"items_purged":[],"score":82,"play_id":"914596f3-d737-4414-bd17-c958ae288da1","local_time":"20190207201625","is_ascension_mode":false,"campfire_choices":[],"neow_cost":"NO_GOLD","seed_source_timestamp":462613280775478,"circlet_count":0,"master_deck":["Defend_G","Defend_G","Defend_G","Defend_G","Defend_G","Strike_G","Strike_G","Strike_G","Strike_G","Strike_G","Survivor","Neutralize","Concentrate","Finisher","Cloak And Dagger","Dagger Throw","Caltrops","Parasite"],"relics":["Ring of the Snake","Tingsha","Ancient Tea Set","Tiny Chest"],"potions_floor_usage":[6],"damage_taken":[{"damage":3,"enemies":"Cultist","floor":1,"turns":5},{"damage":4,"enemies":"2 Louse","floor":3,"turns":3},{"damage":4,"enemies":"Jaw Worm","floor":4,"turns":4},{"damage":38,"enemies":"Gremlin Nob","floor":6,"turns":6},{"damage":0,"enemies":"Exordium Thugs","floor":7,"turns":4},{"damage":19,"enemies":"3 Louse","floor":8,"turns":2},{"damage":7,"enemies":"Blue Slaver","floor":11,"turns":3},{"damage":16,"enemies":"Large Slime","floor":12,"turns":2}],"seed_played":"8569285119292723822","potions_obtained":[{"floor":2,"key":"Block Potion"},{"floor":2,"key":"Energy Potion"},{"floor":2,"key":"Block Potion"},{"floor":7,"key":"LiquidBronze"},{"floor":8,"key":"FearPotion"}],"is_trial":false,"path_per_floor":["M","?","M","M","$","E","M","M","T","?","M","M"],"character_chosen":"THE_SILENT","items_purchased":["Cloak And Dagger"],"campfire_rested":0,"item_purchase_floors":[5],"current_hp_per_floor":[67,67,63,59,59,21,21,2,2,19,12,0],"gold":132,"neow_bonus":"ONE_RARE_RELIC","is_prod":false,"is_daily":false,"chose_seed":false,"campfire_upgraded":0,"win_rate":0,"timestamp":1549588585,"path_taken":["M","?","M","M","?","E","M","M","T","?","M","M"],"build_version":"2019-01-23","purchased_purges":0,"victory":false,"max_hp_per_floor":[70,70,70,70,70,70,70,70,70,70,70,70],"card_choices":[{"not_picked":["PiercingWail","Expertise","Backflip"],"picked":"SKIP","floor":1},{"not_picked":["Acrobatics","Slice"],"picked":"Concentrate","floor":3},{"not_picked":["Sucker Punch","Backflip"],"picked":"Finisher","floor":4},{"not_picked":["Bouncing Flask","Cloak And Dagger"],"picked":"Dagger Throw","floor":6},{"not_picked":["Flying Knee","Blade Dance","Deflect"],"picked":"SKIP","floor":7},{"not_picked":["Choke","Reflex"],"picked":"Caltrops","floor":8},{"not_picked":["Night Terror","Outmaneuver","Sucker Punch"],"picked":"SKIP","floor":11}],"player_experience":356355,"relics_obtained":[{"floor":6,"key":"Ancient Tea Set"},{"floor":9,"key":"Tiny Chest"}],"event_choices":[{"damage_healed":0,"gold_gain":0,"player_choice":"Got Potions","damage_taken":0,"max_hp_gain":0,"max_hp_loss":0,"event_name":"Lab","floor":2,"gold_loss":0},{"damage_healed":17,"gold_gain":0,"player_choice":"Healed and dodged fight","damage_taken":0,"max_hp_gain":0,"max_hp_loss":0,"event_name":"Mushrooms","floor":10,"gold_loss":0,"cards_obtained":["Parasite"]}],"is_beta":false,"boss_relics":[],"items_purged_floors":[],"is_endless":false,"potions_floor_spawned":[4,7,8],"killed_by":"Large Slime","ascension_level":0}