{"gold_per_floor":[18,18,29,29,29,29,45,73,100,132,132,147,147,167,167,266,266,191,210,228,238,188,188,219,219,266,300,320,330,330,350,350,448,448,468,468,482,495,301,328,328,328,328,328,328,328,342,342,342,342,342,342,43,69,69],"floor_reached":56,"playtime":7894,"items_purged":["Strike_G","Slice+1"],"score":1400,"play_id":"04f7bbb1-91c2-4760-8eab-00873e7b87e6","local_time":"20190413153001","is_ascension_mode":true,"campfire_choices":[{"data":"Footwork","floor":6.0,"key":"SMITH"},{"floor":11.0,"key":"REST"},{"data":"Footwork","floor":13.0,"key":"SMITH"},{"data":"After Image","floor":15.0,"key":"SMITH"},{"floor":23,"key":"REST"},{"data":"Bouncing Flask","floor":25,"key":"SMITH"},{"floor":30,"key":"REST"},{"floor":32,"key":"REST"},{"floor":41,"key":"REST"},{"floor":44,"key":"RECALL"},{"data":"Burst","floor":46,"key":"SMITH"},{"data":"Leg Sweep","floor":49,"key":"SMITH"},{"data":"Predator","floor":52,"key":"SMITH"}],"neow_cost":"NO_GOLD","seed_source_timestamp":0,"circlet_count":0,"master_deck":["Defend_G","Defend_G+1","Survivor+1","Neutralize+1","Footwork+1","Deadly Poison","Backflip","Leg Sweep+1","After Image+1","Footwork+1","Adrenaline","Bouncing Flask+1","Catalyst+1","Backflip","Burst+1","Adrenaline+1","Well Laid Plans+1","Terror+1","Madness","Finesse","Predator+1"],"special_seed":0,"relics":["Ring of the Snake","Centennial Puzzle","War Paint","Strawberry","Busted Crown","Smiling Mask","Bag of Marbles","Question Card","Astrolabe","Snake Skull","Lantern","Bronze Scales","Letter Opener","Ninja Scroll"],"potions_floor_usage":[28,33,50,50,55],"damage_taken":[{"damage":0.0,"enemies":"Cultist","floor":1.0,"turns":4.0},{"damage":1.0,"enemies":"Small Slimes","floor":3.0,"turns":4.0},{"damage":0.0,"enemies":"2 Louse","floor":7.0,"turns":4.0},{"damage":0.0,"enemies":"Lagavulin","floor":8.0,"turns":11.0},{"damage":47.0,"enemies":"Gremlin Nob","floor":10.0,"turns":7.0},{"damage":1.0,"enemies":"Gremlin Gang","floor":12.0,"turns":9.0},{"damage":0.0,"enemies":"2 Fungi Beasts","floor":14.0,"turns":6.0},{"damage":28.0,"enemies":"Hexaghost","floor":16.0,"turns":17.0},{"damage":0.0,"enemies":"2 Thieves","floor":18.0,"turns":5.0},{"damage":0.0,"enemies":"Spheric Guardian","floor":19.0,"turns":9.0},{"damage":23.0,"enemies":"Cultist and Chosen","floor":20.0,"turns":13.0},{"damage":23,"enemies":"3 Cultists","floor":21,"turns":13},{"damage":12,"enemies":"Book of Stabbing","floor":24,"turns":13},{"damage":35,"enemies":"Gremlin Leader","floor":27,"turns":8},{"damage":0,"enemies":"Snake Plant","floor":28,"turns":2},{"damage":3,"enemies":"Shelled Parasite and Fungi","floor":29,"turns":5},{"damage":0,"enemies":"Snecko","floor":31,"turns":5},{"damage":0,"enemies":"Champ","floor":33,"turns":9},{"damage":12,"enemies":"3 Shapes","floor":35,"turns":4},{"damage":0,"enemies":"3 Darklings","floor":37,"turns":8},{"damage":15,"enemies":"Jaw Worm Horde","floor":38,"turns":7},{"damage":37,"enemies":"Reptomancer","floor":40,"turns":11},{"damage":0,"enemies":"Spire Growth","floor":47,"turns":3},{"damage":17,"enemies":"Donu and Deca","floor":50,"turns":6},{"damage":21,"enemies":"Shield and Spear","floor":54,"turns":4},{"damage":6,"enemies":"The Heart","floor":55,"turns":5}],"seed_played":"-8283541022938932662","potions_obtained":[{"floor":1.0,"key":"PowerPotion"},{"floor":8.0,"key":"Strength Potion"},{"floor":12.0,"key":"Regen Potion"},{"floor":14.0,"key":"SkillPotion"},{"floor":29,"key":"Strength Potion"},{"floor":37,"key":"Ancient Potion"},{"floor":38,"key":"LiquidBronze"},{"floor":47,"key":"GhostInAJar"},{"floor":54,"key":"Swift Potion"}],"is_trial":false,"path_per_floor":["M","T","M","?","?","R","M","E","T","E","R","M","R","M","R","B",null,"M","M","M","M","?","R","E","R","T","E","M","M","R","M","R","B",null,"M","?","M","M","$","E","R","?","T","R","?","R","M","?","R","B",null,"R","$","E","B",null],"character_chosen":"THE_SILENT","items_purchased":["Snake Skull","Letter Opener"],"campfire_rested":5,"item_purchase_floors":[39,53],"current_hp_per_floor":[70,70,69,69,69,69,69,69,69,29,52,51,51,51,51,23,77,77,77,54,31,31,54,42,42,42,7,7,4,27,27,50,50,77,65,55,55,40,40,3,26,67,67,67,67,67,67,67,67,50,67,67,67,46,40],"gold":69,"neow_bonus":"TRANSFORM_TWO_CARDS","is_prod":false,"is_daily":false,"chose_seed":false,"campfire_upgraded":7,"win_rate":0,"timestamp":1555162201,"path_taken":["M","?","?","?","?","R","M","E","T","E","R","?","R","M","R","BOSS","M","?","M","M","?","R","E","R","T","E","M","?","R","M","R","BOSS","M","?","M","M","$","E","R","?","T","R","?","R","?","?","R","BOSS","R","$","E","BOSS"],"build_version":"2019-01-23","purchased_purges":2,"victory":true,"max_hp_per_floor":[70,70,70,70,70,70,70,70,70,77,77,77,77,77,77,77,77,77,77,77,77,77,77,77,77,77,77,77,77,77,77,77,77,77,77,77,77,77,77,77,77,67,67,67,67,67,67,67,67,67,67,67,67,67,67],"card_choices":[{"not_picked":["Infinite Blades","Slice","Blade Dance"],"picked":"SKIP","floor":1.0},{"not_picked":["Masterful Stab","Reflex","Skewer"],"picked":"SKIP","floor":3.0},{"not_picked":["Underhanded Strike","Predator"],"picked":"Backflip","floor":7.0},{"not_picked":["Expertise","Slice"],"picked":"Leg Sweep","floor":8.0},{"not_picked":["Backflip","Poisoned Stab"],"picked":"After Image","floor":10.0},{"not_picked":["Catalyst","Masterful Stab"],"picked":"Footwork","floor":12.0},{"not_picked":["Slice","Dagger Throw","Flying Knee"],"picked":"SKIP","floor":14.0},{"not_picked":["Burst","Doppelganger"],"picked":"Adrenaline","floor":16.0},{"not_picked":["Footwork"],"picked":"SKIP","floor":18.0},{"not_picked":["Eviscerate"],"picked":"SKIP","floor":19.0},{"not_picked":["Poisoned Stab"],"picked":"SKIP","floor":20.0},{"not_picked":["Endless Agony+1"],"picked":"SKIP","floor":21},{"not_picked":[],"picked":"Bouncing Flask","floor":24},{"not_picked":[],"picked":"Catalyst+1","floor":27},{"not_picked":["Distraction"],"picked":"Backflip","floor":28},{"not_picked":["Slice","Acrobatics"],"picked":"SKIP","floor":29},{"not_picked":["Predator+1","Cloak And Dagger"],"picked":"SKIP","floor":31},{"not_picked":["After Image"],"picked":"Burst","floor":33},{"not_picked":["Well Laid Plans"],"picked":"Terror+1","floor":35},{"not_picked":["PanicButton"],"picked":"Madness","floor":36},{"not_picked":["Violence"],"picked":"Finesse","floor":36},{"not_picked":["Bane+1","PiercingWail+1"],"picked":"SKIP","floor":37},{"not_picked":["Sucker Punch","All Out Attack+1"],"picked":"SKIP","floor":38},{"not_picked":["Setup","Outmaneuver+1"],"picked":"SKIP","floor":40},{"not_picked":["Prepared","Choke+1"],"picked":"SKIP","floor":47},{"not_picked":["Quick Slash","Storm of Steel"],"picked":"SKIP","floor":54}],"player_experience":103464,"relics_obtained":[{"floor":8.0,"key":"Centennial Puzzle"},{"floor":9.0,"key":"War Paint"},{"floor":10.0,"key":"Strawberry"},{"floor":24,"key":"Smiling Mask"},{"floor":26,"key":"Bag of Marbles"},{"floor":27,"key":"Question Card"},{"floor":40,"key":"Lantern"},{"floor":43,"key":"Bronze Scales"},{"floor":54,"key":"Ninja Scroll"}],"event_choices":[{"damage_healed":0.0,"max_hp_gain":0.0,"max_hp_loss":0.0,"gold_gain":0.0,"event_name":"The Cleric","player_choice":"Leave","floor":4.0,"gold_loss":0.0,"damage_taken":0.0},{"cards_removed":["Strike_G"],"damage_healed":0.0,"max_hp_gain":0.0,"max_hp_loss":0.0,"gold_gain":0.0,"event_name":"Purifier","player_choice":"Purged","floor":5.0,"gold_loss":0.0,"damage_taken":0.0},{"damage_healed":0,"gold_gain":0,"player_choice":"Bet on Murderer","damage_taken":0,"max_hp_gain":0,"max_hp_loss":0,"event_name":"The Joust","floor":22,"gold_loss":50},{"damage_healed":0,"gold_gain":0,"player_choice":"Memory 3","damage_taken":10,"max_hp_gain":0,"max_hp_loss":0,"event_name":"SensoryStone","floor":36,"gold_loss":0},{"damage_healed":67,"gold_gain":0,"player_choice":"Heal","damage_taken":0,"max_hp_gain":0,"max_hp_loss":10,"event_name":"The Moai Head","floor":42,"gold_loss":0},{"damage_healed":0,"gold_gain":0,"player_choice":"Upgraded","damage_taken":0,"max_hp_gain":0,"max_hp_loss":0,"event_name":"Upgrade Shrine","floor":45,"gold_loss":0,"cards_upgraded":["Neutralize"]},{"damage_healed":0,"gold_gain":0,"cards_transformed":["Defend_G"],"player_choice":"Transformed","damage_taken":0,"max_hp_gain":0,"max_hp_loss":0,"event_name":"Transmorgrifier","floor":48,"gold_loss":0,"cards_obtained":["Predator"]}],"is_beta":false,"boss_relics":[{"not_picked":["Ring of the Serpent","Runic Dome"],"picked":"Busted Crown"},{"not_picked":["Fusion Hammer","Snecko Eye"],"picked":"Astrolabe"}],"items_purged_floors":[39,53],"is_endless":false,"potions_floor_spawned":[1,8,12,14,19,20,24,29,31,37,38,40,47,54],"ascension_level":3}