{"gold_per_floor":[119,119,133,144,94,94,94,108,108,122,155,155,83,98,98,196,196,211,46,61,61,61,61,80,91,145,145,145,176,176,193,193,290,290,305,305],"floor_reached":36,"playtime":1840,"items_purged":[],"score":422,"play_id":"20b619c7-8505-4299-b013-c74bb0850795","local_time":"20190406235122","is_ascension_mode":true,"campfire_choices":[{"data":"Zap","floor":6.0,"key":"SMITH"},{"floor":12.0,"key":"REST"},{"data":"Capacitor","floor":15.0,"key":"SMITH"},{"floor":23.0,"key":"REST"},{"floor":27.0,"key":"REST"},{"floor":32.0,"key":"REST"}],"neow_cost":"NONE","seed_source_timestamp":0,"circlet_count":0,"master_deck":["Defend_B","Defend_B","Defend_B","Zap+1","Dualcast","Go for the Eyes","Cold Snap","Go for the Eyes","Redo","Loop","Amplify","Gash","Leap","Capacitor+1","Rainbow","Doom and Gloom+1","Reinforced Body+1","Conserve Battery+1","Apotheosis","Defragment","Conserve Battery","Machine Learning","Storm+1"],"special_seed":0,"relics":["Cracked Core","Regal Pillow","Art of War","Potion Belt","Astrolabe","Pen Nib","Omamori","MutagenicStrength","Kunai","Runic Pyramid"],"potions_floor_usage":[],"damage_taken":[{"damage":6.0,"enemies":"Cultist","floor":1.0,"turns":3.0},{"damage":9.0,"enemies":"Small Slimes","floor":3.0,"turns":3.0},{"damage":2.0,"enemies":"Jaw Worm","floor":4.0,"turns":3.0},{"damage":18.0,"enemies":"3 Louse","floor":8.0,"turns":3.0},{"damage":6.0,"enemies":"Large Slime","floor":10.0,"turns":5.0},{"damage":9.0,"enemies":"Lagavulin","floor":11.0,"turns":6.0},{"damage":9.0,"enemies":"Looter","floor":14.0,"turns":3.0},{"damage":39.0,"enemies":"Hexaghost","floor":16.0,"turns":14.0},{"damage":28.0,"enemies":"2 Thieves","floor":18.0,"turns":4.0},{"damage":18.0,"enemies":"3 Byrds","floor":20.0,"turns":6.0},{"damage":25.0,"enemies":"Snecko","floor":24.0,"turns":6.0},{"damage":24.0,"enemies":"Cultist and Chosen","floor":25.0,"turns":6.0},{"damage":34.0,"enemies":"Gremlin Leader","floor":29.0,"turns":9.0},{"damage":12.0,"enemies":"Snake Plant","floor":31.0,"turns":5.0},{"damage":25.0,"enemies":"Collector","floor":33.0,"turns":15.0},{"damage":33,"enemies":"Orb Walker","floor":35,"turns":5},{"damage":42,"enemies":"3 Darklings","floor":36,"turns":3}],"seed_played":"-8720529644446774700","potions_obtained":[{"floor":1.0,"key":"Fire Potion"},{"floor":8.0,"key":"Swift Potion"},{"floor":10.0,"key":"Block Potion"},{"floor":16.0,"key":"Regen Potion"},{"floor":20.0,"key":"Dexterity Potion"},{"floor":25.0,"key":"LiquidBronze"}],"is_trial":false,"path_per_floor":["M","?","M","M","?","R","T","M","T","M","E","R","$","M","R","B",null,"M","$","M","?","?","R","M","M","T","R","?","E","$","M","R","B",null,"M","M"],"character_chosen":"DEFECT","items_purchased":["Gash","Leap","Apotheosis"],"campfire_rested":4,"item_purchase_floors":[13,13,19],"current_hp_per_floor":[69,75,66,64,64,64,64,46,46,40,31,68,68,59,59,20,75,47,47,29,29,29,66,41,17,17,54,54,35,35,23,60,35,75,42,0],"gold":305,"neow_bonus":"RANDOM_COMMON_RELIC","is_prod":false,"is_daily":false,"chose_seed":false,"campfire_upgraded":2,"win_rate":0,"timestamp":1554609082,"path_taken":["M","?","?","M","?","R","?","M","T","M","E","R","$","M","R","BOSS","M","$","M","?","?","R","M","M","T","R","?","E","$","M","R","BOSS","M","M"],"build_version":"2019-01-23","purchased_purges":0,"victory":false,"max_hp_per_floor":[75,75,75,75,75,75,75,75,75,75,75,75,75,75,75,75,75,75,75,75,75,75,75,75,75,75,75,75,75,75,75,75,75,75,75,75],"card_choices":[{"not_picked":["Chill","Compile Driver"],"picked":"Go for the Eyes","floor":1.0},{"not_picked":["Heatsinks","Barrage"],"picked":"Cold Snap","floor":3.0},{"not_picked":["Rebound","Beam Cell"],"picked":"Go for the Eyes","floor":4.0},{"not_picked":["Barrage","Rebound"],"picked":"Redo","floor":8.0},{"not_picked":["Reprogram","Aggregate"],"picked":"Loop","floor":10.0},{"not_picked":["Stack","Beam Cell"],"picked":"Amplify","floor":11.0},{"not_picked":["Sweeping Beam","Compile Driver"],"picked":"Capacitor","floor":14.0},{"not_picked":["Creative AI","Buffer"],"picked":"Rainbow","floor":16.0},{"not_picked":["Darkness","Hologram","Coolheaded"],"picked":"SKIP","floor":18.0},{"not_picked":["Rebound+1","Redo","Coolheaded"],"picked":"SKIP","floor":20.0},{"not_picked":["Genetic Algorithm","Coolheaded","Sweeping Beam+1"],"picked":"SKIP","floor":24.0},{"not_picked":["Leap","Barrage"],"picked":"Defragment","floor":25.0},{"not_picked":["Force Field","Compile Driver"],"picked":"Conserve Battery","floor":29.0},{"not_picked":["Leap","Stack","Hyperbeam"],"picked":"SKIP","floor":31.0},{"not_picked":["Meteor Strike","Hyperbeam"],"picked":"Machine Learning","floor":33.0},{"not_picked":["Coolheaded","Conserve Battery"],"picked":"Storm+1","floor":35}],"player_experience":214770,"relics_obtained":[{"floor":9.0,"key":"Art of War"},{"floor":11.0,"key":"Potion Belt"},{"floor":26.0,"key":"Omamori"},{"floor":29.0,"key":"Kunai"}],"event_choices":[{"damage_healed":6.0,"max_hp_gain":0.0,"max_hp_loss":0.0,"gold_gain":0.0,"event_name":"Wheel of Change","player_choice":"Full Heal","floor":2.0,"gold_loss":0.0,"damage_taken":0.0},{"cards_removed":["Strike_B"],"damage_healed":0.0,"max_hp_gain":0.0,"max_hp_loss":0.0,"gold_gain":0.0,"event_name":"The Cleric","player_choice":"Card Removal","floor":5.0,"gold_loss":50.0,"damage_taken":0.0},{"damage_healed":0.0,"max_hp_gain":0.0,"max_hp_loss":0.0,"gold_gain":0.0,"event_name":"The Mausoleum","player_choice":"Opened","floor":21.0,"gold_loss":0.0,"damage_taken":0.0,"relics_obtained":["Pen Nib"]},{"cards_removed":["Defend_B"],"damage_healed":0.0,"max_hp_gain":0.0,"max_hp_loss":0.0,"gold_gain":0.0,"event_name":"Back to Basics","player_choice":"Elegance","floor":22.0,"gold_loss":0.0,"damage_taken":0.0},{"damage_healed":0.0,"max_hp_gain":0.0,"max_hp_loss":0.0,"gold_gain":0.0,"event_name":"Drug Dealer","player_choice":"Inject Mutagens","floor":28.0,"gold_loss":0.0,"damage_taken":0.0,"relics_obtained":["MutagenicStrength"]}],"is_beta":false,"boss_relics":[{"not_picked":["Philosopher\u0027s Stone","Empty Cage"],"picked":"Astrolabe"},{"not_picked":["Lizard Tail","Fusion Hammer"],"picked":"Runic Pyramid"}],"items_purged_floors":[],"is_endless":false,"potions_floor_spawned":[1,8,10,16,20,25],"killed_by":"3 Darklings","ascension_level":2}