{"gold_per_floor":[119,44,44,44,60,60,77,39,39,65,65,83,100,113,113,113],"floor_reached":16,"playtime":620,"items_purged":["Strike_G"],"score":102,"play_id":"5582c4ac-f2c6-4d9c-9be3-743692e7d85c","local_time":"20190405201140","is_ascension_mode":false,"campfire_choices":[{"data":"Survivor","floor":6,"key":"SMITH"},{"floor":15,"key":"REST"}],"neow_cost":"NONE","seed_source_timestamp":29584477305104,"circlet_count":0,"master_deck":["Defend_G","Defend_G","Defend_G","Defend_G","Defend_G","Strike_G","Strike_G","Strike_G","Strike_G","Survivor+1","Neutralize","Infinite Blades+1","Crippling Poison","Blur","Endless Agony","Blade Dance"],"relics":["Runic Pyramid","Happy Flower","Potion Belt"],"potions_floor_usage":[13],"damage_taken":[{"damage":0,"enemies":"Cultist","floor":1,"turns":4},{"damage":3,"enemies":"Jaw Worm","floor":5,"turns":4},{"damage":0,"enemies":"Small Slimes","floor":7,"turns":3},{"damage":21,"enemies":"Lagavulin","floor":10,"turns":8},{"damage":8,"enemies":"Exordium Wildlife","floor":12,"turns":5},{"damage":7,"enemies":"Gremlin Gang","floor":13,"turns":3},{"damage":1,"enemies":"Blue Slaver","floor":14,"turns":4},{"damage":52,"enemies":"The Guardian","floor":16,"turns":9}],"seed_played":"5511067641529818705","potions_obtained":[{"floor":1,"key":"Poison Potion"},{"floor":7,"key":"SneckoOil"},{"floor":13,"key":"Energy Potion"}],"is_trial":false,"path_per_floor":["M","$","?","?","M","R","M","$","T","E","$","M","M","M","R","B"],"character_chosen":"THE_SILENT","items_purchased":["Crippling Poison"],"campfire_rested":1,"item_purchase_floors":[8],"current_hp_per_floor":[70,70,70,70,67,67,67,67,67,46,46,38,31,30,51,0],"gold":113,"neow_bonus":"BOSS_RELIC","is_prod":false,"is_daily":false,"chose_seed":false,"campfire_upgraded":1,"win_rate":0,"timestamp":1554509500,"path_taken":["M","$","?","?","M","R","M","?","T","E","$","M","M","?","R","BOSS"],"build_version":"2019-01-23","purchased_purges":1,"victory":false,"max_hp_per_floor":[70,70,70,70,70,70,70,70,70,70,70,70,70,70,70,70],"card_choices":[{"not_picked":["Accuracy","Cloak And Dagger"],"picked":"Infinite Blades","floor":1},{"not_picked":["Leg Sweep","Dagger Spray","Prepared"],"picked":"SKIP","floor":5},{"not_picked":["PiercingWail","Poisoned Stab","Well Laid Plans"],"picked":"SKIP","floor":7},{"not_picked":["Tools of the Trade","Dagger Spray"],"picked":"Blur","floor":10},{"not_picked":["Sucker Punch","Caltrops"],"picked":"Endless Agony","floor":12},{"not_picked":["Prepared","PiercingWail","Backflip"],"picked":"SKIP","floor":13},{"not_picked":["Dagger Throw","Dodge and Roll"],"picked":"Blade Dance","floor":14}],"player_experience":452327,"relics_obtained":[{"floor":9,"key":"Happy Flower"},{"floor":10,"key":"Potion Belt"}],"event_choices":[{"damage_healed":0,"gold_gain":0,"player_choice":"Leave","damage_taken":0,"max_hp_gain":0,"max_hp_loss":0,"event_name":"The Cleric","floor":3,"gold_loss":0},{"damage_healed":0,"gold_gain":0,"player_choice":"Grow","damage_taken":0,"max_hp_gain":0,"max_hp_loss":0,"event_name":"Living Wall","floor":4,"gold_loss":0,"cards_upgraded":["Infinite Blades"]}],"is_beta":false,"boss_relics":[],"items_purged_floors":[2],"is_endless":false,"potions_floor_spawned":[1,7,13],"killed_by":"The Guardian","ascension_level":0}