{"gold_per_floor":[110,110,120,120,120,120,140,140,140,65,65,83,83,99,99,99],"floor_reached":16,"playtime":456,"items_purged":["Defend_R"],"score":90,"play_id":"b17fefc1-91a0-4c3a-b22a-5e3b66d3d6af","local_time":"20180715132632","is_ascension_mode":false,"campfire_choices":[{"data":"Strike_R","floor":6,"key":"SMITH"},{"floor":8,"key":"REST"},{"floor":13,"key":"REST"},{"floor":15,"key":"REST"}],"neow_cost":"NONE","seed_source_timestamp":98334166666016,"circlet_count":0,"master_deck":["Strike_R","Strike_R","Strike_R","Strike_R","Strike_R+1","Defend_R+1","Defend_R+1","Defend_R+1","Bash"],"relics":["Burning Blood","Oddly Smooth Stone","GremlinMask","Mummified Hand","War Paint"],"potions_floor_usage":[],"damage_taken":[{"damage":11,"enemies":"Small Slimes","floor":1,"turns":5},{"damage":0,"enemies":"Cultist","floor":3,"turns":5},{"damage":3,"enemies":"2 Louse","floor":7,"turns":2},{"damage":68,"enemies":"Gremlin Gang","floor":12,"turns":6},{"damage":18,"enemies":"3 Louse","floor":14,"turns":4},{"damage":54,"enemies":"Hexaghost","floor":16,"turns":8}],"seed_played":"-6293140566170130169","potions_obtained":[{"floor":1,"key":"BloodPotion"},{"floor":12,"key":"BloodPotion"}],"is_trial":false,"path_per_floor":["M","?","M","?","?","R","M","R","T","$","?","M","R","M","R"],"character_chosen":"IRONCLAD","items_purchased":[],"campfire_rested":3,"item_purchase_floors":[],"current_hp_per_floor":[75,59,65,65,65,65,68,80,80,80,77,15,39,27,51,0],"gold":99,"neow_bonus":"RANDOM_COMMON_RELIC","is_prod":false,"is_daily":false,"chose_seed":false,"campfire_upgraded":1,"win_rate":0.0,"timestamp":1531675592,"path_taken":["M","?","M","?","?","R","?","R","T","$","?","M","R","M","R","BOSS"],"build_version":"2018-07-12","purchased_purges":1,"victory":false,"max_hp_per_floor":[80,80,80,80,80,80,80,80,80,80,80,80,80,80,80,80],"card_choices":[{"not_picked":["Second Wind","Fire Breathing","Anger"],"picked":"SKIP","floor":1},{"not_picked":["Clothesline","Shockwave","Burning Pact"],"picked":"SKIP","floor":3},{"not_picked":["Entrench","Flex","Anger"],"picked":"SKIP","floor":7},{"not_picked":["Rupture","Havoc","Bloodletting"],"picked":"SKIP","floor":12},{"not_picked":["Heavy Blade","Clothesline","Spot Weakness"],"picked":"SKIP","floor":14}],"player_experience":251982,"relics_obtained":[{"floor":9,"key":"Mummified Hand"}],"event_choices":[{"event_name":"Shining Light","player_choice":"Entered Light","floor":2,"damage_taken":0},{"event_name":"FaceTrader","player_choice":"Trade","floor":4,"damage_taken":0},{"event_name":"Accursed Blacksmith","player_choice":"Ignore","floor":5,"damage_taken":0},{"event_name":"Scrap Ooze","player_choice":"success","floor":11,"damage_taken":3}],"boss_relics":[],"items_purged_floors":[10],"is_endless":false,"potions_floor_spawned":[1,12],"killed_by":"Hexaghost","ascension_level":0}