{"gold_per_floor":[117,117,131,141,156,156,81,81,107,137,157,157,157,182,182,287,287,302,302,316,316,192,192,67,82,160,160],"floor_reached":27,"playtime":771,"items_purged":["Bash","Bash","Limit Break"],"score":236,"play_id":"3e2bc57d-fbe2-41f7-983a-41415aab6786","local_time":"20180712200129","is_ascension_mode":false,"campfire_choices":[{"data":"Perfected Strike","floor":6,"key":"SMITH"},{"data":"Perfected Strike","floor":8,"key":"SMITH"},{"data":"Pommel Strike","floor":13,"key":"SMITH"},{"floor":15,"key":"REST"},{"floor":23,"key":"REST"}],"neow_cost":"NONE","seed_source_timestamp":128540387368952,"circlet_count":0,"master_deck":["Defend_R","Defend_R","Defend_R","Defend_R","Pommel Strike+1","Perfected Strike+1","Perfected Strike+1","Bite","Bite","Bite","Bite","Bite","Havoc+1","Wild Strike"],"relics":["Burning Blood","Strawberry","Happy Flower","Pear","Odd Mushroom","Snecko Eye","Gremlin Horn"],"potions_floor_usage":[14,16],"damage_taken":[{"damage":4,"enemies":"Small Slimes","floor":1,"turns":5},{"damage":10,"enemies":"Cultist","floor":3,"turns":4},{"damage":6,"enemies":"Jaw Worm","floor":4,"turns":3},{"damage":0,"enemies":"Large Slime","floor":5,"turns":5},{"damage":31,"enemies":"Lagavulin","floor":10,"turns":5},{"damage":7,"enemies":"3 Louse","floor":11,"turns":3},{"damage":6,"floor":14,"turns":4},{"damage":7,"enemies":"Slime Boss","floor":16,"turns":7},{"damage":0,"enemies":"Spheric Guardian","floor":18,"turns":1},{"damage":41,"enemies":"2 Thieves","floor":20,"turns":4},{"damage":39,"enemies":"Snake Plant","floor":25,"turns":4},{"damage":35,"enemies":"Gremlin Leader","floor":27,"turns":2}],"seed_played":"6793378038507641343","potions_obtained":[{"floor":1,"key":"Fire Potion"},{"floor":3,"key":"Explosive Potion"},{"floor":10,"key":"LiquidBronze"},{"floor":14,"key":"Explosive Potion"},{"floor":18,"key":"EssenceOfSteel"}],"is_trial":false,"path_per_floor":["M","?","M","M","M","R","$","R","T","E","M","T","R","?","R","B",null,"M","?","M","?","$","R","$","M","T"],"character_chosen":"IRONCLAD","items_purchased":["Wild Strike"],"campfire_rested":2,"item_purchase_floors":[22],"current_hp_per_floor":[80,80,76,76,80,80,80,80,87,62,61,71,71,71,97,96,97,97,67,40,28,28,49,49,24,24,0],"gold":160,"neow_bonus":"ONE_RANDOM_RARE_CARD","is_prod":false,"is_daily":false,"chose_seed":false,"campfire_upgraded":3,"win_rate":0.0,"timestamp":1531440089,"path_taken":["M","?","M","M","M","R","$","R","T","E","M","?","R","?","R","BOSS","M","?","M","?","$","R","?","?","T","E"],"build_version":"2018-07-05","purchased_purges":3,"victory":false,"max_hp_per_floor":[80,80,80,80,80,80,80,80,87,87,87,97,97,97,97,97,97,97,67,67,72,72,72,72,72,72,72],"card_choices":[{"not_picked":["Sever Soul","Twin Strike","Second Wind"],"picked":"SKIP","floor":1},{"not_picked":["Warcry","Dual Wield","Shrug It Off"],"picked":"SKIP","floor":3},{"not_picked":["Second Wind","Twin Strike"],"picked":"Perfected Strike","floor":4},{"not_picked":["Pommel Strike","Iron Wave"],"picked":"Perfected Strike","floor":5},{"not_picked":["Anger","Dropkick","Battle Trance"],"picked":"SKIP","floor":10},{"not_picked":["Body Slam","Evolve","Armaments"],"picked":"SKIP","floor":11},{"not_picked":["Sword Boomerang","Twin Strike+1","Thunderclap"],"picked":"SKIP","floor":18},{"not_picked":["Twin Strike+1","Anger+1"],"picked":"Havoc+1","floor":20},{"not_picked":["Twin Strike+1","Cleave","Heavy Blade"],"picked":"SKIP","floor":25}],"player_experience":222955,"relics_obtained":[{"floor":9,"key":"Strawberry"},{"floor":10,"key":"Happy Flower"},{"floor":12,"key":"Pear"},{"floor":14,"key":"Odd Mushroom"},{"floor":26,"key":"Gremlin Horn"}],"event_choices":[{"event_name":"Match and Keep!","player_choice":"2 cards matched","floor":2,"damage_taken":0},{"event_name":"Mushrooms","player_choice":"Fought Mushrooms","floor":14,"damage_taken":0},{"event_name":"Vampires","player_choice":"Became a vampire","floor":19,"damage_taken":0},{"event_name":"Forgotten Altar","player_choice":"Shed Blood","floor":21,"damage_taken":0}],"boss_relics":[{"not_picked":["Calling Bell","Eternal Feather"],"picked":"Snecko Eye"}],"items_purged_floors":[7,22,24],"is_endless":false,"potions_floor_spawned":[1,3,10,14,18],"killed_by":"Gremlin Leader","ascension_level":0}