{"gold_per_floor":[111,74,92,111,131,166,179,179,179,190,190,220,92,103,103,208,208,223,78,92,92,107,107,107],"floor_reached":24,"playtime":1100,"items_purged":["Strike_G","Defend_G"],"score":221,"play_id":"64cdd2ee-dd2d-4dc3-a697-3d34b4209779","local_time":"20190211111942","is_ascension_mode":true,"campfire_choices":[{"floor":8,"key":"REST"},{"floor":11,"key":"REST"},{"floor":15,"key":"REST"},{"floor":23,"key":"REST"}],"neow_cost":"TEN_PERCENT_HP_LOSS","seed_source_timestamp":96012658548537,"circlet_count":0,"master_deck":["Defend_G","Defend_G","Defend_G","Survivor","Neutralize","Reflex","Unload","Noxious Fumes","Bouncing Flask","Blur","Dash","Glass Knife","Dagger Spray","Catalyst","Poisoned Stab"],"relics":["Ring of the Snake","Shuriken","Dodecahedron","Happy Flower","Empty Cage"],"potions_floor_usage":[6,22,22,22],"damage_taken":[{"damage":3,"enemies":"Jaw Worm","floor":1,"turns":3},{"damage":0,"enemies":"Cultist","floor":3,"turns":4},{"damage":5,"enemies":"2 Louse","floor":4,"turns":2},{"damage":10,"enemies":"2 Fungi Beasts","floor":5,"turns":3},{"damage":44,"enemies":"Gremlin Nob","floor":6,"turns":5},{"damage":4,"enemies":"Exordium Wildlife","floor":7,"turns":3},{"damage":4,"enemies":"3 Louse","floor":10,"turns":4},{"damage":17,"enemies":"3 Sentries","floor":12,"turns":8},{"damage":1,"enemies":"Blue Slaver","floor":14,"turns":3},{"damage":21,"enemies":"Slime Boss","floor":16,"turns":9},{"damage":27,"enemies":"Spheric Guardian","floor":18,"turns":8},{"damage":17,"enemies":"Shell Parasite","floor":20,"turns":4},{"damage":3,"enemies":"Snecko","floor":22,"turns":4},{"damage":51,"enemies":"Slavers","floor":24,"turns":3}],"seed_played":"-3459501212234912829","potions_obtained":[{"floor":1,"key":"Strength Potion"},{"floor":3,"key":"FearPotion"},{"floor":5,"key":"Regen Potion"},{"floor":7,"key":"Regen Potion"}],"is_trial":false,"path_per_floor":["M","$","M","M","M","E","M","R","T","M","R","E","$","M","R","B",null,"M","$","M","?","M","R","E"],"character_chosen":"THE_SILENT","items_purchased":["Noxious Fumes","Dagger Spray","Poisoned Stab"],"campfire_rested":4,"item_purchase_floors":[2,13,19],"current_hp_per_floor":[60,60,60,55,45,16,12,30,30,26,44,27,27,26,44,23,63,36,36,19,19,30,48,0],"gold":107,"neow_bonus":"TRANSFORM_TWO_CARDS","is_prod":false,"is_daily":false,"chose_seed":false,"campfire_upgraded":0,"win_rate":0,"timestamp":1549901982,"path_taken":["M","$","M","M","M","E","M","R","T","M","R","E","$","M","R","BOSS","M","$","M","?","?","R","E"],"build_version":"2019-01-23","purchased_purges":2,"victory":false,"max_hp_per_floor":[63,63,63,63,63,63,63,63,63,63,63,63,63,63,63,63,63,63,63,63,63,63,63,63],"card_choices":[{"not_picked":["Setup","Deflect","Concentrate"],"picked":"SKIP","floor":1},{"not_picked":["Backflip","Slice","Reflex"],"picked":"SKIP","floor":3},{"not_picked":["Catalyst","Flying Knee"],"picked":"Bouncing Flask","floor":4},{"not_picked":["Dagger Spray","Outmaneuver"],"picked":"Blur","floor":5},{"not_picked":["Distraction","Accuracy"],"picked":"Dash","floor":6},{"not_picked":["Backflip","Riddle With Holes","Well Laid Plans"],"picked":"SKIP","floor":7},{"not_picked":["PiercingWail","Accuracy"],"picked":"Glass Knife","floor":10},{"not_picked":["Outmaneuver","Flying Knee","Caltrops"],"picked":"SKIP","floor":12},{"not_picked":["Dodge and Roll","Eviscerate"],"picked":"Catalyst","floor":14},{"not_picked":["Flying Knee","Slice","Acrobatics"],"picked":"SKIP","floor":18},{"not_picked":["Distraction+1","Endless Agony","Catalyst"],"picked":"SKIP","floor":20},{"not_picked":["Bane","Prepared","PiercingWail"],"picked":"SKIP","floor":22}],"player_experience":383514,"relics_obtained":[{"floor":6,"key":"Shuriken"},{"floor":9,"key":"Dodecahedron"},{"floor":12,"key":"Happy Flower"}],"event_choices":[{"cards_removed":["Defend_G"],"damage_healed":0,"gold_gain":0,"player_choice":"Purged","damage_taken":0,"max_hp_gain":0,"max_hp_loss":0,"event_name":"Purifier","floor":21,"gold_loss":0}],"is_beta":false,"boss_relics":[{"not_picked":["Black Star","Coffee Dripper"],"picked":"Empty Cage"}],"items_purged_floors":[13,19],"is_endless":false,"potions_floor_spawned":[1,3,5,7,16,18],"killed_by":"Slavers","ascension_level":1}