{"gold_per_floor":[113,133,143,154,254,254,280,298,323,342,362,362,377,396,396,492,492,510,327,343,353,353],"floor_reached":22,"playtime":1444,"items_purged":["Defend_G"],"score":194,"play_id":"df83976b-820a-49d3-a20e-3dbc0fb893ba","local_time":"20190210112300","is_ascension_mode":false,"campfire_choices":[{"floor":6,"key":"REST"},{"floor":12,"key":"REST"},{"floor":15,"key":"REST"}],"neow_cost":"NONE","seed_source_timestamp":9468443677663,"circlet_count":0,"master_deck":["Defend_G","Defend_G","Defend_G","Defend_G","Strike_G","Strike_G","Strike_G","Strike_G","Strike_G","Survivor","Neutralize","Acrobatics","Infinite Blades","Glass Knife","Noxious Fumes","All Out Attack"],"relics":["Busted Crown","Pen Nib","Oddly Smooth Stone","WristBlade"],"potions_floor_usage":[13,16,16,21],"damage_taken":[{"damage":0,"enemies":"Jaw Worm","floor":1,"turns":4},{"damage":1,"enemies":"Cultist","floor":2,"turns":4},{"damage":0,"enemies":"Small Slimes","floor":3,"turns":3},{"damage":19,"enemies":"Exordium Thugs","floor":4,"turns":7},{"damage":18,"enemies":"Lagavulin","floor":7,"turns":9},{"damage":13,"enemies":"3 Louse","floor":8,"turns":3},{"damage":0,"enemies":"2 Fungi Beasts","floor":10,"turns":3},{"damage":0,"enemies":"Lots of Slimes","floor":11,"turns":5},{"damage":10,"enemies":"Looter","floor":13,"turns":3},{"damage":11,"enemies":"Exordium Wildlife","floor":14,"turns":5},{"damage":55,"enemies":"The Guardian","floor":16,"turns":17},{"damage":20,"enemies":"Spheric Guardian","floor":18,"turns":4},{"damage":10,"enemies":"3 Byrds","floor":20,"turns":4},{"damage":18,"enemies":"Centurion and Healer","floor":21,"turns":7},{"damage":24,"enemies":"Sentry and Sphere","floor":22,"turns":3}],"seed_played":"-7963785029798616894","potions_obtained":[{"floor":3,"key":"Energy Potion"},{"floor":4,"key":"Energy Potion"},{"floor":8,"key":"Swift Potion"},{"floor":13,"key":"Weak Potion"},{"floor":18,"key":"Fire Potion"}],"is_trial":false,"path_per_floor":["M","M","M","M","?","R","E","M","T","M","M","R","M","M","R","B",null,"M","$","M","M","M"],"character_chosen":"THE_SILENT","items_purchased":["Noxious Fumes","All Out Attack"],"campfire_rested":3,"item_purchase_floors":[19,19],"current_hp_per_floor":[70,69,69,50,50,70,52,39,39,39,39,60,50,39,60,5,70,50,50,40,22,0],"gold":353,"neow_bonus":"BOSS_RELIC","is_prod":false,"is_daily":false,"chose_seed":false,"campfire_upgraded":0,"win_rate":0,"timestamp":1549815780,"path_taken":["M","M","M","M","?","R","E","M","T","M","M","R","?","M","R","BOSS","M","$","M","M","M"],"build_version":"2019-01-23","purchased_purges":1,"victory":false,"max_hp_per_floor":[70,70,70,70,70,70,70,70,70,70,70,70,70,70,70,70,70,70,70,70,70,70],"card_choices":[{"not_picked":[],"picked":"Acrobatics","floor":1},{"not_picked":["Slice"],"picked":"SKIP","floor":2},{"not_picked":[],"picked":"Infinite Blades","floor":3},{"not_picked":["Deflect"],"picked":"SKIP","floor":4},{"not_picked":["Slice"],"picked":"SKIP","floor":7},{"not_picked":["Sucker Punch"],"picked":"SKIP","floor":8},{"not_picked":["Acrobatics"],"picked":"SKIP","floor":10},{"not_picked":["Dagger Throw"],"picked":"SKIP","floor":11},{"not_picked":["Flying Knee"],"picked":"SKIP","floor":13},{"not_picked":["Underhanded Strike"],"picked":"SKIP","floor":14},{"not_picked":[],"picked":"Glass Knife","floor":16},{"not_picked":["Acrobatics"],"picked":"SKIP","floor":18},{"not_picked":["Dash+1"],"picked":"SKIP","floor":20},{"not_picked":["Poisoned Stab+1"],"picked":"SKIP","floor":21}],"player_experience":374308,"relics_obtained":[{"floor":7,"key":"Pen Nib"},{"floor":9,"key":"Oddly Smooth Stone"}],"event_choices":[{"damage_healed":0,"gold_gain":100,"player_choice":"Pray","damage_taken":0,"max_hp_gain":0,"max_hp_loss":0,"event_name":"Golden Shrine","floor":5,"gold_loss":0}],"is_beta":false,"boss_relics":[{"not_picked":["Runic Dome","White Beast Statue"],"picked":"WristBlade"}],"items_purged_floors":[19],"is_endless":false,"potions_floor_spawned":[3,4,8,11,13,18],"killed_by":"Sentry and Sphere","ascension_level":0}