{"path_per_floor":["M","M","$","?","M","R","M","M","T","M","M","R","M"],"character_chosen":"THE_SILENT","items_purchased":["Infinite Blades","Underhanded Strike"],"gold_per_floor":[111,126,38,117,133,133,145,162,162,174,192,192,205,205],"floor_reached":14,"campfire_rested":2,"playtime":2402,"item_purchase_floors":[3,3],"current_hp_per_floor":[66,65,65,65,51,70,60,31,31,12,9,30,19,0],"items_purged":[],"gold":205,"score":86,"play_id":"b4d70225-81f2-42a0-aae2-ff0896fc80aa","local_time":"20180614235059","is_prod":false,"is_daily":false,"chose_seed":false,"is_ascension_mode":false,"campfire_upgraded":0,"win_rate":0.0,"timestamp":1529034659,"campfire_choices":[{"floor":6,"key":"REST"},{"floor":12,"key":"REST"}],"path_taken":["M","M","?","?","M","R","M","M","T","M","M","R","M","M"],"build_version":"2018-06-14","seed_source_timestamp":143111659230650,"purchased_purges":0,"victory":false,"master_deck":["Defend_G","Defend_G","Defend_G","Defend_G","Defend_G","Strike_G","Strike_G","Strike_G","Strike_G","Strike_G","Survivor","Neutralize","Choke","Deadly Poison","Infinite Blades","Underhanded Strike","Caltrops","Dagger Throw","Night Terror","Calculated Gamble+1","Leg Sweep+1","Underhanded Strike"],"max_hp_per_floor":[70,70,70,70,70,70,70,70,70,70,70,70,70,70],"relics":["Ring of the Snake","Toxic Egg 2"],"card_choices":[{"not_picked":["Quick Slash","Catalyst"],"picked":"Choke","floor":1},{"not_picked":["Backflip","Sucker Punch"],"picked":"Deadly Poison","floor":2},{"not_picked":["Sucker Punch","Dash"],"picked":"Caltrops","floor":5},{"not_picked":["Acrobatics","Slice"],"picked":"Dagger Throw","floor":7},{"not_picked":["Eviscerate","Calculated Gamble"],"picked":"Night Terror","floor":8},{"not_picked":["Bane","Escape Plan+1"],"picked":"Calculated Gamble+1","floor":10},{"not_picked":["Acrobatics+1","Calculated Gamble+1"],"picked":"Leg Sweep+1","floor":11},{"not_picked":["Prepared+1","Dodge and Roll+1"],"picked":"Underhanded Strike","floor":13}],"player_experience":34128,"potions_floor_usage":[11,11,11],"damage_taken":[{"damage":4,"enemies":"Cultist","floor":1,"turns":6},{"damage":1,"enemies":"2 Louse","floor":2,"turns":2},{"damage":14,"enemies":"Jaw Worm","floor":5,"turns":4},{"damage":10,"enemies":"3 Louse","floor":7,"turns":4},{"damage":29,"enemies":"Large Slime","floor":8,"turns":6},{"damage":19,"enemies":"Blue Slaver","floor":10,"turns":4},{"damage":3,"enemies":"Red Slaver","floor":11,"turns":3},{"damage":11,"enemies":"3 Louse","floor":13,"turns":4},{"damage":21,"enemies":"Exordium Wildlife","floor":14,"turns":3}],"relics_obtained":[{"floor":9,"key":"Toxic Egg 2"}],"event_choices":[{"event_name":"Golden Wing","player_choice":"Gained Gold","floor":4,"damage_taken":0}],"boss_relics":[],"items_purged_floors":[],"is_endless":false,"potions_floor_spawned":[1,2,7],"seed_played":"6554205126824051535","killed_by":"Exordium Wildlife","ascension_level":0,"potions_obtained":[{"floor":1,"key":"Energy Potion"},{"floor":2,"key":"SteroidPotion"},{"floor":7,"key":"EssenceOfSteel"}],"is_trial":false}