{"gold_per_floor":[113,128,128,19,39,39,56,56,56,90,90,106,106,136,136,209,209,219,230,1,20,30,30,42,71,71,71,88,88,88,88,88,160,160,174,174,186,200,219,219,231,231,256,256,3,3,13,26,26,26],"floor_reached":51,"playtime":3520,"items_purged":[],"score":1353,"play_id":"dd93cad5-b6b4-4794-b26e-3ba50624c0d3","local_time":"20190417220623","is_ascension_mode":true,"campfire_choices":[{"data":"Zap","floor":6.0,"key":"SMITH"},{"data":"Self Repair","floor":8.0,"key":"SMITH"},{"data":"Genetic Algorithm","floor":11.0,"key":"SMITH"},{"floor":13.0,"key":"REST"},{"data":"Loop","floor":15.0,"key":"SMITH"},{"data":"Defragment","floor":23.0,"key":"SMITH"},{"data":"Go for the Eyes","floor":27.0,"key":"SMITH"},{"data":"Seek","floor":29.0,"key":"SMITH"},{"data":"Amplify","floor":32.0,"key":"SMITH"},{"data":"Consume","floor":40.0,"key":"SMITH"},{"data":"Recycle","floor":44.0,"key":"SMITH"},{"data":"Reinforced Body","floor":46.0,"key":"SMITH"},{"data":"Machine Learning","floor":49,"key":"SMITH"}],"neow_cost":"TEN_PERCENT_HP_LOSS","seed_source_timestamp":0,"circlet_count":0,"master_deck":["AscendersBane","Strike_B+1","Strike_B+1","Strike_B+1","Defend_B+1","Defend_B+1","Defend_B+1","Defend_B+1","Zap+1","Dualcast+1","Genetic Algorithm+1","Chill+1","Self Repair+1","Hologram","BootSequence","Sweeping Beam","Capacitor","Seek+1","Loop+1","Amplify+1","Steam+1","Defragment+1","Reinforced Body+1","Cold Snap","Go for the Eyes+1","Loop+1","Redo+1","Machine Learning+1","Hologram","Consume+1","Force Field+1","Recycle+1","Electrodynamics"],"special_seed":0,"relics":["Cracked Core","StoneCalendar","Mummified Hand","Cables","Gremlin Horn","Coffee Dripper","Anchor","Pear","Eternal Feather","Ancient Tea Set","War Paint"],"potions_floor_usage":[],"damage_taken":[{"damage":12.0,"enemies":"Jaw Worm","floor":1.0,"turns":3.0},{"damage":0.0,"enemies":"Cultist","floor":2.0,"turns":3.0},{"damage":4.0,"enemies":"2 Louse","floor":5.0,"turns":4.0},{"damage":3.0,"enemies":"Blue Slaver","floor":7.0,"turns":3.0},{"damage":21.0,"enemies":"Lagavulin","floor":10.0,"turns":7.0},{"damage":11.0,"enemies":"Gremlin Gang","floor":12.0,"turns":4.0},{"damage":32.0,"enemies":"Gremlin Nob","floor":14.0,"turns":4.0},{"damage":30.0,"enemies":"The Guardian","floor":16.0,"turns":11.0},{"damage":46.0,"enemies":"Chosen","floor":18.0,"turns":7.0},{"damage":14.0,"enemies":"Shell Parasite","floor":19.0,"turns":7.0},{"damage":21.0,"enemies":"Snecko","floor":21.0,"turns":7.0},{"damage":11.0,"enemies":"Centurion and Healer","floor":22.0,"turns":12.0},{"damage":2.0,"enemies":"Snake Plant","floor":24.0,"turns":7.0},{"damage":21.0,"enemies":"Book of Stabbing","floor":25.0,"turns":7.0},{"damage":17.0,"enemies":"3 Cultists","floor":28.0,"turns":6.0},{"damage":0.0,"enemies":"Colosseum Slavers","floor":31.0,"turns":7.0},{"damage":52.0,"enemies":"Automaton","floor":33.0,"turns":11.0},{"damage":0.0,"enemies":"3 Shapes","floor":35.0,"turns":5.0},{"damage":9.0,"enemies":"3 Darklings","floor":37.0,"turns":6.0},{"damage":13.0,"enemies":"Sphere and 2 Shapes","floor":38.0,"turns":11.0},{"damage":21.0,"enemies":"4 Shapes","floor":39.0,"turns":4.0},{"damage":13.0,"enemies":"3 Darklings","floor":41.0,"turns":7.0},{"damage":10,"enemies":"Sphere and 2 Shapes","floor":47,"turns":7},{"damage":0,"enemies":"Transient","floor":48,"turns":6},{"damage":0,"enemies":"Donu and Deca","floor":50,"turns":8}],"seed_played":"3882247265196740885","potions_obtained":[{"floor":1.0,"key":"Regen Potion"},{"floor":2.0,"key":"GamblersBrew"},{"floor":10.0,"key":"Fire Potion"},{"floor":16.0,"key":"FearPotion"},{"floor":22.0,"key":"Swift Potion"},{"floor":24.0,"key":"Regen Potion"},{"floor":28.0,"key":"Explosive Potion"},{"floor":35.0,"key":"Strength Potion"},{"floor":38.0,"key":"Energy Potion"}],"is_trial":false,"path_per_floor":["M","M","?","$","M","R","M","R","T","E","R","M","R","E","R","B",null,"M","M","$","M","M","R","M","E","T","R","M","R","?","?","R","B",null,"M","?","M","M","M","R","M","?","T","R","$","R","M","M","R","B",null],"character_chosen":"DEFECT","items_purchased":["Self Repair","Hologram","Defragment","Reinforced Body","Cold Snap","SpeedPotion","War Paint","Regen Potion"],"campfire_rested":1,"item_purchase_floors":[4,4,20,20,20,20,45,45],"current_hp_per_floor":[52,52,52,52,55,55,59,59,59,48,48,47,64,47,47,27,55,29,35,35,24,33,33,51,64,74,74,67,67,67,74,74,32,64,74,74,74,74,63,74,71,70,70,70,70,70,70,70,70,70],"gold":26,"neow_bonus":"ONE_RARE_RELIC","is_prod":false,"is_daily":false,"chose_seed":false,"campfire_upgraded":12,"win_rate":0,"timestamp":1555506383,"path_taken":["M","M","?","$","?","R","M","R","T","E","R","M","R","E","R","BOSS","M","M","$","M","M","R","M","E","T","R","M","R","?","?","R","BOSS","M","?","?","M","M","R","?","?","T","R","$","R","M","M","R","BOSS"],"build_version":"2019-01-23","purchased_purges":0,"victory":true,"max_hp_per_floor":[64,64,64,64,64,64,64,64,64,64,64,64,64,64,64,64,64,64,64,64,64,64,64,64,64,74,74,74,74,74,74,74,74,74,74,74,74,74,74,74,74,70,70,70,70,70,70,70,70,70],"card_choices":[{"not_picked":["Storm","Streamline"],"picked":"Genetic Algorithm","floor":1.0},{"not_picked":["Steam Power","Rip and Tear"],"picked":"Chill","floor":2.0},{"not_picked":["Chaos","Fusion"],"picked":"BootSequence","floor":5.0},{"not_picked":["Rip and Tear","Steam"],"picked":"Sweeping Beam","floor":7.0},{"not_picked":["Sweeping Beam","Stack"],"picked":"Capacitor","floor":10.0},{"not_picked":["Turbo","Hologram"],"picked":"Seek","floor":12.0},{"not_picked":["Gash","All For One"],"picked":"Loop","floor":14.0},{"not_picked":["Machine Learning","Reboot"],"picked":"Amplify","floor":16.0},{"not_picked":["Chill","Barrage"],"picked":"Steam+1","floor":18.0},{"not_picked":["Chill","Turbo+1","Streamline"],"picked":"SKIP","floor":19.0},{"not_picked":["Redo","Barrage"],"picked":"Go for the Eyes","floor":21.0},{"not_picked":["Redo","Barrage","Hyperbeam"],"picked":"SKIP","floor":22.0},{"not_picked":["Conserve Battery","Turbo"],"picked":"Loop+1","floor":24.0},{"not_picked":["Lockon","Cold Snap"],"picked":"Redo+1","floor":25.0},{"not_picked":["Streamline","Rebound","Go for the Eyes"],"picked":"SKIP","floor":28.0},{"not_picked":["Multi-Cast","Core Surge"],"picked":"Machine Learning","floor":33.0},{"not_picked":["Storm","Redo","Rebound"],"picked":"SKIP","floor":35.0},{"not_picked":["Turbo","Cold Snap+1"],"picked":"Hologram","floor":37.0},{"not_picked":["BootSequence","Rebound+1"],"picked":"Consume","floor":38.0},{"not_picked":["Sweeping Beam","Gash"],"picked":"Force Field","floor":39.0},{"not_picked":["Consume+1","Stack"],"picked":"Recycle","floor":41.0},{"not_picked":["Double Energy","Darkness","Gash+1"],"picked":"SKIP","floor":47},{"not_picked":["Streamline+1","Barrage"],"picked":"Electrodynamics","floor":48}],"player_experience":610907,"relics_obtained":[{"floor":9.0,"key":"Mummified Hand"},{"floor":10.0,"key":"Cables"},{"floor":14.0,"key":"Gremlin Horn"},{"floor":25.0,"key":"Anchor"},{"floor":26.0,"key":"Pear"},{"floor":43.0,"key":"Ancient Tea Set"}],"event_choices":[{"damage_healed":0.0,"max_hp_gain":0.0,"max_hp_loss":0.0,"gold_gain":0.0,"event_name":"Upgrade Shrine","player_choice":"Upgraded","floor":3.0,"gold_loss":0.0,"damage_taken":0.0,"cards_upgraded":["Dualcast"]},{"damage_healed":0.0,"max_hp_gain":0.0,"max_hp_loss":0.0,"gold_gain":0.0,"event_name":"Back to Basics","player_choice":"Simplicity","floor":30.0,"gold_loss":0.0,"damage_taken":0.0,"cards_upgraded":["Strike_B","Strike_B","Strike_B","Strike_B","Defend_B","Defend_B","Defend_B","Defend_B"]},{"damage_healed":0.0,"max_hp_gain":0.0,"max_hp_loss":0.0,"gold_gain":0.0,"event_name":"Colosseum","player_choice":"Fight","floor":31.0,"gold_loss":0.0,"damage_taken":0.0},{"damage_healed":0.0,"max_hp_gain":0.0,"max_hp_loss":0.0,"gold_gain":0.0,"event_name":"Colosseum","player_choice":"Fled From Nobs","floor":31.0,"gold_loss":0.0,"damage_taken":0.0},{"cards_removed":["Strike_B"],"damage_healed":0.0,"max_hp_gain":0.0,"max_hp_loss":0.0,"gold_gain":0.0,"event_name":"Purifier","player_choice":"Purged","floor":36.0,"gold_loss":0.0,"damage_taken":0.0},{"damage_healed":0.0,"max_hp_gain":0.0,"max_hp_loss":4.0,"gold_gain":0.0,"event_name":"Winding Halls","player_choice":"Max HP","floor":42.0,"gold_loss":0.0,"damage_taken":0.0}],"is_beta":false,"boss_relics":[{"not_picked":["Runic Pyramid","Runic Dome"],"picked":"Coffee Dripper"},{"not_picked":["Orrery","Black Star"],"picked":"Eternal Feather"}],"items_purged_floors":[],"is_endless":false,"potions_floor_spawned":[1,2,10,16,22,24,28,35,38,47],"ascension_level":19}