{"gold_per_floor":[111,124,10,24,24,57,69,101,168,212,224,264,291,313,325,435,447,476,502,613,540,552,564],"floor_reached":23,"playtime":1134,"items_purged":["Strike_B"],"score":232,"play_id":"b086f26e-8bcd-4247-b7ec-9601e4604154","local_time":"20190402103622","is_ascension_mode":true,"campfire_choices":[{"floor":7,"key":"REST"},{"floor":11,"key":"REST"},{"floor":15,"key":"REST"}],"neow_cost":"NONE","seed_source_timestamp":684316166538105,"circlet_count":0,"master_deck":["Strike_B","Strike_B","Strike_B","Defend_B","Defend_B","Defend_B","Defend_B","Zap+1","Dualcast","Go for the Eyes","Consume","Loop","Reinforced Body","Coolheaded","FTL","Core Surge","Buffer","BootSequence"],"relics":["Cracked Core","MawBank","Tiny Chest","Ancient Tea Set","Dead Branch","Busted Crown","Anchor"],"potions_floor_usage":[16,16,16],"damage_taken":[{"damage":0,"enemies":"Cultist","floor":1,"turns":3},{"damage":6,"enemies":"2 Louse","floor":2,"turns":3},{"damage":4,"enemies":"Jaw Worm","floor":4,"turns":3},{"damage":34,"enemies":"3 Sentries","floor":6,"turns":7},{"damage":7,"enemies":"3 Louse","floor":8,"turns":4},{"damage":23,"enemies":"Gremlin Nob","floor":10,"turns":5},{"damage":6,"enemies":"Lagavulin","floor":12,"turns":8},{"damage":11,"enemies":"Large Slime","floor":13,"turns":6},{"damage":1,"enemies":"2 Fungi Beasts","floor":14,"turns":4},{"damage":35,"enemies":"The Guardian","floor":16,"turns":10},{"damage":11,"enemies":"Spheric Guardian","floor":18,"turns":4},{"damage":0,"enemies":"Chosen","floor":19,"turns":5},{"damage":71,"enemies":"Gremlin Leader","floor":23,"turns":8}],"seed_played":"6001101492214189174","potions_obtained":[{"floor":2,"key":"PowerPotion"},{"floor":10,"key":"PowerPotion"},{"floor":12,"key":"Regen Potion"},{"floor":13,"key":"PowerPotion"},{"floor":16,"key":"FocusPotion"},{"floor":19,"key":"Dexterity Potion"}],"is_trial":false,"path_per_floor":["M","M","$","M","$","E","R","M","T","E","R","E","M","M","R","B",null,"M","M","?","?","?","E"],"character_chosen":"DEFECT","items_purchased":["Loop"],"campfire_rested":3,"item_purchase_floors":[3],"current_hp_per_floor":[82,76,76,72,72,38,62,55,55,32,56,50,39,38,62,27,82,71,71,71,71,71,0],"gold":564,"neow_bonus":"TEN_PERCENT_HP_BONUS","is_prod":false,"is_daily":false,"chose_seed":false,"campfire_upgraded":0,"win_rate":0,"timestamp":1554194182,"path_taken":["M","M","?","M","?","E","R","M","T","E","R","E","M","M","R","BOSS","M","M","?","?","?","E"],"build_version":"2019-01-23","purchased_purges":1,"victory":false,"max_hp_per_floor":[82,82,82,82,82,82,82,82,82,82,82,82,82,82,82,82,82,82,82,82,82,82,82],"card_choices":[{"not_picked":["Genetic Algorithm","Steam"],"picked":"Go for the Eyes","floor":1},{"not_picked":["Hologram","Genetic Algorithm"],"picked":"Consume","floor":2},{"not_picked":["Barrage","Sweeping Beam","Reprogram"],"picked":"SKIP","floor":4},{"not_picked":["Reprogram","Reboot"],"picked":"Reinforced Body","floor":6},{"not_picked":["Go for the Eyes","Gash"],"picked":"Coolheaded","floor":8},{"not_picked":["Turbo","Ball Lightning"],"picked":"FTL","floor":10},{"not_picked":["Sweeping Beam","Loop"],"picked":"Core Surge","floor":12},{"not_picked":["Sweeping Beam","Rebound","Turbo"],"picked":"SKIP","floor":13},{"not_picked":["All For One","Steam","Ball Lightning"],"picked":"SKIP","floor":14},{"not_picked":["Creative AI","Core Surge"],"picked":"Buffer","floor":16},{"not_picked":["Aggregate"],"picked":"SKIP","floor":18},{"not_picked":[],"picked":"BootSequence","floor":19}],"player_experience":95937,"relics_obtained":[{"floor":6,"key":"MawBank"},{"floor":9,"key":"Tiny Chest"},{"floor":10,"key":"Ancient Tea Set"},{"floor":12,"key":"Dead Branch"}],"event_choices":[{"damage_healed":0,"gold_gain":99,"player_choice":"Stole From Cult","damage_taken":0,"max_hp_gain":0,"max_hp_loss":0,"event_name":"Nest","floor":20,"gold_loss":0},{"damage_healed":0,"gold_gain":0,"player_choice":"Obtained Relic","damage_taken":0,"relics_obtained":["Anchor"],"max_hp_gain":0,"max_hp_loss":0,"event_name":"Addict","floor":21,"gold_loss":85},{"damage_healed":0,"gold_gain":0,"player_choice":"Forge","damage_taken":0,"max_hp_gain":0,"max_hp_loss":0,"event_name":"Accursed Blacksmith","floor":22,"gold_loss":0,"cards_upgraded":["Zap"]}],"is_beta":false,"boss_relics":[{"not_picked":["Velvet Choker","Lizard Tail"],"picked":"Busted Crown"}],"items_purged_floors":[3],"is_endless":false,"potions_floor_spawned":[2,10,12,13,16,19],"killed_by":"Gremlin Leader","ascension_level":2}