{"gold_per_floor":[119,89,89,103,123,154,166,166,196,244,244,244,244,259,259,358,408,419,429,528,552,569,603,603,628,653,653,653,195,195,207,207,308,308,322,322,322,342,102,133,133,133],"floor_reached":42,"playtime":1661,"items_purged":[],"score":533,"play_id":"0bcd854a-3763-497c-9b73-4ddf8254aa6f","local_time":"20190407033628","is_ascension_mode":true,"campfire_choices":[{"floor":8,"key":"REST"},{"floor":11,"key":"REST"},{"floor":13,"key":"REST"},{"data":"Zap","floor":15,"key":"SMITH"},{"floor":27,"key":"REST"},{"floor":30,"key":"REST"},{"data":"White Noise","floor":32,"key":"SMITH"},{"floor":41,"key":"REST"}],"neow_cost":"NONE","seed_source_timestamp":289736563178803,"circlet_count":0,"master_deck":["Strike_B+1","Strike_B","Strike_B","Strike_B+1","Defend_B","Defend_B","Defend_B","Defend_B","Zap+1","Dualcast","Leap","Reinforced Body","Conserve Battery","Pain","Electrodynamics+1","White Noise+1","Go for the Eyes+1","Conserve Battery+1","Sunder+1","Seek","Defragment","Fusion"],"relics":["Cracked Core","Whetstone","Bag of Marbles","Tiny Chest","PreservedInsect","WarpedTongs","Tiny House","Ancient Tea Set","Pantograph","Pear","Bottled Flame","DataDisk","Centennial Puzzle","Thread and Needle","Strawberry","Black Star","The Courier","Calipers","Unceasing Top","Shuriken"],"potions_floor_usage":[23,33,42],"damage_taken":[{"damage":5,"enemies":"Small Slimes","floor":1,"turns":3},{"damage":0,"enemies":"Cultist","floor":4,"turns":2},{"damage":2,"enemies":"Jaw Worm","floor":5,"turns":4},{"damage":42,"enemies":"Gremlin Nob","floor":6,"turns":5},{"damage":13,"enemies":"Looter","floor":7,"turns":3},{"damage":5,"enemies":"Lots of Slimes","floor":14,"turns":4},{"damage":56,"enemies":"Slime Boss","floor":16,"turns":15},{"damage":19,"enemies":"3 Byrds","floor":18,"turns":3},{"damage":16,"enemies":"Spheric Guardian","floor":19,"turns":4},{"damage":40,"enemies":"Shelled Parasite and Fungi","floor":22,"turns":7},{"damage":17,"enemies":"Book of Stabbing","floor":23,"turns":5},{"damage":21,"enemies":"Slavers","floor":25,"turns":3},{"damage":5,"enemies":"Snecko","floor":31,"turns":4},{"damage":67,"enemies":"Automaton","floor":33,"turns":11},{"damage":41,"enemies":"3 Darklings","floor":35,"turns":4},{"damage":11,"enemies":"Orb Walker","floor":38,"turns":4},{"damage":32,"enemies":"Nemesis","floor":40,"turns":11},{"damage":67,"enemies":"Giant Head","floor":42,"turns":8}],"seed_played":"-9001136532975170082","potions_obtained":[{"floor":3,"key":"FairyPotion"},{"floor":3,"key":"LiquidBronze"},{"floor":3,"key":"Swift Potion"},{"floor":6,"key":"FairyPotion"},{"floor":23,"key":"Swift Potion"},{"floor":31,"key":"FocusPotion"}],"is_trial":false,"path_per_floor":["M","?","?","M","M","E","M","R","T","T","R","?","R","M","R","B",null,"M","M","?","T","M","E","T","E","T","R","?","$","R","M","R","B",null,"M","T","?","M","$","E","R","E"],"character_chosen":"DEFECT","items_purchased":["Thread and Needle","Strawberry","Calipers"],"campfire_rested":6,"item_purchase_floors":[29,29,39],"current_hp_per_floor":[70,70,70,70,68,26,13,35,35,35,57,57,75,70,70,14,80,61,45,45,45,5,5,15,9,9,36,36,43,72,67,67,25,97,56,56,56,45,45,13,42,0],"gold":133,"neow_bonus":"RANDOM_COMMON_RELIC","is_prod":false,"is_daily":false,"chose_seed":false,"campfire_upgraded":2,"win_rate":0,"timestamp":1554622588,"path_taken":["M","?","?","?","M","E","M","R","T","?","R","?","R","M","R","BOSS","M","?","?","?","?","E","?","E","T","R","?","?","R","M","R","BOSS","M","?","?","M","$","E","R","E"],"build_version":"2019-01-23","purchased_purges":0,"victory":false,"max_hp_per_floor":[75,75,75,75,75,75,75,75,75,75,75,75,75,75,75,75,80,80,80,80,80,80,80,90,90,90,90,90,97,97,97,97,97,97,97,97,97,97,97,97,97,97],"card_choices":[{"not_picked":["Redo","Rebound"],"picked":"Leap","floor":1},{"not_picked":["Redo","Compile Driver","Tempest"],"picked":"SKIP","floor":4},{"not_picked":["Compile Driver","Cold Snap"],"picked":"Reinforced Body","floor":5},{"not_picked":["Beam Cell","Amplify","Undo"],"picked":"SKIP","floor":6},{"not_picked":["Loop","Lockon"],"picked":"Conserve Battery","floor":7},{"not_picked":["Cold Snap","Fusion","Undo"],"picked":"SKIP","floor":14},{"not_picked":["Seek","Creative AI"],"picked":"Electrodynamics","floor":16},{"not_picked":["Fusion","Sweeping Beam"],"picked":"White Noise","floor":17},{"not_picked":["Compile Driver","Hologram","Hello World"],"picked":"SKIP","floor":18},{"not_picked":["Storm","Reinforced Body+1"],"picked":"Go for the Eyes+1","floor":19},{"not_picked":["Meteor Strike","Coolheaded"],"picked":"Conserve Battery+1","floor":22},{"not_picked":["Gash","Aggregate"],"picked":"Sunder+1","floor":23},{"not_picked":["FTL","Reprogram","Creative AI"],"picked":"SKIP","floor":25},{"not_picked":["Heatsinks","Beam Cell","Ball Lightning"],"picked":"SKIP","floor":31},{"not_picked":["Thunder Strike","Buffer"],"picked":"Seek","floor":33},{"not_picked":["Lockon+1","Gash","Hologram+1"],"picked":"SKIP","floor":35},{"not_picked":["Storm+1","Go for the Eyes"],"picked":"Defragment","floor":38},{"not_picked":["Heatsinks","Barrage"],"picked":"Fusion","floor":40}],"player_experience":223882,"relics_obtained":[{"floor":6,"key":"Bag of Marbles"},{"floor":9,"key":"Tiny Chest"},{"floor":10,"key":"PreservedInsect"},{"floor":21,"key":"Ancient Tea Set"},{"floor":23,"key":"Pantograph"},{"floor":24,"key":"Pear"},{"floor":25,"key":"Bottled Flame"},{"floor":26,"key":"DataDisk"},{"floor":36,"key":"The Courier"},{"floor":40,"key":"Unceasing Top"},{"floor":40,"key":"Shuriken"}],"event_choices":[{"damage_healed":0,"gold_gain":0,"player_choice":"Left Gold","damage_taken":0,"max_hp_gain":0,"max_hp_loss":0,"event_name":"World of Goop","floor":2,"gold_loss":30},{"damage_healed":0,"gold_gain":0,"player_choice":"Got Potions","damage_taken":0,"max_hp_gain":0,"max_hp_loss":0,"event_name":"Lab","floor":3,"gold_loss":0},{"damage_healed":0,"gold_gain":0,"player_choice":"Rummage","damage_taken":0,"relics_obtained":["WarpedTongs"],"max_hp_gain":0,"max_hp_loss":0,"event_name":"Accursed Blacksmith","floor":12,"gold_loss":0,"cards_obtained":["Pain"]},{"damage_healed":0,"gold_gain":99,"player_choice":"Stole From Cult","damage_taken":0,"max_hp_gain":0,"max_hp_loss":0,"event_name":"Nest","floor":20,"gold_loss":0},{"damage_healed":0,"gold_gain":0,"player_choice":"Opened","damage_taken":0,"relics_obtained":["Centennial Puzzle"],"max_hp_gain":0,"max_hp_loss":0,"event_name":"The Mausoleum","floor":28,"gold_loss":0},{"damage_healed":0,"gold_gain":0,"player_choice":"Ignored","damage_taken":0,"max_hp_gain":0,"max_hp_loss":0,"event_name":"Tomb of Lord Red Mask","floor":37,"gold_loss":0}],"is_beta":false,"boss_relics":[{"not_picked":["Runic Dome","Calling Bell"],"picked":"Tiny House"},{"not_picked":["Empty Cage","Fusion Hammer"],"picked":"Black Star"}],"items_purged_floors":[],"is_endless":false,"potions_floor_spawned":[5,6,16,18,22,23,31],"killed_by":"Giant Head","ascension_level":2}