{"gold_per_floor":[113,113,113,113,127,127,152,152,206,206,206,217,231,260,260,337,337,353,53,80,94,109,109,135,135,135,161,176,176,190,203,203,203],"floor_reached":33,"playtime":2699,"items_purged":["Strike_G"],"score":590,"play_id":"a49a092c-c183-424c-bff0-b061a5336666","local_time":"20190303041434","is_ascension_mode":true,"campfire_choices":[{"data":"Backstab","floor":6.0,"key":"SMITH"},{"data":"Backstab","floor":8.0,"key":"SMITH"},{"data":"Neutralize","floor":10.0,"key":"SMITH"},{"floor":15.0,"key":"REST"},{"data":"After Image","floor":23.0,"key":"SMITH"},{"floor":25.0,"key":"REST"},{"floor":32,"key":"REST"}],"neow_cost":"NONE","seed_source_timestamp":51509967027000,"circlet_count":0,"master_deck":["AscendersBane","Defend_G","Defend_G","Defend_G","Defend_G","Defend_G","Strike_G","Strike_G","Strike_G","Survivor","Neutralize+1","All Out Attack+1","Backstab+1","Backstab+1","Cloak And Dagger","Well Laid Plans","Noxious Fumes","After Image+1","Crippling Poison","Bane","Backflip","Leg Sweep","Leg Sweep","Cloak And Dagger","Bane","Infinite Blades","Endless Agony+1"],"special_seed":0,"relics":["Ring of the Snake","Anchor","Pen Nib","Mummified Hand","Tiny Chest","Gremlin Horn","White Beast Statue","Potion Belt","Orichalcum","Torii","Bottled Tornado","Smiling Mask","Strawberry"],"potions_floor_usage":[27,27,28,31,33,33,33],"damage_taken":[{"damage":0.0,"enemies":"Small Slimes","floor":1.0,"turns":4.0},{"damage":5.0,"enemies":"Jaw Worm","floor":5.0,"turns":3.0},{"damage":20.0,"enemies":"Lagavulin","floor":7.0,"turns":5.0},{"damage":0.0,"enemies":"Cultist","floor":12.0,"turns":3.0},{"damage":0.0,"enemies":"Exordium Wildlife","floor":13.0,"turns":1.0},{"damage":2.0,"enemies":"3 Sentries","floor":14.0,"turns":6.0},{"damage":28.0,"enemies":"Slime Boss","floor":16.0,"turns":9.0},{"damage":4.0,"enemies":"Shell Parasite","floor":18.0,"turns":7.0},{"damage":21.0,"enemies":"Chosen","floor":21.0,"turns":6.0},{"damage":11.0,"enemies":"3 Cultists","floor":22.0,"turns":5.0},{"damage":8.0,"enemies":"Book of Stabbing","floor":24.0,"turns":7.0},{"damage":25,"enemies":"Gremlin Leader","floor":27,"turns":7},{"damage":0,"enemies":"Centurion and Healer","floor":28,"turns":5},{"damage":0,"enemies":"Snecko","floor":30,"turns":6},{"damage":0,"enemies":"Snake Plant","floor":31,"turns":4},{"damage":46,"enemies":"Champ","floor":33,"turns":15}],"seed_played":"-6637754185325478474","potions_obtained":[{"floor":5.0,"key":"Strength Potion"},{"floor":7.0,"key":"SkillPotion"},{"floor":13.0,"key":"Poison Potion"},{"floor":14.0,"key":"GhostInAJar"},{"floor":16.0,"key":"Weak Potion"},{"floor":18.0,"key":"Dexterity Potion"},{"floor":21.0,"key":"Strength Potion"},{"floor":22.0,"key":"Dexterity Potion"},{"floor":24.0,"key":"GamblersBrew"},{"floor":27,"key":"Fire Potion"},{"floor":28,"key":"EssenceOfSteel"},{"floor":30,"key":"Block Potion"},{"floor":31,"key":"Strength Potion"}],"is_trial":false,"path_per_floor":["M","?","?","?","M","R","E","R","T","R","?","M","M","E","R","B",null,"M","$","T","M","M","R","E","R","T","E","M","T","M","M","R","B"],"character_chosen":"THE_SILENT","items_purchased":["Potion Belt","Bane"],"campfire_rested":3,"item_purchase_floors":[19,19],"current_hp_per_floor":[59,33,55,55,50,50,30,30,30,30,30,30,30,28,47,19,54,50,50,50,29,18,18,10,29,29,4,4,11,11,11,32,0],"gold":203,"neow_bonus":"RANDOM_COMMON_RELIC","is_prod":false,"is_daily":false,"chose_seed":false,"campfire_upgraded":4,"win_rate":0,"timestamp":1551615274,"path_taken":["M","?","?","?","M","R","E","R","T","R","?","M","M","E","R","BOSS","M","$","?","M","M","R","E","R","T","E","M","?","M","M","R","BOSS"],"build_version":"2019-02-06","purchased_purges":1,"victory":false,"max_hp_per_floor":[66,66,66,66,66,66,66,66,66,66,66,66,66,66,66,66,66,66,66,66,66,66,66,66,66,66,66,66,73,73,73,73,73],"card_choices":[{"not_picked":["Dagger Throw","Concentrate"],"picked":"All Out Attack","floor":1.0},{"not_picked":["Dagger Throw","Expertise"],"picked":"Backstab","floor":5.0},{"not_picked":["Catalyst","Backflip"],"picked":"Backstab","floor":7.0},{"not_picked":["Quick Slash","Prepared"],"picked":"Cloak And Dagger","floor":12.0},{"not_picked":["Deflect","Dagger Spray"],"picked":"Well Laid Plans","floor":13.0},{"not_picked":["Acrobatics","Well Laid Plans"],"picked":"Noxious Fumes","floor":14.0},{"not_picked":["Envenom","Unload"],"picked":"After Image","floor":16.0},{"not_picked":["Deadly Poison","Underhanded Strike"],"picked":"Crippling Poison","floor":18.0},{"not_picked":["Underhanded Strike","Slice"],"picked":"Backflip","floor":21.0},{"not_picked":["Quick Slash+1","Setup"],"picked":"Leg Sweep","floor":22.0},{"not_picked":["Backflip","Crippling Poison"],"picked":"Leg Sweep","floor":24.0},{"not_picked":["Distraction","Blade Dance"],"picked":"Cloak And Dagger","floor":27},{"not_picked":["Slice","Deflect"],"picked":"Bane","floor":28},{"not_picked":["Poisoned Stab","Bane"],"picked":"Infinite Blades","floor":30},{"not_picked":["Dagger Throw","Dagger Spray"],"picked":"Endless Agony+1","floor":31}],"player_experience":3328715,"relics_obtained":[{"floor":7.0,"key":"Mummified Hand"},{"floor":9.0,"key":"Tiny Chest"},{"floor":14.0,"key":"Gremlin Horn"},{"floor":20.0,"key":"Orichalcum"},{"floor":24.0,"key":"Torii"},{"floor":26.0,"key":"Bottled Tornado"},{"floor":27,"key":"Smiling Mask"},{"floor":29,"key":"Strawberry"}],"event_choices":[{"damage_healed":0.0,"max_hp_gain":0.0,"max_hp_loss":0.0,"gold_gain":0.0,"event_name":"Scrap Ooze","player_choice":"Success","floor":2.0,"gold_loss":0.0,"damage_taken":26.0,"relics_obtained":["Pen Nib"]},{"damage_healed":22.0,"max_hp_gain":0.0,"max_hp_loss":0.0,"gold_gain":0.0,"event_name":"Big Fish","player_choice":"Banana","floor":3.0,"gold_loss":0.0,"damage_taken":0.0},{"damage_healed":0.0,"max_hp_gain":0.0,"max_hp_loss":0.0,"gold_gain":0.0,"event_name":"Living Wall","player_choice":"Grow","floor":4.0,"gold_loss":0.0,"damage_taken":0.0,"cards_upgraded":["All Out Attack"]},{"cards_removed":["Strike_G"],"damage_healed":0.0,"max_hp_gain":0.0,"max_hp_loss":0.0,"gold_gain":0.0,"event_name":"Bonfire Elementals","player_choice":"Offered Basic","floor":11.0,"gold_loss":0.0,"damage_taken":0.0}],"is_beta":true,"boss_relics":[{"not_picked":["Runic Dome","Fusion Hammer"],"picked":"White Beast Statue"}],"items_purged_floors":[19],"is_endless":false,"potions_floor_spawned":[5,7,13,14,16,18,21,22,24,27,28,30,31],"killed_by":"Champ","ascension_level":20}