{"gold_per_floor":[110,110,285,298,311,311,340,357,380,129,129,141,141,173,173,277,277,297,314,326,349,36,36,47,47,47,59,59,74,74,74],"floor_reached":31,"playtime":2590,"items_purged":[],"score":237,"play_id":"5cd7d009-b1a3-4448-a678-14c871407b84","local_time":"20190417215645","is_ascension_mode":false,"campfire_choices":[{"data":"Fire Breathing","floor":6,"key":"SMITH"},{"data":"Rampage","floor":11,"key":"SMITH"},{"floor":15,"key":"REST"},{"floor":23,"key":"REST"},{"floor":25,"key":"REST"}],"neow_cost":"NONE","seed_source_timestamp":1138853085552323,"circlet_count":0,"master_deck":["Strike_R","Strike_R","Strike_R","Defend_R","Defend_R","Defend_R","Defend_R","Bash","Fire Breathing+1","Rampage+1","Doubt","Second Wind","Twin Strike","Battle Trance","Shrug It Off","Enlightenment","Apotheosis","Thunderclap","Pommel Strike","Bludgeon","Warcry","Demon Form","Rampage","Pommel Strike","Headbutt","Feed","Dropkick","Heavy Blade","Whirlwind","Iron Wave+1","Pummel"],"relics":["Burning Blood","Odd Mushroom","Vajra","Red Skull","Orrery","Happy Flower","Blood Vial","Sundial","Nloth\u0027s Gift"],"potions_floor_usage":[16],"damage_taken":[{"damage":7,"enemies":"Jaw Worm","floor":1,"turns":5},{"damage":4,"enemies":"Small Slimes","floor":4,"turns":4},{"damage":0,"enemies":"Cultist","floor":5,"turns":4},{"damage":16,"enemies":"The Mushroom Lair","floor":7,"turns":5},{"damage":11,"enemies":"Red Slaver","floor":8,"turns":4},{"damage":4,"enemies":"2 Fungi Beasts","floor":12,"turns":4},{"damage":31,"enemies":"Gremlin Nob","floor":14,"turns":6},{"damage":30,"enemies":"Hexaghost","floor":16,"turns":7},{"damage":32,"enemies":"Shell Parasite","floor":18,"turns":6},{"damage":27,"enemies":"Spheric Guardian","floor":19,"turns":5},{"damage":24,"enemies":"Snake Plant","floor":20,"turns":4},{"damage":18,"enemies":"Snecko","floor":24,"turns":4},{"damage":34,"enemies":"Shelled Parasite and Fungi","floor":27,"turns":6},{"damage":23,"enemies":"Cultist and Chosen","floor":29,"turns":5},{"damage":21,"enemies":"Slavers","floor":31,"turns":2}],"seed_played":"2471580118644852468","potions_obtained":[{"floor":7,"key":"Explosive Potion"},{"floor":8,"key":"SteroidPotion"},{"floor":12,"key":"LiquidBronze"},{"floor":14,"key":"Energy Potion"},{"floor":16,"key":"LiquidBronze"},{"floor":24,"key":"Ancient Potion"}],"is_trial":false,"path_per_floor":["M","?","?","M","M","R","?","M","T","$","R","M","?","E","R","B",null,"M","M","M","T","$","R","M","R","T","M","$","M","?","E"],"character_chosen":"IRONCLAD","items_purchased":["Enlightenment","Apotheosis","Omamori","Blood Vial"],"campfire_rested":3,"item_purchase_floors":[10,10,22,22],"current_hp_per_floor":[79,72,72,74,80,80,70,65,65,65,65,67,67,42,66,42,80,54,33,15,15,15,39,29,53,53,31,31,16,16,0],"gold":74,"neow_bonus":"TRANSFORM_CARD","is_prod":false,"is_daily":false,"chose_seed":false,"campfire_upgraded":2,"win_rate":0.0,"timestamp":1555556205,"path_taken":["M","?","?","M","M","R","?","M","T","?","R","M","?","E","R","BOSS","M","M","M","?","$","R","?","R","T","M","$","M","?","E"],"build_version":"2019-01-23","purchased_purges":0,"victory":false,"max_hp_per_floor":[80,80,80,80,80,80,80,80,80,80,80,80,80,80,80,80,80,80,80,80,80,80,80,80,80,80,84,84,84,84,87],"card_choices":[{"not_picked":["Iron Wave","Anger"],"picked":"Rampage","floor":1},{"not_picked":["Bloodletting","Cleave"],"picked":"Second Wind","floor":4},{"not_picked":["Blood for Blood","Heavy Blade"],"picked":"Twin Strike","floor":5},{"not_picked":["Ghostly Armor","Sword Boomerang"],"picked":"Battle Trance","floor":7},{"not_picked":["Body Slam","Entrench"],"picked":"Shrug It Off","floor":8},{"not_picked":["Heavy Blade","Sword Boomerang"],"picked":"Thunderclap","floor":12},{"not_picked":["Brutality","Pommel Strike"],"picked":"Warcry","floor":14},{"not_picked":["Bludgeon","Fiend Fire"],"picked":"Demon Form","floor":16},{"not_picked":["Thunderclap","Anger"],"picked":"Rampage","floor":17},{"not_picked":["Fire Breathing","Inflame"],"picked":"Pommel Strike","floor":17},{"not_picked":["True Grit","Heavy Blade"],"picked":"Headbutt","floor":17},{"not_picked":["Twin Strike","Thunderclap"],"picked":"Feed","floor":17},{"not_picked":["Fire Breathing","Power Through"],"picked":"Dropkick","floor":17},{"not_picked":["Headbutt","Anger+1"],"picked":"Heavy Blade","floor":18},{"not_picked":["Perfected Strike","Armaments"],"picked":"Whirlwind","floor":19},{"not_picked":["Warcry","Flex"],"picked":"Iron Wave+1","floor":20},{"not_picked":["Whirlwind","Offering"],"picked":"Pummel","floor":24},{"not_picked":["Anger","Shockwave","Searing Blow"],"picked":"SKIP","floor":27},{"not_picked":["Flex","Sword Boomerang","Cleave"],"picked":"SKIP","floor":29}],"player_experience":12231,"relics_obtained":[{"floor":7,"key":"Odd Mushroom"},{"floor":9,"key":"Vajra"},{"floor":14,"key":"Red Skull"},{"floor":21,"key":"Happy Flower"},{"floor":26,"key":"Sundial"}],"event_choices":[{"cards_removed":["Strike_R"],"damage_healed":0,"gold_gain":0,"player_choice":"Card Removal","damage_taken":7,"max_hp_gain":0,"max_hp_loss":0,"event_name":"Golden Wing","floor":2,"gold_loss":0},{"damage_healed":0,"gold_gain":175,"player_choice":"AGREE","damage_taken":0,"max_hp_gain":0,"max_hp_loss":0,"event_name":"Liars Game","floor":3,"gold_loss":0,"cards_obtained":["Doubt"]},{"damage_healed":0,"gold_gain":0,"player_choice":"Fought Mushrooms","damage_taken":0,"max_hp_gain":0,"max_hp_loss":0,"event_name":"Mushrooms","floor":7,"gold_loss":0},{"damage_healed":0,"gold_gain":0,"player_choice":"2 cards matched","damage_taken":0,"max_hp_gain":0,"max_hp_loss":0,"event_name":"Match and Keep!","floor":13,"gold_loss":0,"cards_obtained":["Pommel Strike","Bludgeon"]},{"damage_healed":0,"gold_gain":0,"player_choice":"Traded Relic","damage_taken":0,"relics_obtained":["Nloth\u0027s Gift"],"max_hp_gain":0,"max_hp_loss":0,"event_name":"N\u0027loth","floor":30,"relics_lost":["Omamori"],"gold_loss":0}],"is_beta":false,"boss_relics":[{"not_picked":["Coffee Dripper","Black Blood"],"picked":"Orrery"}],"items_purged_floors":[],"is_endless":false,"potions_floor_spawned":[7,8,12,14,16,24,27],"killed_by":"Slavers","ascension_level":0}