{"gold_per_floor":[111,111,126,126,156,182,182,196,251,277,335,335,335,367,367,438,488,507,309,309,166,266,266,266,293,367,386,417,436,88,100,100,174,174,193,193,208,227,180,180,206,206,231,231,277,7,7,7,7,7],"floor_reached":51,"playtime":1360,"items_purged":["Writhe"],"score":1413,"play_id":"99feaeb6-a6d2-4173-90ef-dc3f32d02143","local_time":"20190315223315","is_ascension_mode":true,"campfire_choices":[{"data":"Perfected Strike","floor":7,"key":"SMITH"},{"data":"Bash","floor":13,"key":"SMITH"},{"floor":15,"key":"REST"},{"data":"Limit Break","floor":23,"key":"SMITH"},{"data":"Thunderclap","floor":24,"key":"SMITH"},{"data":"Pommel Strike","floor":32,"key":"SMITH"},{"data":"Fiend Fire","floor":40,"key":"SMITH"},{"data":"True Grit","floor":42,"key":"SMITH"},{"data":"Headbutt","floor":44,"key":"SMITH"},{"data":"1","floor":49,"key":"LIFT"}],"neow_cost":"NONE","seed_source_timestamp":533227112024,"circlet_count":0,"master_deck":["AscendersBane","Strike_R+1","Strike_R","Strike_R+1","Strike_R","Strike_R","Defend_R","Defend_R+1","Defend_R","Defend_R","Bash+1","Perfected Strike+1","Pommel Strike+1","Limit Break+1","Twin Strike","Battle Trance+1","Thunderclap+1","True Grit+1","Pommel Strike+1","Pommel Strike+1","Fiend Fire+1","Headbutt+1","Heavy Blade+1","Inflame"],"relics":["Burning Blood","NeowsBlessing","Tiny Chest","WingedGreaves","Vajra","Ornamental Fan","Regal Pillow","FossilizedHelix","Tiny House","Brimstone","Letter Opener","Du-Vu Doll","Gremlin Horn","Charon\u0027s Ashes","Matryoshka","Red Skull","Lee\u0027s Waffle","Anchor","White Beast Statue","Pocketwatch","Singing Bowl","Whetstone","Girya","OrangePellets","Orichalcum","Self Forming Clay"],"potions_floor_usage":[10,10,16,22,22,28,33,33,35,41,41,50],"damage_taken":[{"damage":0,"enemies":"Small Slimes","floor":1,"turns":1},{"damage":0,"enemies":"Jaw Worm","floor":3,"turns":1},{"damage":0,"enemies":"Lagavulin","floor":6,"turns":1},{"damage":0,"enemies":"2 Louse","floor":8,"turns":3},{"damage":32,"enemies":"Gremlin Nob","floor":10,"turns":4},{"damage":32,"enemies":"Lagavulin Event","floor":11,"turns":5},{"damage":22,"enemies":"3 Sentries","floor":14,"turns":6},{"damage":20,"enemies":"Slime Boss","floor":16,"turns":9},{"damage":6,"enemies":"Chosen","floor":18,"turns":3},{"damage":0,"enemies":"Colosseum Slavers","floor":22,"turns":2},{"damage":46,"enemies":"Colosseum Nobs","floor":22,"turns":4},{"damage":46,"enemies":"Book of Stabbing","floor":25,"turns":4},{"damage":0,"enemies":"Shell Parasite","floor":27,"turns":2},{"damage":0,"enemies":"Gremlin Leader","floor":28,"turns":3},{"damage":0,"enemies":"Snake Plant","floor":29,"turns":2},{"damage":0,"enemies":"Chosen and Byrds","floor":31,"turns":3},{"damage":88,"enemies":"Automaton","floor":33,"turns":8},{"damage":0,"enemies":"3 Darklings","floor":35,"turns":3},{"damage":0,"enemies":"Orb Walker","floor":37,"turns":2},{"damage":0,"enemies":"Transient","floor":38,"turns":5},{"damage":17,"enemies":"Nemesis","floor":41,"turns":5},{"damage":0,"enemies":"2 Orb Walkers","floor":45,"turns":2},{"damage":55,"enemies":"Time Eater","floor":50,"turns":4}],"seed_played":"-235661071464132040","potions_obtained":[{"floor":1,"key":"Poison Potion"},{"floor":3,"key":"BloodPotion"},{"floor":6,"key":"Swift Potion"},{"floor":14,"key":"SkillPotion"},{"floor":17,"key":"BloodPotion"},{"floor":18,"key":"AttackPotion"},{"floor":27,"key":"GamblersBrew"},{"floor":28,"key":"Dexterity Potion"},{"floor":31,"key":"Regen Potion"},{"floor":33,"key":"FearPotion"},{"floor":35,"key":"SpeedPotion"},{"floor":37,"key":"Poison Potion"},{"floor":38,"key":"Weak Potion"},{"floor":41,"key":"SteroidPotion"},{"floor":45,"key":"Regen Potion"}],"is_trial":false,"path_per_floor":["M","?","M","$","?","E","R","M","T","E","?","?","R","E","R","B",null,"M","$","?","$","?","R","R","E","T","M","E","M","$","M","R","B",null,"M","?","M","M","$","R","E","R","T","R","?","$","?","T","R","B",null],"character_chosen":"IRONCLAD","items_purchased":["Brimstone","Battle Trance","Lee\u0027s Waffle","Anchor","Headbutt","OrangePellets","Inflame"],"campfire_rested":1,"item_purchase_floors":[19,21,30,30,39,46,46],"current_hp_per_floor":[74,79,80,80,69,75,75,80,80,62,36,36,36,20,59,45,76,76,76,76,76,50,50,50,10,10,16,22,28,92,92,92,19,74,80,80,86,92,92,92,81,81,81,81,89,89,89,89,89,40],"gold":7,"neow_bonus":"THREE_ENEMY_KILL","is_prod":false,"is_daily":false,"chose_seed":false,"campfire_upgraded":8,"win_rate":0,"timestamp":1552674795,"path_taken":["M","?","M","$","?","E","R","M","T","E","?","?","R","E","R","BOSS","M","$","?","$","?","R","R","E","T","M","E","M","$","M","R","BOSS","M","?","M","M","?","R","E","R","T","R","?","$","?","?","R","BOSS"],"build_version":"2019-01-23","purchased_purges":1,"victory":true,"max_hp_per_floor":[75,80,80,80,80,80,80,80,80,80,80,80,80,80,80,80,85,85,85,85,85,85,85,85,85,85,85,85,85,92,92,92,92,92,92,92,92,92,92,92,92,92,92,92,94,94,94,94,94,94],"card_choices":[{"not_picked":["Inflame","Thunderclap"],"picked":"Perfected Strike","floor":1},{"not_picked":["Anger","Clash","Armaments"],"picked":"SKIP","floor":3},{"not_picked":["Flex","Dark Embrace","Body Slam"],"picked":"SKIP","floor":6},{"not_picked":["Heavy Blade","Rage","Sever Soul"],"picked":"SKIP","floor":8},{"not_picked":["Burning Pact","Flex"],"picked":"Wild Strike","floor":10},{"not_picked":["Corruption","Brutality"],"picked":"Pommel Strike","floor":11},{"not_picked":["Havoc","Flame Barrier","Seeing Red"],"picked":"SKIP","floor":14},{"not_picked":["Reaper","Demon Form"],"picked":"Limit Break","floor":16},{"not_picked":["Sword Boomerang","Armaments"],"picked":"Twin Strike","floor":17},{"not_picked":["Body Slam","Clothesline","Warcry"],"picked":"SKIP","floor":18},{"not_picked":["Clash","Whirlwind"],"picked":"Thunderclap","floor":22},{"not_picked":["Anger","Combust"],"picked":"True Grit","floor":25},{"not_picked":["Spot Weakness","Seeing Red"],"picked":"Pommel Strike","floor":27},{"not_picked":["Body Slam","Spot Weakness","Rage"],"picked":"SKIP","floor":28},{"not_picked":["Armaments","Infernal Blade"],"picked":"Pommel Strike+1","floor":29},{"not_picked":["Rupture","Shockwave","Wild Strike+1"],"picked":"SKIP","floor":31},{"not_picked":["Heavy Blade","Dual Wield+1","Carnage"],"picked":"SKIP","floor":35},{"not_picked":["Twin Strike","Armaments","Sever Soul"],"picked":"SKIP","floor":37},{"not_picked":["Power Through","Whirlwind"],"picked":"Fiend Fire","floor":38},{"not_picked":["Combust","Anger"],"picked":"Heavy Blade+1","floor":41},{"not_picked":["Dual Wield","Sword Boomerang+1","Anger"],"picked":"Singing Bowl","floor":45}],"player_experience":722832,"relics_obtained":[{"floor":6,"key":"WingedGreaves"},{"floor":9,"key":"Vajra"},{"floor":10,"key":"Ornamental Fan"},{"floor":11,"key":"Regal Pillow"},{"floor":14,"key":"FossilizedHelix"},{"floor":22,"key":"Du-Vu Doll"},{"floor":22,"key":"Gremlin Horn"},{"floor":25,"key":"Charon\u0027s Ashes"},{"floor":26,"key":"Matryoshka"},{"floor":28,"key":"Red Skull"},{"floor":41,"key":"Pocketwatch"},{"floor":43,"key":"Singing Bowl"},{"floor":43,"key":"Whetstone"},{"floor":45,"key":"Girya"},{"floor":48,"key":"Orichalcum"},{"floor":48,"key":"Self Forming Clay"}],"event_choices":[{"damage_healed":0,"gold_gain":0,"player_choice":"Donut","damage_taken":0,"max_hp_gain":5,"max_hp_loss":0,"event_name":"Big Fish","floor":2,"gold_loss":0},{"damage_healed":0,"gold_gain":0,"player_choice":"Success","damage_taken":11,"relics_obtained":["Tiny Chest"],"max_hp_gain":0,"max_hp_loss":0,"event_name":"Scrap Ooze","floor":5,"gold_loss":0},{"damage_healed":0,"gold_gain":0,"player_choice":"Searched \u00272\u0027 times","damage_taken":0,"max_hp_gain":0,"max_hp_loss":0,"event_name":"Dead Adventurer","floor":11,"gold_loss":0},{"damage_healed":0,"gold_gain":0,"player_choice":"Grow","damage_taken":0,"max_hp_gain":0,"max_hp_loss":0,"event_name":"Living Wall","floor":12,"gold_loss":0,"cards_upgraded":["Pommel Strike"]},{"damage_healed":0,"gold_gain":0,"player_choice":"Opened","damage_taken":0,"relics_obtained":["Letter Opener"],"max_hp_gain":0,"max_hp_loss":0,"event_name":"The Mausoleum","floor":20,"gold_loss":0,"cards_obtained":["Writhe"]},{"damage_healed":0,"gold_gain":0,"player_choice":"Fight","damage_taken":0,"max_hp_gain":0,"max_hp_loss":0,"event_name":"Colosseum","floor":22,"gold_loss":0},{"damage_healed":0,"gold_gain":0,"player_choice":"Fought Nobs","damage_taken":0,"max_hp_gain":0,"max_hp_loss":0,"event_name":"Colosseum","floor":22,"gold_loss":0},{"damage_healed":0,"gold_gain":0,"player_choice":"Forge","damage_taken":0,"max_hp_gain":0,"max_hp_loss":0,"event_name":"Accursed Blacksmith","floor":36,"gold_loss":0,"cards_upgraded":["Battle Trance"]},{"damage_healed":0,"gold_gain":0,"player_choice":"Fight","damage_taken":0,"max_hp_gain":0,"max_hp_loss":0,"event_name":"Mysterious Sphere","floor":45,"gold_loss":0},{"cards_removed":["Wild Strike"],"damage_healed":0,"gold_gain":0,"player_choice":"Removed Attack","damage_taken":0,"max_hp_gain":0,"max_hp_loss":0,"event_name":"Falling","floor":47,"gold_loss":0}],"is_beta":false,"boss_relics":[{"not_picked":["Runic Pyramid","Eternal Feather"],"picked":"Tiny House"},{"not_picked":["Pandora\u0027s Box","Orrery"],"picked":"White Beast Statue"}],"items_purged_floors":[21],"is_endless":false,"potions_floor_spawned":[1,3,6,14,18,22,27,28,31,33,35,37,38,41,45],"ascension_level":15}