{"path_per_floor":["M","?","M","?","M","R","M","M","T","$","M","R","M","M","R","B",null,"M","?","?","M","M","R","E","M","T","?","M","M","R","M","R"],"character_chosen":"THE_SILENT","items_purchased":["Choke","Flash of Steel"],"gold_per_floor":[109,109,119,119,130,130,140,151,174,43,63,63,78,98,98,194,194,209,209,209,219,237,237,270,281,281,281,297,310,310,321,321,321],"floor_reached":33,"campfire_rested":5,"playtime":1812,"item_purchase_floors":[],"current_hp_per_floor":[69,69,69,74,69,69,66,50,50,50,41,63,63,63,75,35,75,51,51,75,54,48,70,31,1,1,1,1,7,29,20,42,0],"items_purged":[],"gold":321,"score":265,"play_id":"9018b5f0-a6e3-476b-b86d-daa8b492d75d","local_time":"20180618193826","is_prod":false,"is_daily":false,"chose_seed":false,"is_ascension_mode":false,"campfire_upgraded":1,"win_rate":0,"timestamp":1529365106,"campfire_choices":[{"data":"Crippling Poison","floor":6.0,"key":"SMITH"},{"floor":12.0,"key":"REST"},{"floor":15.0,"key":"REST"},{"floor":23,"key":"REST"},{"floor":30,"key":"REST"},{"floor":32,"key":"REST"}],"path_taken":["M","?","M","?","?","R","M","M","T","$","?","R","M","M","R","BOSS","M","?","?","M","M","R","E","M","T","?","M","?","R","M","R","BOSS"],"build_version":"2018-06-14v2","seed_source_timestamp":0,"purchased_purges":0,"victory":false,"master_deck":["Defend_G+1","Defend_G+1","Defend_G+1","Defend_G+1","Defend_G+1","Strike_G+1","Strike_G+1","Strike_G+1","Survivor","Neutralize","Blade Dance","Blur","Bouncing Flask","Crippling Poison+1","All Out Attack","Dagger Throw","Choke","Flash of Steel","Die Die Die","Backstab","Quick Slash+1","Catalyst","Tactician"],"max_hp_per_floor":[70,70,70,75,75,75,75,75,75,75,75,75,75,75,75,75,75,75,75,75,75,75,75,75,75,75,75,75,75,75,75,75,75],"special_seed":0,"relics":["Ring of the Snake","Snake Skull","Empty Cage","Potion Belt","Du-Vu Doll"],"card_choices":[{"not_picked":["Catalyst","Underhanded Strike"],"picked":"Blade Dance","floor":0.0},{"not_picked":["Slice","Acrobatics"],"picked":"Blur","floor":1.0},{"not_picked":["Noxious Fumes","Dagger Spray"],"picked":"Bouncing Flask","floor":3.0},{"not_picked":["Poisoned Stab","Bouncing Flask"],"picked":"Crippling Poison","floor":5.0},{"not_picked":["Deadly Poison","Dagger Throw"],"picked":"All Out Attack","floor":7.0},{"not_picked":["Dagger Spray","Outmaneuver"],"picked":"Dagger Throw","floor":8.0},{"not_picked":["Prepared","Sucker Punch","Backflip"],"picked":"SKIP","floor":11.0},{"not_picked":["Bane","Cloak And Dagger","Slice"],"picked":"SKIP","floor":13.0},{"not_picked":["Backflip","Dodge and Roll","Calculated Gamble"],"picked":"SKIP","floor":14.0},{"not_picked":["Burst","Corpse Explosion"],"picked":"Die Die Die","floor":16.0},{"not_picked":["Backflip+1","Acrobatics+1"],"picked":"Backstab","floor":18.0},{"not_picked":["Outmaneuver+1","Well Laid Plans","Dodge and Roll"],"picked":"SKIP","floor":21.0},{"not_picked":["Slice+1","Deflect+1","Dodge and Roll"],"picked":"SKIP","floor":22.0},{"not_picked":["Phantasmal Killer","Expertise"],"picked":"Quick Slash+1","floor":24},{"not_picked":["Well Laid Plans+1","Bane"],"picked":"Catalyst","floor":25},{"not_picked":["Dodge and Roll","PiercingWail","Distraction"],"picked":"SKIP","floor":28},{"not_picked":["Cloak And Dagger","Heel Hook+1","Well Laid Plans"],"picked":"SKIP","floor":29},{"not_picked":["Finisher+1","Prepared","Bane"],"picked":"SKIP","floor":31}],"player_experience":105120,"potions_floor_usage":[24,28,29,33],"damage_taken":[{"damage":1.0,"enemies":"Cultist","floor":1.0,"turns":3.0},{"damage":0.0,"enemies":"2 Louse","floor":3.0,"turns":2.0},{"damage":5.0,"enemies":"Jaw Worm","floor":5.0,"turns":5.0},{"damage":3.0,"enemies":"2 Fungi Beasts","floor":7.0,"turns":3.0},{"damage":16.0,"enemies":"Exordium Wildlife","floor":8.0,"turns":4.0},{"damage":9.0,"enemies":"Exordium Thugs","floor":11.0,"turns":3.0},{"damage":0.0,"enemies":"Red Slaver","floor":13.0,"turns":3.0},{"damage":0.0,"enemies":"Lots of Slimes","floor":14.0,"turns":1.0},{"damage":40.0,"enemies":"Hexaghost","floor":16.0,"turns":7.0},{"damage":24.0,"enemies":"Chosen","floor":18.0,"turns":5.0},{"damage":21.0,"enemies":"Spheric Guardian","floor":21.0,"turns":4.0},{"damage":6.0,"enemies":"Snecko","floor":22.0,"turns":4.0},{"damage":39,"enemies":"Slavers","floor":24,"turns":5},{"damage":30,"enemies":"Snake Plant","floor":25,"turns":4},{"damage":0,"enemies":"3 Cultists","floor":28,"turns":3},{"damage":8,"enemies":"Snecko","floor":29,"turns":3},{"damage":9,"enemies":"Cultist and Chosen","floor":31,"turns":6},{"damage":45,"enemies":"Champ","floor":33,"turns":10}],"relics_obtained":[{"floor":9.0,"key":"Snake Skull"},{"floor":24,"key":"Potion Belt"},{"floor":26,"key":"Du-Vu Doll"}],"event_choices":[{"event_name":"Golden Idol","player_choice":"Ignored","floor":2.0,"damage_taken":0.0},{"event_name":"Big Fish","player_choice":"Donut","floor":4.0,"damage_taken":0.0},{"event_name":"Back to Basics","player_choice":"Simplicity","floor":19.0,"damage_taken":0.0},{"event_name":"The Library","player_choice":"Heal","floor":20.0,"damage_taken":0.0},{"event_name":"Match and Keep!","player_choice":"1 cards matched","floor":27,"damage_taken":0}],"boss_relics":[{"not_picked":["Runic Pyramid","Runic Dome"],"picked":"Empty Cage"}],"items_purged_floors":[],"is_endless":false,"potions_floor_spawned":[1,7,8,14,18,21,22,28,31],"seed_played":"-5787231634807336214","killed_by":"Champ","ascension_level":0,"potions_obtained":[{"floor":1.0,"key":"FairyPotion"},{"floor":7.0,"key":"Fire Potion"},{"floor":8.0,"key":"PowerPotion"},{"floor":18.0,"key":"GamblersBrew"},{"floor":21.0,"key":"SkillPotion"},{"floor":28,"key":"SteroidPotion"},{"floor":31,"key":"GhostInAJar"}],"is_trial":false}