{"gold_per_floor":[119,138,149,160,172,172,192,192,247,172,184,4,23,50,50,50],"floor_reached":16,"playtime":965,"items_purged":["Strike_G","Defend_G"],"score":106,"play_id":"2966bfc7-ca57-48b2-acb1-9b363d46b02c","local_time":"20180713201159","is_ascension_mode":false,"campfire_choices":[{"floor":6,"key":"REST"},{"floor":15,"key":"REST"}],"neow_cost":"NONE","seed_source_timestamp":215376670465383,"circlet_count":0,"master_deck":["Defend_G","Defend_G","Defend_G","Defend_G","Strike_G","Strike_G","Strike_G","Survivor","Neutralize","Bane","Predator","Dash","Blur","Tools of the Trade","Unload","Noxious Fumes"],"relics":["Ring of the Snake","Bag of Preparation","Tiny Chest","Happy Flower"],"potions_floor_usage":[4],"damage_taken":[{"damage":1,"enemies":"Cultist","floor":1,"turns":4},{"damage":5,"enemies":"Jaw Worm","floor":2,"turns":6},{"damage":0,"enemies":"Small Slimes","floor":3,"turns":3},{"damage":27,"enemies":"Exordium Wildlife","floor":4,"turns":4},{"damage":28,"enemies":"Exordium Thugs","floor":5,"turns":6},{"damage":0,"enemies":"Looter","floor":7,"turns":4},{"damage":3,"enemies":"2 Fungi Beasts","floor":11,"turns":4},{"damage":0,"enemies":"Large Slime","floor":13,"turns":4},{"damage":22,"enemies":"Lagavulin","floor":14,"turns":6},{"damage":29,"enemies":"Hexaghost","floor":16,"turns":7}],"seed_played":"2266844734177196958","potions_obtained":[{"floor":1,"key":"SpeedPotion"},{"floor":2,"key":"Strength Potion"},{"floor":3,"key":"Ancient Potion"},{"floor":14,"key":"Strength Potion"}],"is_trial":false,"path_per_floor":["M","M","M","M","M","R","M","?","T","$","M","$","M","E","R"],"character_chosen":"THE_SILENT","items_purchased":["Noxious Fumes"],"campfire_rested":2,"item_purchase_floors":[12],"current_hp_per_floor":[69,64,64,37,9,30,30,30,30,30,27,27,27,5,26,0],"gold":50,"neow_bonus":"RANDOM_COMMON_RELIC","is_prod":false,"is_daily":false,"chose_seed":false,"campfire_upgraded":0,"win_rate":0,"timestamp":1531527119,"path_taken":["M","M","?","M","?","R","M","?","T","$","M","?","M","E","R","BOSS"],"build_version":"2018-07-12","purchased_purges":2,"victory":false,"max_hp_per_floor":[70,70,70,70,70,70,70,70,70,70,70,70,70,70,70,70],"card_choices":[{"not_picked":["Accuracy","Deflect","Concentrate"],"picked":"SKIP","floor":1},{"not_picked":["Dodge and Roll","Calculated Gamble"],"picked":"Bane","floor":2},{"not_picked":["PiercingWail","Deflect"],"picked":"Predator","floor":3},{"not_picked":["Slice","Backflip"],"picked":"Dash","floor":4},{"not_picked":["Dagger Throw","Outmaneuver"],"picked":"Blur","floor":5},{"not_picked":["Dagger Throw","Cloak And Dagger","Reflex"],"picked":"SKIP","floor":7},{"not_picked":["Well Laid Plans","Dodge and Roll"],"picked":"Unload","floor":11},{"not_picked":["Accuracy","Dash","Quick Slash"],"picked":"SKIP","floor":13},{"not_picked":["Dagger Spray","Grand Finale","Prepared"],"picked":"SKIP","floor":14}],"player_experience":241807,"relics_obtained":[{"floor":9,"key":"Tiny Chest"},{"floor":14,"key":"Happy Flower"}],"event_choices":[{"event_name":"Transmorgrifier","player_choice":"Transform","floor":8,"damage_taken":0}],"boss_relics":[],"items_purged_floors":[10,12],"is_endless":false,"potions_floor_spawned":[1,2,3,14],"killed_by":"Hexaghost","ascension_level":0}