{"gold_per_floor":[144,67,67,112,112,112,202,202,202,103,148,193,238,283,283,583,583,628,588,588,633,183,183,273,273,298,343,388,433,478,568,568,568],"floor_reached":33,"playtime":1430,"items_purged":["Strike_R"],"score":364,"play_id":"147c6174-be88-4c0a-9191-349cc671059b","local_time":"20180624090659","daily_mods":["Heirloom","Midas","Vintage"],"is_ascension_mode":false,"campfire_choices":[{"floor":6,"key":"REST"},{"floor":8,"key":"REST"},{"floor":15,"key":"REST"},{"data":"Bite+1","floor":23,"key":"PURGE"},{"data":"Bite+1","floor":25,"key":"PURGE"},{"data":"Bite+1","floor":32,"key":"PURGE"}],"neow_cost":"","seed_source_timestamp":0,"circlet_count":0,"master_deck":["Defend_R+1","Defend_R+1","Bash+1","Uppercut+1","Inflame","Wild Strike","Fiend Fire+1","Power Through+1","True Grit+1","Ghostly Armor+1","Bite+1","Bite+1"],"special_seed":17706,"relics":["Burning Blood","Red Skull","Pear","Whetstone","Thread and Needle","Orichalcum","Mummified Hand","War Paint","Pen Nib","Molten Egg 2","Lantern","Bag of Preparation","Astrolabe","Paper Frog","Peace Pipe","Vajra","Bag of Marbles","Oddly Smooth Stone","Ginger","Singing Bowl","Happy Flower","Charon\u0027s Ashes","Ornamental Fan"],"potions_floor_usage":[7,18,21,33,33,33],"damage_taken":[{"damage":3,"enemies":"Small Slimes","floor":1,"turns":3},{"damage":9,"enemies":"2 Louse","floor":4,"turns":3},{"damage":33,"enemies":"Lagavulin","floor":7,"turns":7},{"damage":0,"enemies":"Cultist","floor":11,"turns":3},{"damage":2,"enemies":"Blue Slaver","floor":12,"turns":3},{"damage":0,"enemies":"2 Fungi Beasts","floor":13,"turns":3},{"damage":2,"enemies":"Red Slaver","floor":14,"turns":2},{"damage":11,"enemies":"Slime Boss","floor":16,"turns":13},{"damage":0,"enemies":"2 Thieves","floor":18,"turns":4},{"damage":2,"enemies":"3 Byrds","floor":21,"turns":7},{"damage":3,"enemies":"Slavers","floor":24,"turns":5},{"damage":7,"enemies":"Cultist and Chosen","floor":27,"turns":4},{"damage":0,"enemies":"3 Cultists","floor":28,"turns":4},{"damage":0,"enemies":"Chosen and Byrds","floor":29,"turns":3},{"damage":0,"enemies":"Centurion and Healer","floor":30,"turns":3},{"damage":0,"enemies":"Gremlin Leader","floor":31,"turns":2},{"damage":132,"enemies":"Champ","floor":33,"turns":15}],"seed_played":"1648767843045410124","potions_obtained":[{"floor":1,"key":"Ancient Potion"},{"floor":7,"key":"SteroidPotion"},{"floor":14,"key":"GamblersBrew"},{"floor":16,"key":"LiquidBronze"},{"floor":19,"key":"BloodPotion"},{"floor":19,"key":"Poison Potion"},{"floor":19,"key":"Fruit Juice"},{"floor":21,"key":"Ancient Potion"}],"is_trial":false,"path_per_floor":["M","$","?","M","?","R","E","R","T","$","M","M","M","M","R","B",null,"M","?","?","M","$","R","E","R","T","M","M","M","M","E","R"],"character_chosen":"IRONCLAD","items_purchased":["Uppercut","Wild Strike","Peace Pipe","Vajra"],"campfire_rested":3,"item_purchase_floors":[2,10,22,22],"current_hp_per_floor":[90,90,72,69,57,84,57,84,84,84,90,90,90,90,90,85,90,90,90,90,95,95,95,95,95,95,95,95,95,95,97,97,0],"gold":568,"neow_bonus":"","is_prod":false,"is_daily":true,"chose_seed":false,"campfire_upgraded":0,"win_rate":0.0,"timestamp":1529845619,"path_taken":["M","$","?","?","?","R","E","R","T","$","M","?","M","M","R","BOSS","M","?","?","M","$","R","E","R","T","M","M","M","M","E","R","BOSS"],"build_version":"2018-06-21v2","purchased_purges":1,"victory":false,"max_hp_per_floor":[90,90,90,90,90,90,90,90,90,90,90,90,90,90,90,90,90,90,90,90,95,95,95,95,95,95,95,95,95,95,97,97,97],"card_choices":[{"not_picked":["Entrench","Seeing Red"],"picked":"Inflame","floor":7},{"not_picked":["Dark Embrace","Limit Break"],"picked":"Fiend Fire+1","floor":16},{"not_picked":["Flame Barrier","Pummel+1","Flex"],"picked":"SKIP","floor":24},{"not_picked":["Flame Barrier","Pummel+1","Flex"],"picked":"SKIP","floor":24},{"not_picked":["Dual Wield","Pommel Strike+1","Inflame"],"picked":"Singing Bowl","floor":31}],"player_experience":168774,"relics_obtained":[{"floor":1,"key":"Pear"},{"floor":4,"key":"Whetstone"},{"floor":7,"key":"Orichalcum"},{"floor":9,"key":"Mummified Hand"},{"floor":11,"key":"War Paint"},{"floor":12,"key":"Pen Nib"},{"floor":13,"key":"Molten Egg 2"},{"floor":14,"key":"Lantern"},{"floor":16,"key":"Bag of Preparation"},{"floor":18,"key":"Blood Vial"},{"floor":21,"key":"Paper Frog"},{"floor":24,"key":"Bag of Marbles"},{"floor":26,"key":"Oddly Smooth Stone"},{"floor":27,"key":"Ginger"},{"floor":28,"key":"Singing Bowl"},{"floor":29,"key":"Happy Flower"},{"floor":30,"key":"Charon\u0027s Ashes"},{"floor":31,"key":"Ornamental Fan"}],"event_choices":[{"event_name":"Shining Light","player_choice":"Entered Light","floor":3,"damage_taken":0},{"event_name":"Scrap Ooze","player_choice":"success","floor":5,"damage_taken":12},{"event_name":"The Woman in Blue","player_choice":"Bought 3 Potions","floor":19,"damage_taken":0},{"event_name":"Vampires","player_choice":"Became a vampire (Vial)","floor":20,"damage_taken":0}],"boss_relics":[{"not_picked":["White Beast Statue","Runic Cube"],"picked":"Astrolabe"}],"items_purged_floors":[10],"is_endless":false,"potions_floor_spawned":[1,7,14,16,21,24,29,31],"killed_by":"Champ","ascension_level":0}