{"path_per_floor":["M","M","M","M","M","R","?","R","T","M","M","M","$","?","R","B",null,"M","$","M","?","M","R","M","M","T","M","R","M","R","?","R"],"character_chosen":"DEFECT","items_purchased":["Echo Form","FTL","Conserve Battery","Capacitor","Centennial Puzzle"],"gold_per_floor":[117,134,147,166,180,180,180,180,234,245,255,273,53,53,53,149,449,460,51,62,212,224,224,239,259,259,274,274,294,294,294,294,294],"floor_reached":33,"campfire_rested":7,"playtime":4257,"item_purchase_floors":[13,13,19,19,19],"current_hp_per_floor":[74,71,60,46,13,35,10,32,32,20,10,10,10,35,57,9,75,69,69,65,65,40,62,32,21,21,6,28,21,43,29,53,0],"items_purged":["Writhe"],"gold":294,"score":270,"play_id":"0cc8e7ce-6e65-4710-a857-f8bec9931a51","local_time":"20180614174248","is_prod":false,"is_daily":false,"chose_seed":false,"is_ascension_mode":false,"campfire_upgraded":0,"win_rate":0.0,"timestamp":1529012568,"campfire_choices":[{"floor":6,"key":"REST"},{"floor":8,"key":"REST"},{"floor":15,"key":"REST"},{"floor":23,"key":"REST"},{"floor":28,"key":"REST"},{"floor":30,"key":"REST"},{"floor":32,"key":"REST"}],"path_taken":["M","M","M","?","M","R","?","R","T","?","M","M","$","?","R","BOSS","M","$","M","?","M","R","M","M","T","M","R","M","R","?","R","BOSS"],"build_version":"2018-06-07v3","seed_source_timestamp":119164474502562,"purchased_purges":1,"victory":false,"master_deck":["Strike_B","Strike_B","Strike_B","Strike_B","Defend_B","Defend_B","Defend_B+1","Defend_B+1","Zap","Dualcast","Streamline","Streamline","Ball Lightning","Barrage","Force Field","Ball Lightning","Ball Lightning","Go for the Eyes","Ball Lightning","Echo Form","FTL","Rainbow","Regret","Parasite","Beam Cell+1","Conserve Battery","Capacitor","Redo","Reinforced Body","Redo+1","Sweeping Beam+1"],"max_hp_per_floor":[75,75,75,75,75,75,75,75,75,75,75,75,75,75,75,75,75,75,75,75,75,75,75,75,75,75,75,75,75,75,80,80,80],"relics":["Cracked Core","Mercury Hourglass","War Paint","Calling Bell","Orichalcum","Old Coin","Darkstone Periapt","Centennial Puzzle","Shuriken"],"card_choices":[{"not_picked":["Leap","Ball Lightning"],"picked":"Streamline","floor":0},{"not_picked":["Coolheaded","Scrape"],"picked":"Streamline","floor":1},{"not_picked":["Hologram","Doom and Gloom"],"picked":"Ball Lightning","floor":2},{"not_picked":["Gash","Barrage","Skim"],"picked":"SKIP","floor":3},{"not_picked":["Gash","Skim"],"picked":"Barrage","floor":3},{"not_picked":["Compile Driver","Fusion"],"picked":"Force Field","floor":4},{"not_picked":["Gash","Tempest"],"picked":"Ball Lightning","floor":5},{"not_picked":["Stack","Compile Driver"],"picked":"Ball Lightning","floor":10},{"not_picked":["Gash","Cold Snap"],"picked":"Go for the Eyes","floor":11},{"not_picked":["Stack","Steam Power"],"picked":"Ball Lightning","floor":12},{"not_picked":["Buffer","Thunder Strike"],"picked":"Rainbow","floor":16},{"not_picked":["Rebound","Stack"],"picked":"Beam Cell+1","floor":18},{"not_picked":["Coolheaded","Steam Power"],"picked":"Redo","floor":20},{"not_picked":["Steam","Ball Lightning"],"picked":"Reinforced Body","floor":22},{"not_picked":["Hello World","Coolheaded"],"picked":"Redo+1","floor":24},{"not_picked":["Go for the Eyes","Coolheaded","Blizzard"],"picked":"SKIP","floor":25},{"not_picked":["Steam","Chaos"],"picked":"Sweeping Beam+1","floor":27},{"not_picked":["Glacier+1","Compile Driver","Buffer"],"picked":"SKIP","floor":29}],"player_experience":10987,"potions_floor_usage":[12,16,16,25,27,33,33],"damage_taken":[{"damage":1,"enemies":"Cultist","floor":1,"turns":4},{"damage":3,"enemies":"Small Slimes","floor":2,"turns":3},{"damage":11,"enemies":"Jaw Worm","floor":3,"turns":2},{"damage":14,"enemies":"Blue Slaver","floor":4,"turns":3},{"damage":33,"enemies":"Lots of Slimes","floor":5,"turns":4},{"damage":12,"enemies":"3 Louse","floor":10,"turns":2},{"damage":10,"enemies":"Looter","floor":11,"turns":3},{"damage":0,"enemies":"2 Fungi Beasts","floor":12,"turns":2},{"damage":48,"enemies":"The Guardian","floor":16,"turns":8},{"damage":6,"enemies":"Chosen","floor":18,"turns":4},{"damage":4,"enemies":"3 Byrds","floor":20,"turns":3},{"damage":25,"enemies":"Snecko","floor":22,"turns":5},{"damage":30,"enemies":"Snake Plant","floor":24,"turns":4},{"damage":11,"enemies":"Centurion and Healer","floor":25,"turns":6},{"damage":15,"enemies":"3 Cultists","floor":27,"turns":6},{"damage":7,"enemies":"Snecko","floor":29,"turns":3},{"damage":87,"enemies":"Champ","floor":33,"turns":10}],"relics_obtained":[{"floor":9,"key":"War Paint"},{"floor":17,"key":"Orichalcum"},{"floor":17,"key":"Old Coin"},{"floor":17,"key":"Darkstone Periapt"},{"floor":26,"key":"Shuriken"}],"event_choices":[{"event_name":"Scrap Ooze","player_choice":"success","floor":7,"damage_taken":25},{"event_name":"Big Fish","player_choice":"Banana","floor":14,"damage_taken":0},{"event_name":"Nest","player_choice":"Stole From Cult","floor":21,"damage_taken":0},{"event_name":"Forgotten Altar","player_choice":"Shed Blood","floor":31,"damage_taken":0}],"boss_relics":[{"not_picked":["Tiny House","Black Star"],"picked":"Calling Bell"}],"items_purged_floors":[19],"potions_floor_spawned":[1,5,11,12,18,20,27,29],"seed_played":"3876578956768505559","killed_by":"Champ","ascension_level":0,"potions_obtained":[{"floor":1,"key":"LiquidBronze"},{"floor":5,"key":"SkillPotion"},{"floor":11,"key":"FearPotion"},{"floor":12,"key":"GamblersBrew"},{"floor":18,"key":"FairyPotion"},{"floor":20,"key":"SkillPotion"},{"floor":27,"key":"SpeedPotion"},{"floor":29,"key":"Ancient Potion"}],"is_trial":false}