{"gold_per_floor":[361,375,375,23,35,35,61,61,112,183,183,195,221,240,240,319,319,331,331,331,347,447,447,472,60,86,120,120,139,99,115,115,191,191,202,221,233,251,251,251,267,267,267,98,98,125,144,69,69,69],"floor_reached":51,"playtime":1368,"items_purged":["Writhe","Defend_R","Defend_R","Rainbow+1"],"score":1478,"play_id":"1c040d04-34ca-4a53-8a09-4912dc761f6d","local_time":"20190316135101","is_ascension_mode":true,"campfire_choices":[{"data":"Apotheosis","floor":6,"key":"SMITH"},{"floor":8,"key":"REST"},{"data":"Perfected Strike","floor":15,"key":"SMITH"},{"data":"Perfected Strike","floor":23,"key":"SMITH"},{"floor":32,"key":"REST"},{"data":"Shockwave","floor":40,"key":"SMITH"},{"data":"Rainbow","floor":42,"key":"SMITH"},{"data":"Hyperbeam","floor":45,"key":"SMITH"},{"data":"Hyperbeam","floor":49,"key":"SMITH"}],"neow_cost":"CURSE","seed_source_timestamp":55583843545042,"circlet_count":0,"master_deck":["AscendersBane","Strike_R","Strike_R","Strike_R","Strike_R","Strike_R+1","Defend_R","Defend_R","Bash","Perfected Strike+1","Twin Strike","Apotheosis+1","Wild Strike","Perfected Strike","Perfected Strike+1","Perfected Strike+1","Fiend Fire","Hyperbeam+1","Shockwave+1","Hyperbeam+1","Perfected Strike"],"relics":["Burning Blood","Membership Card","Happy Flower","Anchor","Paper Frog","Magic Flower","Snecko Eye","MutagenicStrength","Nunchaku","Bottled Flame","Potion Belt","PrismaticShard","Strawberry","Whetstone","Gambling Chip","Philosopher\u0027s Stone","Letter Opener","HandDrill","FossilizedHelix"],"potions_floor_usage":[13,13,16,22,25,27,27,33,33,38,46,50,50,50,50],"damage_taken":[{"damage":7,"enemies":"Cultist","floor":1,"turns":4},{"damage":8,"enemies":"2 Louse","floor":2,"turns":2},{"damage":4,"enemies":"Jaw Worm","floor":5,"turns":3},{"damage":34,"enemies":"3 Sentries","floor":7,"turns":7},{"damage":6,"enemies":"Blue Slaver","floor":12,"turns":3},{"damage":0,"enemies":"Lagavulin","floor":13,"turns":3},{"damage":3,"enemies":"Large Slime","floor":14,"turns":4},{"damage":22,"enemies":"Slime Boss","floor":16,"turns":7},{"damage":0,"enemies":"Chosen","floor":18,"turns":1},{"damage":12,"enemies":"Shell Parasite","floor":21,"turns":3},{"damage":13,"enemies":"Colosseum Slavers","floor":22,"turns":3},{"damage":8,"enemies":"Colosseum Nobs","floor":22,"turns":3},{"damage":21,"enemies":"Book of Stabbing","floor":24,"turns":3},{"damage":11,"enemies":"Gremlin Leader","floor":27,"turns":4},{"damage":0,"enemies":"Cultist and Chosen","floor":29,"turns":2},{"damage":0,"enemies":"3 Cultists","floor":31,"turns":2},{"damage":8,"enemies":"Champ","floor":33,"turns":3},{"damage":0,"enemies":"3 Darklings","floor":35,"turns":1},{"damage":20,"enemies":"3 Shapes","floor":36,"turns":1},{"damage":0,"enemies":"3 Darklings","floor":37,"turns":2},{"damage":0,"enemies":"Jaw Worm Horde","floor":38,"turns":2},{"damage":0,"enemies":"Transient","floor":41,"turns":6},{"damage":0,"enemies":"Nemesis","floor":46,"turns":1},{"damage":0,"enemies":"3 Darklings","floor":47,"turns":1},{"damage":45,"enemies":"Donu and Deca","floor":50,"turns":4}],"seed_played":"-1700794396403412043","potions_obtained":[{"floor":1,"key":"FearPotion"},{"floor":7,"key":"AttackPotion"},{"floor":14,"key":"Poison Potion"},{"floor":18,"key":"LiquidBronze"},{"floor":21,"key":"GamblersBrew"},{"floor":24,"key":"SkillPotion"},{"floor":30,"key":"Fire Potion"},{"floor":30,"key":"Poison Potion"},{"floor":30,"key":"Regen Potion"},{"floor":33,"key":"PowerPotion"},{"floor":35,"key":"Weak Potion"},{"floor":36,"key":"Explosive Potion"},{"floor":41,"key":"Explosive Potion"},{"floor":46,"key":"FearPotion"}],"is_trial":false,"path_per_floor":["M","M","?","$","M","R","E","R","T","?","T","M","E","M","R","B",null,"M","?","?","M","?","R","E","$","T","E","?","M","?","M","R","B",null,"M","M","M","M","?","R","M","R","T","$","R","E","M","$","R","B",null],"character_chosen":"IRONCLAD","items_purchased":["Membership Card","Apotheosis","Fiend Fire","PrismaticShard","Fruit Juice","Block Potion","Strawberry","HandDrill"],"campfire_rested":2,"item_purchase_floors":[4,4,25,25,25,25,25,44],"current_hp_per_floor":[67,65,65,65,67,67,39,61,61,61,61,61,67,73,73,60,71,75,75,75,72,69,69,57,69,69,67,42,51,51,60,87,88,91,92,81,90,92,92,92,92,92,92,92,92,92,92,92,92,70],"gold":69,"neow_bonus":"TWO_FIFTY_GOLD","is_prod":false,"is_daily":false,"chose_seed":false,"campfire_upgraded":7,"win_rate":0,"timestamp":1552729861,"path_taken":["M","?","?","$","?","R","E","R","T","?","?","M","E","M","R","BOSS","M","?","?","M","?","R","E","$","T","E","?","?","?","M","R","BOSS","M","M","M","M","?","R","?","R","T","$","R","E","M","$","R","BOSS"],"build_version":"2019-01-23","purchased_purges":4,"victory":true,"max_hp_per_floor":[75,75,75,75,75,75,75,75,75,75,75,75,75,75,75,75,75,75,75,75,75,75,75,75,87,87,87,92,92,92,92,92,92,92,92,92,92,92,92,92,92,92,92,92,92,92,92,92,92,92],"card_choices":[{"not_picked":["Pommel Strike","Burning Pact"],"picked":"Perfected Strike","floor":1},{"not_picked":["Evolve","Heavy Blade"],"picked":"Twin Strike","floor":2},{"not_picked":["Body Slam","Havoc"],"picked":"Wild Strike","floor":5},{"not_picked":["Rampage","Pummel","Searing Blow"],"picked":"SKIP","floor":7},{"not_picked":["Warcry","Cleave"],"picked":"Perfected Strike","floor":12},{"not_picked":["Reckless Charge","Metallicize"],"picked":"Perfected Strike","floor":13},{"not_picked":["Carnage","Armaments","Seeing Red"],"picked":"SKIP","floor":14},{"not_picked":["Anger+1","Iron Wave","Warcry"],"picked":"SKIP","floor":18},{"not_picked":["Clothesline","Pommel Strike+1"],"picked":"Perfected Strike","floor":21},{"not_picked":["Warcry","Armaments","Shrug It Off"],"picked":"SKIP","floor":24},{"not_picked":["Beam Cell","Corruption"],"picked":"Hyperbeam","floor":27},{"not_picked":["Compile Driver+1","Streamline+1","Dagger Throw"],"picked":"SKIP","floor":29},{"not_picked":["Infernal Blade","Heavy Blade","Dodge and Roll"],"picked":"SKIP","floor":31},{"not_picked":["Chill+1","Deflect"],"picked":"Shockwave","floor":35},{"not_picked":["Heavy Blade","Blood for Blood+1","Havoc"],"picked":"SKIP","floor":36},{"not_picked":["Warcry+1","Clothesline+1","Slice"],"picked":"SKIP","floor":37},{"not_picked":["Redo","Gash+1","Burning Pact"],"picked":"SKIP","floor":38},{"not_picked":["Calculated Gamble","Clash"],"picked":"Rainbow","floor":41},{"not_picked":["Backflip","Acrobatics","Grand Finale"],"picked":"SKIP","floor":46},{"not_picked":["Rebound+1","Shrug It Off"],"picked":"Perfected Strike","floor":47}],"player_experience":733325,"relics_obtained":[{"floor":7,"key":"Happy Flower"},{"floor":9,"key":"Anchor"},{"floor":11,"key":"Paper Frog"},{"floor":13,"key":"Magic Flower"},{"floor":22,"key":"Nunchaku"},{"floor":22,"key":"Bottled Flame"},{"floor":24,"key":"Potion Belt"},{"floor":26,"key":"Whetstone"},{"floor":27,"key":"Gambling Chip"},{"floor":43,"key":"Letter Opener"},{"floor":46,"key":"FossilizedHelix"}],"event_choices":[{"damage_healed":0,"gold_gain":0,"player_choice":"0 cards matched","damage_taken":0,"max_hp_gain":0,"max_hp_loss":0,"event_name":"Match and Keep!","floor":3,"gold_loss":0,"cards_obtained":[]},{"damage_healed":0,"gold_gain":71,"player_choice":"Gained Gold","damage_taken":0,"max_hp_gain":0,"max_hp_loss":0,"event_name":"Golden Wing","floor":10,"gold_loss":0},{"damage_healed":0,"gold_gain":0,"player_choice":"Inject Mutagens","damage_taken":0,"relics_obtained":["MutagenicStrength"],"max_hp_gain":0,"max_hp_loss":0,"event_name":"Drug Dealer","floor":19,"gold_loss":0},{"damage_healed":0,"gold_gain":0,"player_choice":"Ignored","damage_taken":0,"max_hp_gain":0,"max_hp_loss":0,"event_name":"Beggar","floor":20,"gold_loss":0},{"damage_healed":0,"gold_gain":0,"player_choice":"Fight","damage_taken":0,"max_hp_gain":0,"max_hp_loss":0,"event_name":"Colosseum","floor":22,"gold_loss":0},{"damage_healed":0,"gold_gain":0,"player_choice":"Fought Nobs","damage_taken":0,"max_hp_gain":0,"max_hp_loss":0,"event_name":"Colosseum","floor":22,"gold_loss":0},{"damage_healed":0,"gold_gain":0,"player_choice":"Shed Blood","damage_taken":30,"max_hp_gain":5,"max_hp_loss":0,"event_name":"Forgotten Altar","floor":28,"gold_loss":0},{"damage_healed":0,"gold_gain":0,"player_choice":"Bought 3 Potions","damage_taken":0,"max_hp_gain":0,"max_hp_loss":0,"event_name":"The Woman in Blue","floor":30,"gold_loss":0},{"damage_healed":0,"gold_gain":0,"player_choice":"Copied","damage_taken":0,"max_hp_gain":0,"max_hp_loss":0,"event_name":"Duplicator","floor":39,"gold_loss":0,"cards_obtained":["Hyperbeam"]}],"is_beta":false,"boss_relics":[{"not_picked":["Coffee Dripper","Cursed Key"],"picked":"Snecko Eye"},{"not_picked":["Busted Crown","Mark of Pain"],"picked":"Philosopher\u0027s Stone"}],"items_purged_floors":[4,25,44,48],"is_endless":false,"potions_floor_spawned":[1,7,14,18,21,24,33,35,36,41,46],"ascension_level":18}