{"path_per_floor":["M","M","?","M","M","R","M","R","T","R","M","E","$","M","R","B",null,"M","?","M","?","$","R","M","R","T","?","R","M","M","M","R"],"character_chosen":"IRONCLAD","items_purchased":["Master of Strategy","Poisoned Stab","Fire Potion"],"gold_per_floor":[117,136,136,154,171,171,188,188,188,188,208,237,1,14,14,111,111,125,40,52,52,2,2,17,17,17,17,17,36,49,59,59,59],"floor_reached":33,"campfire_rested":7,"playtime":2888,"item_purchase_floors":[13,13,22],"current_hp_per_floor":[80,80,80,69,46,70,62,80,80,80,68,45,45,37,61,39,80,58,58,44,44,44,68,55,80,80,64,89,89,82,75,93,0],"items_purged":[],"gold":59,"score":251,"play_id":"f24f7a03-c008-4a30-87ca-b0ee6c13ea5a","local_time":"20180615173804","daily_mods":["Draft","Diverse"],"is_prod":false,"is_daily":false,"chose_seed":true,"is_ascension_mode":false,"campfire_upgraded":1,"win_rate":0.0,"timestamp":1529098684,"campfire_choices":[{"floor":6,"key":"REST"},{"floor":8,"key":"REST"},{"data":"Streamline","floor":10,"key":"SMITH"},{"floor":15,"key":"REST"},{"floor":23,"key":"REST"},{"floor":25,"key":"REST"},{"floor":28,"key":"REST"},{"floor":32,"key":"REST"}],"path_taken":["M","M","?","M","M","R","M","R","T","R","?","E","$","M","R","BOSS","M","?","M","?","$","R","M","R","T","?","R","M","M","?","R","BOSS"],"build_version":"2018-06-14v2","seed_source_timestamp":206648091627618,"purchased_purges":0,"victory":false,"master_deck":["Perfected Strike","Poisoned Stab","Lockon","Caltrops","Bouncing Flask","Streamline","Clothesline","Skewer","Tempest","Tempest","Conserve Battery","Deadly Poison+1","Streamline+1","Quick Slash","Go for the Eyes","Bane","Iron Wave","Headbutt","Master of Strategy","Poisoned Stab","Hologram+1","Adrenaline","Coolheaded+1","Hologram+1","Skim+1","Pommel Strike+1","Backflip"],"max_hp_per_floor":[80,80,80,80,80,80,80,80,80,80,80,80,80,80,80,80,80,82,82,82,82,82,82,84,84,84,89,89,89,91,93,93,93],"special_seed":50471966854428,"relics":["Burning Blood","Self Forming Clay","Singing Bowl","Astrolabe","Incense Burner","War Paint"],"card_choices":[{"not_picked":["Capacitor","Go for the Eyes"],"picked":"Perfected Strike","floor":0},{"not_picked":["Catalyst","Storm"],"picked":"Pummel","floor":0},{"not_picked":["Flechettes","Noxious Fumes"],"picked":"Poisoned Stab","floor":0},{"not_picked":["Prepared","Disarm"],"picked":"Lockon","floor":0},{"not_picked":["Bloodletting","Acrobatics"],"picked":"Caltrops","floor":0},{"not_picked":["Hello World","Havoc"],"picked":"Bouncing Flask","floor":0},{"not_picked":["Battle Trance","Heavy Blade"],"picked":"Streamline","floor":0},{"not_picked":["Power Through","Dash"],"picked":"Streamline","floor":0},{"not_picked":["Acrobatics","Sunder"],"picked":"Clothesline","floor":0},{"not_picked":["Cold Snap","Anger"],"picked":"Skewer","floor":0},{"not_picked":["Twin Strike","Deadly Poison"],"picked":"Tempest","floor":0},{"not_picked":["Dagger Spray","Fire Breathing"],"picked":"Reprogram","floor":0},{"not_picked":["Wild Strike","Turbo"],"picked":"Tempest","floor":0},{"not_picked":["True Grit","Poisoned Stab"],"picked":"Conserve Battery","floor":0},{"not_picked":["Iron Wave","Loop"],"picked":"Deadly Poison","floor":0},{"not_picked":["Feel No Pain","Heel Hook"],"picked":"Streamline","floor":1},{"not_picked":["Stack","Rebound"],"picked":"Anger","floor":2},{"not_picked":["Backflip","Dropkick"],"picked":"Quick Slash","floor":4},{"not_picked":["Warcry","Creative AI"],"picked":"Go for the Eyes","floor":5},{"not_picked":["Headbutt","Clash"],"picked":"Bane","floor":7},{"not_picked":["Body Slam","PiercingWail"],"picked":"Iron Wave","floor":11},{"not_picked":["Masterful Stab","Meteor Strike"],"picked":"Headbutt","floor":12},{"not_picked":["Distraction","Heavy Blade"],"picked":"Hologram","floor":14},{"not_picked":["Thunder Strike","Limit Break"],"picked":"Adrenaline","floor":16},{"not_picked":["Heavy Blade","Inflame","Twin Strike"],"picked":"Singing Bowl","floor":18},{"not_picked":["True Grit","Clothesline"],"picked":"Pommel Strike+1","floor":20},{"not_picked":["BootSequence","Dual Wield","Barrage"],"picked":"Singing Bowl","floor":24},{"not_picked":["Heatsinks+1","Havoc"],"picked":"Backflip","floor":29},{"not_picked":["Steam Power+1","Masterful Stab","Acrobatics"],"picked":"Singing Bowl","floor":30},{"not_picked":["Capacitor+1","Heel Hook","Body Slam"],"picked":"Singing Bowl","floor":31}],"player_experience":58615,"potions_floor_usage":[14,18,24,33,33],"damage_taken":[{"damage":5,"enemies":"2 Louse","floor":1,"turns":2},{"damage":6,"enemies":"Cultist","floor":2,"turns":3},{"damage":17,"enemies":"Small Slimes","floor":4,"turns":3},{"damage":29,"enemies":"Gremlin Gang","floor":5,"turns":4},{"damage":14,"enemies":"Blue Slaver","floor":7,"turns":3},{"damage":18,"enemies":"Exordium Wildlife","floor":11,"turns":3},{"damage":29,"enemies":"3 Sentries","floor":12,"turns":5},{"damage":14,"enemies":"2 Fungi Beasts","floor":14,"turns":3},{"damage":28,"enemies":"Slime Boss","floor":16,"turns":9},{"damage":30,"enemies":"Shell Parasite","floor":18,"turns":6},{"damage":20,"enemies":"Chosen","floor":20,"turns":4},{"damage":21,"enemies":"Sentry and Sphere","floor":24,"turns":4},{"damage":1,"enemies":"Snecko","floor":29,"turns":4},{"damage":15,"enemies":"Chosen and Byrds","floor":30,"turns":6},{"damage":15,"enemies":"Snake Plant","floor":31,"turns":4},{"damage":116,"enemies":"Collector","floor":33,"turns":6}],"relics_obtained":[{"floor":9,"key":"Self Forming Clay"},{"floor":12,"key":"Singing Bowl"},{"floor":26,"key":"War Paint"}],"event_choices":[{"event_name":"Bonfire Elementals","player_choice":"UNCOMMON","floor":3,"damage_taken":0},{"event_name":"Addict","player_choice":"Obtained Relic","floor":19,"damage_taken":0},{"event_name":"Drug Dealer","player_choice":"Ignored","floor":21,"damage_taken":0},{"event_name":"Forgotten Altar","player_choice":"Shed Blood","floor":27,"damage_taken":0}],"boss_relics":[{"not_picked":["Empty Cage","White Beast Statue"],"picked":"Astrolabe"}],"items_purged_floors":[],"is_endless":false,"potions_floor_spawned":[1,2,5,7,16,20,31],"seed_played":"-1801225101804931441","killed_by":"Collector","ascension_level":0,"potions_obtained":[{"floor":1,"key":"Weak Potion"},{"floor":2,"key":"SpeedPotion"},{"floor":5,"key":"Poison Potion"},{"floor":16,"key":"FearPotion"},{"floor":20,"key":"Dexterity Potion"},{"floor":31,"key":"BloodPotion"}],"is_trial":true}