{"gold_per_floor":[111,36,36,52,52,80,92,129,141,153,179,220,232,294,306,318],"floor_reached":16,"playtime":376,"items_purged":["Strike_R"],"score":282,"play_id":"7a7b4644-5048-487e-8d73-bd906a0b7b8e","local_time":"20190317141221","is_ascension_mode":true,"campfire_choices":[{"data":"Pommel Strike","floor":7,"key":"SMITH"},{"data":"Battle Trance","floor":13,"key":"SMITH"},{"floor":15,"key":"REST"}],"neow_cost":"NONE","seed_source_timestamp":144275878307972,"circlet_count":0,"master_deck":["AscendersBane","Strike_R","Strike_R","Strike_R","Strike_R","Defend_R","Defend_R","Defend_R","Bash+1","True Grit","Pommel Strike+1","Battle Trance+1","Twin Strike+1","Anger+1","Headbutt+1"],"relics":["Burning Blood","NeowsBlessing","MawBank","Molten Egg 2","Matryoshka","Anchor"],"potions_floor_usage":[8,8,12],"damage_taken":[{"damage":0,"enemies":"2 Louse","floor":1,"turns":1},{"damage":0,"enemies":"Cultist","floor":4,"turns":1},{"damage":0,"enemies":"Lagavulin","floor":6,"turns":1},{"damage":23,"enemies":"3 Sentries","floor":8,"turns":11},{"damage":0,"enemies":"Small Slimes","floor":11,"turns":3},{"damage":32,"enemies":"Gremlin Nob","floor":12,"turns":4},{"damage":64,"enemies":"The Guardian","floor":16,"turns":12}],"seed_played":"2044640850825631680","potions_obtained":[{"floor":1,"key":"SteroidPotion"},{"floor":6,"key":"Fruit Juice"},{"floor":11,"key":"Regen Potion"}],"is_trial":false,"path_per_floor":["M","$","?","M","?","E","R","E","T","$","M","E","R","?","R","B"],"character_chosen":"IRONCLAD","items_purchased":[],"campfire_rested":1,"item_purchase_floors":[],"current_hp_per_floor":[74,74,74,75,75,75,75,63,63,63,69,48,48,40,64,0],"gold":318,"neow_bonus":"THREE_ENEMY_KILL","is_prod":false,"is_daily":false,"chose_seed":false,"campfire_upgraded":2,"win_rate":0,"timestamp":1552817541,"path_taken":["M","$","?","?","?","E","R","E","T","$","M","E","R","?","R","BOSS"],"build_version":"2019-01-23","purchased_purges":1,"victory":false,"max_hp_per_floor":[75,75,75,75,75,75,75,80,80,80,80,80,80,80,80,80],"card_choices":[{"not_picked":["Burning Pact","Body Slam"],"picked":"True Grit","floor":1},{"not_picked":["Sword Boomerang","Shrug It Off"],"picked":"Pommel Strike","floor":4},{"not_picked":["Shrug It Off","Body Slam"],"picked":"Battle Trance","floor":6},{"not_picked":["Warcry","Carnage"],"picked":"Twin Strike","floor":8},{"not_picked":["Intimidate","Second Wind"],"picked":"Anger+1","floor":11},{"not_picked":["Brutality","Dropkick+1"],"picked":"Headbutt+1","floor":12}],"player_experience":757175,"relics_obtained":[{"floor":6,"key":"MawBank"},{"floor":8,"key":"Molten Egg 2"},{"floor":9,"key":"Matryoshka"},{"floor":12,"key":"Anchor"}],"event_choices":[{"cards_removed":["Defend_R"],"damage_healed":0,"gold_gain":0,"player_choice":"Purged","damage_taken":0,"max_hp_gain":0,"max_hp_loss":0,"event_name":"Purifier","floor":3,"gold_loss":0},{"damage_healed":0,"gold_gain":0,"player_choice":"Grow","damage_taken":0,"max_hp_gain":0,"max_hp_loss":0,"event_name":"Living Wall","floor":5,"gold_loss":0,"cards_upgraded":["Bash"]},{"damage_healed":0,"gold_gain":50,"player_choice":"Touch","damage_taken":8,"max_hp_gain":0,"max_hp_loss":0,"event_name":"FaceTrader","floor":14,"gold_loss":0}],"is_beta":false,"boss_relics":[],"items_purged_floors":[2],"is_endless":false,"potions_floor_spawned":[1,6,11],"killed_by":"The Guardian","ascension_level":20}