{"gold_per_floor":[119,134,134,149,149,149,149,149,149,149,8,25,25,42,42,141,141,152,28,43,43,54,66,80,100,100,100,199,99,109,109,109,212,212,230,105,105,119,139,139,153,153,153,170,15,15,15,15,15,15],"floor_reached":51,"playtime":2255,"items_purged":["Strike_B","Defend_B","Zap"],"score":639,"play_id":"0f64b76a-ef99-42c5-95fa-73987f11d709","local_time":"20180803222838","is_ascension_mode":false,"campfire_choices":[{"data":"Cold Snap","floor":6,"key":"SMITH"},{"floor":8,"key":"REST"},{"data":"Chaos","floor":10,"key":"SMITH"},{"data":"Meteor Strike","floor":15,"key":"SMITH"},{"floor":27,"key":"REST"},{"floor":32,"key":"REST"},{"floor":40,"key":"REST"},{"floor":42,"key":"REST"},{"floor":49,"key":"REST"}],"neow_cost":"NONE","seed_source_timestamp":44339846334790,"circlet_count":0,"master_deck":["Strike_B","Defend_B","Cold Snap+1","Recycle","Meteor Strike+1","Melter","Streamline","Meteor Strike","Rebound","Hologram","All For One","Force Field","Thunder Strike","Doom and Gloom+1","Steam+1","Gash+1","Madness","Madness","BootSequence+1","Meteor Strike+1"],"relics":["Snecko Eye","Cables","Lizard Tail","Letter Opener","Juzu Bracelet","Astrolabe","Blue Candle","Regal Pillow","Kunai"],"potions_floor_usage":[44,44,50],"damage_taken":[{"damage":1,"enemies":"Cultist","floor":1,"turns":3},{"damage":8,"enemies":"Small Slimes","floor":2,"turns":4},{"damage":2,"enemies":"Jaw Worm","floor":4,"turns":4},{"damage":2,"enemies":"Blue Slaver","floor":12,"turns":2},{"damage":4,"enemies":"Gremlin Gang","floor":14,"turns":4},{"damage":45,"enemies":"Hexaghost","floor":16,"turns":9},{"damage":3,"enemies":"Shell Parasite","floor":18,"turns":3},{"damage":8,"enemies":"3 Byrds","floor":20,"turns":3},{"damage":0,"enemies":"Centurion and Healer","floor":22,"turns":2},{"damage":37,"enemies":"Snake Plant","floor":23,"turns":3},{"damage":0,"enemies":"3 Cultists","floor":24,"turns":3},{"damage":11,"enemies":"Slaver and Parasite","floor":25,"turns":3},{"damage":0,"enemies":"Snecko","floor":30,"turns":2},{"damage":40,"enemies":"Automaton","floor":33,"turns":5},{"damage":0,"enemies":"3 Darklings","floor":35,"turns":2},{"damage":0,"enemies":"Orb Walker","floor":38,"turns":2},{"damage":18,"enemies":"Sphere and 2 Shapes","floor":39,"turns":3},{"damage":91,"enemies":"Flame Bruiser 2 Orb","floor":41,"turns":4},{"damage":0,"enemies":"Spire Growth","floor":44,"turns":3},{"damage":46,"enemies":"Donu and Deca","floor":50,"turns":8}],"seed_played":"6971486234325799364","potions_obtained":[{"floor":2,"key":"Strength Potion"},{"floor":4,"key":"FocusPotion"},{"floor":14,"key":"Block Potion"},{"floor":30,"key":"Regen Potion"}],"is_trial":false,"path_per_floor":["M","M","?","M","?","R","?","R","T","R","$","M","?","M","R","B",null,"M","$","M","$","M","M","M","M","T","R","?","$","M","?","R","B",null,"M","$","?","M","M","R","M","R","T","M","$","?","$","?","R","B"],"character_chosen":"DEFECT","items_purchased":["Meteor Strike","Rebound","Regal Pillow"],"campfire_rested":6,"item_purchase_floors":[11,19,45],"current_hp_per_floor":[74,66,66,64,57,57,57,75,75,75,75,73,73,69,69,24,75,72,72,64,64,64,27,27,16,16,38,38,38,38,38,60,20,75,75,75,66,66,48,70,20,42,42,47,47,47,47,47,75,29],"gold":15,"neow_bonus":"BOSS_RELIC","is_prod":false,"is_daily":false,"chose_seed":false,"campfire_upgraded":3,"win_rate":0.0,"timestamp":1533349718,"path_taken":["M","M","?","M","?","R","?","R","T","R","$","M","?","M","R","BOSS","M","$","M","$","M","M","M","M","T","R","?","$","M","?","R","BOSS","M","?","?","M","M","R","M","R","T","M","$","?","$","?","R","BOSS"],"build_version":"2018-08-02","purchased_purges":3,"victory":true,"max_hp_per_floor":[75,75,75,75,75,75,75,75,75,75,75,75,75,75,75,75,75,75,75,75,75,75,75,75,75,75,75,75,75,75,75,75,75,75,75,75,75,75,75,75,75,75,75,75,75,75,75,75,75,75],"card_choices":[{"not_picked":["Static Discharge","Steam"],"picked":"Cold Snap","floor":1},{"not_picked":["Hello World","Redo"],"picked":"Chaos","floor":2},{"not_picked":["Sweeping Beam","Loop"],"picked":"Recycle","floor":4},{"not_picked":["Go for the Eyes","Hologram"],"picked":"Melter","floor":12},{"not_picked":["Sweeping Beam","Gash"],"picked":"Streamline","floor":14},{"not_picked":["Electrodynamics","Thunder Strike"],"picked":"Meteor Strike","floor":16},{"not_picked":["Beam Cell","Stack","Steam Power"],"picked":"SKIP","floor":18},{"not_picked":["Self Repair+1","Turbo"],"picked":"Hologram","floor":20},{"not_picked":["Gash","Doom and Gloom","Rip and Tear"],"picked":"SKIP","floor":22},{"not_picked":["Rebound","Redo+1"],"picked":"All For One","floor":23},{"not_picked":["Turbo+1","Capacitor+1"],"picked":"Force Field","floor":24},{"not_picked":["Stack","Skim","Gash+1"],"picked":"SKIP","floor":25},{"not_picked":["Chaos","Hologram","Lockon"],"picked":"SKIP","floor":30},{"not_picked":["Core Surge","Rainbow"],"picked":"Thunder Strike","floor":33},{"not_picked":["Streamline","Steam","Conserve Battery+1"],"picked":"SKIP","floor":35},{"not_picked":["Stack","Steam Power+1","Tempest"],"picked":"SKIP","floor":38},{"not_picked":["Core Surge","Stack+1"],"picked":"BootSequence+1","floor":39},{"not_picked":["Barrage","Streamline+1","Sweeping Beam"],"picked":"SKIP","floor":41},{"not_picked":["Barrage","Fission","Recycle"],"picked":"SKIP","floor":44}],"player_experience":297240,"relics_obtained":[{"floor":9,"key":"Cables"},{"floor":26,"key":"Letter Opener"},{"floor":43,"key":"Blue Candle"}],"event_choices":[{"event_name":"Living Wall","player_choice":"Forget","floor":3,"damage_taken":0},{"event_name":"Golden Wing","player_choice":"Card Removal","floor":5,"damage_taken":0},{"event_name":"The Woman in Blue","player_choice":"Bought 0 Potions","floor":7,"damage_taken":0},{"event_name":"Golden Idol","player_choice":"Ignored","floor":13,"damage_taken":0},{"event_name":"Nest","player_choice":"Stole From Cult","floor":28,"damage_taken":0},{"event_name":"WeMeetAgain","player_choice":"Card","floor":31,"damage_taken":0},{"event_name":"Winding Halls","player_choice":"Embrace Madness","floor":37,"damage_taken":0},{"event_name":"Wheel of Change","player_choice":"Relic","floor":46,"damage_taken":0},{"event_name":"Duplicator","player_choice":"One dupe","floor":48,"damage_taken":0}],"is_beta":false,"boss_relics":[{"not_picked":["Orrery","Busted Crown"],"picked":"Lizard Tail"},{"not_picked":["White Beast Statue","Pandora\u0027s Box"],"picked":"Astrolabe"}],"items_purged_floors":[19,29,36],"is_endless":false,"potions_floor_spawned":[2,4,14,16,18,24,25,30,38],"ascension_level":0}