{"path_per_floor":["M","$","M","M","$","R","?","?","T","M","E","$","R","M","R"],"character_chosen":"IRONCLAD","items_purchased":["Thunderclap","Blood for Blood"],"gold_per_floor":[110,11,29,47,47,47,47,122,122,138,170,63,63,75,75,75],"floor_reached":16,"campfire_rested":3,"playtime":373,"item_purchase_floors":[2,12],"current_hp_per_floor":[79,79,71,58,58,80,80,69,69,51,15,15,39,24,48,0],"items_purged":["Defend_R","Defend_R"],"gold":75,"score":100,"play_id":"66325bc6-6ab9-41af-b76c-1abb53b25cd0","local_time":"20180620153017","is_prod":false,"is_daily":false,"chose_seed":true,"is_ascension_mode":false,"campfire_upgraded":0,"win_rate":0.0,"timestamp":1529523017,"campfire_choices":[{"floor":6,"key":"REST"},{"floor":13,"key":"REST"},{"floor":15,"key":"REST"}],"path_taken":["M","$","M","M","$","R","?","?","T","?","E","$","R","M","R","BOSS"],"build_version":"2018-06-14v2","seed_source_timestamp":414394931792343,"purchased_purges":2,"victory":false,"master_deck":["Strike_R","Strike_R","Strike_R","Strike_R","Strike_R","Defend_R","Defend_R","Bash","Armaments","Thunderclap","Heavy Blade","Flame Barrier","Parasite","Infernal Blade","Blood for Blood","Perfected Strike"],"max_hp_per_floor":[80,80,80,80,80,80,80,80,80,80,80,80,80,80,80,80],"special_seed":42036392590698,"relics":["Unceasing Top","The Courier","Dead Branch"],"card_choices":[{"not_picked":["Uppercut","Body Slam"],"picked":"Armaments","floor":1},{"not_picked":["Sever Soul","Havoc"],"picked":"Heavy Blade","floor":3},{"not_picked":["Sever Soul","Iron Wave"],"picked":"Flame Barrier","floor":4},{"not_picked":["Seeing Red","Warcry","True Grit"],"picked":"SKIP","floor":10},{"not_picked":["Sword Boomerang","Rupture"],"picked":"Infernal Blade","floor":11},{"not_picked":["Feel No Pain","Shrug It Off"],"picked":"Perfected Strike","floor":14}],"player_experience":152972,"potions_floor_usage":[],"damage_taken":[{"damage":1,"enemies":"2 Louse","floor":1,"turns":3},{"damage":8,"enemies":"Jaw Worm","floor":3,"turns":3},{"damage":13,"enemies":"Cultist","floor":4,"turns":5},{"damage":18,"enemies":"Red Slaver","floor":10,"turns":4},{"damage":36,"enemies":"Gremlin Nob","floor":11,"turns":5},{"damage":15,"enemies":"Exordium Wildlife","floor":14,"turns":4},{"damage":62,"enemies":"The Guardian","floor":16,"turns":5}],"relics_obtained":[{"floor":9,"key":"The Courier"},{"floor":11,"key":"Dead Branch"}],"event_choices":[{"event_name":"Mushrooms","player_choice":"Healed and dodged fight","floor":7,"damage_taken":0},{"event_name":"World of Goop","player_choice":"Gather Gold","floor":8,"damage_taken":0}],"boss_relics":[],"items_purged_floors":[2,12],"is_endless":false,"potions_floor_spawned":[10,11],"seed_played":"4891927187822954207","killed_by":"The Guardian","ascension_level":0,"potions_obtained":[{"floor":10,"key":"SpeedPotion"},{"floor":11,"key":"FairyPotion"}],"is_trial":true}