{"gold_per_floor":[16,31,47,58,4,4,39,52,52,52,52,102,113,113,113,185,185,185,100,100,20,20,20,20,20,20,20,20,20,20,20,20,20,20,20,20,20,20,20,20,20,20,20,20,20,20,20,20,20,20],"floor_reached":50,"playtime":2793,"items_purged":[],"score":1184,"play_id":"4442b249-2dc9-4699-8ff9-8669ce38a9a5","local_time":"20190308100117","is_ascension_mode":true,"campfire_choices":[{"floor":6.0,"key":"REST"},{"data":"Sunder","floor":11.0,"key":"SMITH"},{"floor":15.0,"key":"REST"},{"data":"Meteor Strike","floor":24.0,"key":"SMITH"},{"data":"Seek","floor":27.0,"key":"SMITH"},{"data":"Double Energy","floor":29.0,"key":"SMITH"},{"floor":32.0,"key":"REST"},{"data":"Hologram","floor":40,"key":"SMITH"},{"floor":42,"key":"REST"},{"floor":47,"key":"REST"},{"floor":49,"key":"REST"}],"neow_cost":"NO_GOLD","seed_source_timestamp":121895662358100,"circlet_count":0,"master_deck":["AscendersBane","Strike_B","Strike_B","Strike_B","Defend_B","Defend_B","Defend_B","Zap","Dualcast","Coolheaded","Meteor Strike+1","Sunder+1","Turbo","Double Energy+1","Conserve Battery","Beam Cell","Conserve Battery","Steam","Seek+1","Undo","Go for the Eyes","BootSequence+1","Capacitor","Hologram+1","Echo Form","Leap","PanicButton","Gash+1"],"special_seed":0,"relics":["Cracked Core","Centennial Puzzle","Unceasing Top","Shuriken","Ectoplasm","Thread and Needle","Mummified Hand","The Courier","Ancient Tea Set","Busted Crown","Smiling Mask","Ginger"],"potions_floor_usage":[39,39,41,41,50],"damage_taken":[{"damage":1.0,"enemies":"Cultist","floor":1.0,"turns":3.0},{"damage":0.0,"enemies":"2 Louse","floor":2.0,"turns":2.0},{"damage":5.0,"enemies":"Small Slimes","floor":3.0,"turns":2.0},{"damage":34.0,"enemies":"Gremlin Gang","floor":4.0,"turns":3.0},{"damage":17.0,"enemies":"3 Sentries","floor":7.0,"turns":7.0},{"damage":7.0,"enemies":"Exordium Wildlife","floor":8.0,"turns":4.0},{"damage":6.0,"enemies":"Blue Slaver","floor":13.0,"turns":3.0},{"damage":14.0,"enemies":"Hexaghost","floor":16.0,"turns":9.0},{"damage":0.0,"enemies":"Chosen","floor":18.0,"turns":3.0},{"damage":15.0,"enemies":"2 Thieves","floor":21.0,"turns":4.0},{"damage":7.0,"enemies":"Centurion and Healer","floor":22.0,"turns":6.0},{"damage":0.0,"enemies":"Slavers","floor":23.0,"turns":6.0},{"damage":5.0,"enemies":"Snecko","floor":25.0,"turns":4.0},{"damage":1.0,"enemies":"Shelled Parasite and Fungi","floor":31.0,"turns":5.0},{"damage":0.0,"enemies":"Automaton","floor":33.0,"turns":5.0},{"damage":3.0,"enemies":"3 Shapes","floor":35.0,"turns":6.0},{"damage":0.0,"enemies":"Orb Walker","floor":37.0,"turns":2.0},{"damage":26,"enemies":"Spire Growth","floor":39,"turns":4},{"damage":33,"enemies":"Reptomancer","floor":41,"turns":4},{"damage":5,"enemies":"4 Shapes","floor":45,"turns":7},{"damage":0,"enemies":"Writhing Mass","floor":48,"turns":6},{"damage":73,"enemies":"Time Eater","floor":50,"turns":7}],"seed_played":"3977792827851811568","potions_obtained":[{"floor":3.0,"key":"PowerPotion"},{"floor":4.0,"key":"SneckoOil"},{"floor":16.0,"key":"SkillPotion"},{"floor":21.0,"key":"FearPotion"},{"floor":22.0,"key":"Ancient Potion"},{"floor":33.0,"key":"EntropicBrew"},{"floor":36.0,"key":"SneckoOil"},{"floor":39,"key":"AttackPotion"},{"floor":45,"key":"LiquidBronze"}],"is_trial":false,"path_per_floor":["M","M","M","M","?","R","E","M","T","?","R","?","M","T","R","B",null,"M","?","?","M","M","E","R","M","T","R","?","R","$","M","R","B",null,"M","?","M","$","M","R","E","R","T","?","M","?","R","M","R","B"],"character_chosen":"DEFECT","items_purchased":[],"campfire_rested":6,"item_purchase_floors":[],"current_hp_per_floor":[63,63,58,24,24,45,28,21,21,21,21,21,15,15,36,22,59,59,59,59,44,37,37,37,32,32,32,32,32,32,31,52,52,66,63,63,63,63,37,37,4,25,25,25,20,20,41,41,62,0],"gold":20,"neow_bonus":"TRANSFORM_TWO_CARDS","is_prod":false,"is_daily":false,"chose_seed":false,"campfire_upgraded":5,"win_rate":0,"timestamp":1552068077,"path_taken":["M","?","M","M","?","R","E","M","T","?","R","?","?","?","R","BOSS","M","?","?","M","?","E","R","M","T","R","?","R","$","M","R","BOSS","M","?","M","$","?","R","E","R","T","?","M","?","R","M","R","BOSS"],"build_version":"2019-02-06","purchased_purges":0,"victory":false,"max_hp_per_floor":[71,71,71,71,71,71,71,71,71,71,71,71,71,71,71,71,71,71,71,71,71,71,71,71,71,71,71,71,71,71,71,71,71,71,71,71,71,71,71,71,71,71,71,71,71,71,71,71,71,71],"card_choices":[{"not_picked":["Barrage","Genetic Algorithm"],"picked":"Sunder","floor":1.0},{"not_picked":["Go for the Eyes","Compile Driver"],"picked":"Turbo","floor":2.0},{"not_picked":["Defragment","Lockon"],"picked":"Double Energy","floor":3.0},{"not_picked":["Barrage","Skim"],"picked":"Conserve Battery","floor":4.0},{"not_picked":["Turbo","Cold Snap"],"picked":"Beam Cell","floor":7.0},{"not_picked":["Redo","Cold Snap"],"picked":"Conserve Battery","floor":8.0},{"not_picked":["Scrape","Sweeping Beam"],"picked":"Steam","floor":13.0},{"not_picked":["Reboot","All For One"],"picked":"Seek","floor":16.0},{"not_picked":["Gash","Turbo"],"picked":"Undo","floor":18.0},{"not_picked":["Stack","Genetic Algorithm"],"picked":"Go for the Eyes","floor":21.0},{"not_picked":["Rebound","Loop"],"picked":"BootSequence+1","floor":22.0},{"not_picked":["Streamline","Blizzard","Barrage"],"picked":"SKIP","floor":23.0},{"not_picked":["Steam","Reprogram"],"picked":"Capacitor","floor":25.0},{"not_picked":["Steam Power","Cold Snap"],"picked":"Hologram","floor":31.0},{"not_picked":["All For One","Amplify"],"picked":"Echo Form","floor":33.0},{"not_picked":[],"picked":"Doom and Gloom","floor":35.0},{"not_picked":["Rebound"],"picked":"SKIP","floor":37.0},{"not_picked":[],"picked":"Leap","floor":39},{"not_picked":["Turbo"],"picked":"SKIP","floor":41},{"not_picked":["Sweeping Beam"],"picked":"SKIP","floor":45},{"not_picked":[],"picked":"PanicButton","floor":46},{"not_picked":[],"picked":"Gash+1","floor":48}],"player_experience":3349538,"relics_obtained":[{"floor":7.0,"key":"Centennial Puzzle"},{"floor":9.0,"key":"Unceasing Top"},{"floor":14.0,"key":"Shuriken"},{"floor":23.0,"key":"The Courier"},{"floor":26.0,"key":"Ancient Tea Set"},{"floor":41,"key":"Smiling Mask"},{"floor":43,"key":"Ginger"}],"event_choices":[{"damage_healed":0.0,"max_hp_gain":0.0,"max_hp_loss":0.0,"gold_gain":0.0,"event_name":"World of Goop","player_choice":"Left Gold","floor":5.0,"gold_loss":54.0,"damage_taken":0.0},{"damage_healed":0.0,"max_hp_gain":0.0,"max_hp_loss":0.0,"gold_gain":0.0,"event_name":"Liars Game","player_choice":"Ignored","floor":10.0,"gold_loss":0.0,"damage_taken":0.0},{"damage_healed":0.0,"max_hp_gain":0.0,"max_hp_loss":0.0,"gold_gain":50.0,"event_name":"Golden Shrine","player_choice":"Pray","floor":12.0,"gold_loss":0.0,"damage_taken":0.0},{"damage_healed":0.0,"max_hp_gain":0.0,"max_hp_loss":0.0,"gold_gain":0.0,"event_name":"Addict","player_choice":"Obtained Relic","floor":19.0,"gold_loss":85.0,"damage_taken":0.0,"relics_obtained":["Thread and Needle"]},{"damage_healed":0.0,"max_hp_gain":0.0,"max_hp_loss":0.0,"gold_gain":0.0,"event_name":"WeMeetAgain","player_choice":"Gave Potion","floor":20.0,"gold_loss":0.0,"damage_taken":0.0,"relics_obtained":["Mummified Hand"]},{"damage_healed":0.0,"max_hp_gain":0.0,"max_hp_loss":0.0,"gold_gain":0.0,"event_name":"Ghosts","player_choice":"Ignored","floor":28.0,"gold_loss":0.0,"damage_taken":0.0},{"damage_healed":0.0,"max_hp_gain":0.0,"max_hp_loss":0.0,"gold_gain":0.0,"event_name":"Lab","player_choice":"Got Potions","floor":36.0,"gold_loss":0.0,"damage_taken":0.0},{"cards_removed":["Doom and Gloom"],"damage_healed":0,"gold_gain":0,"player_choice":"Removed Attack","damage_taken":0,"max_hp_gain":0,"max_hp_loss":0,"event_name":"Falling","floor":44,"gold_loss":0},{"damage_healed":0,"gold_gain":0,"player_choice":"Memory 1","damage_taken":0,"max_hp_gain":0,"max_hp_loss":0,"event_name":"SensoryStone","floor":46,"gold_loss":0}],"is_beta":true,"boss_relics":[{"not_picked":["FrozenCore","Astrolabe"],"picked":"Ectoplasm"},{"not_picked":["Empty Cage","Snecko Eye"],"picked":"Busted Crown"}],"items_purged_floors":[],"is_endless":false,"potions_floor_spawned":[3,4,16,21,22,33,39,45],"killed_by":"Time Eater","ascension_level":20}