{"gold_per_floor":[115,35,35,51,67,99,68,68,68,68,68],"floor_reached":11,"playtime":830,"items_purged":[],"score":73,"play_id":"2f435145-e0b6-48ac-979f-b9b20b9ab405","local_time":"20190218173256","is_ascension_mode":false,"campfire_choices":[{"floor":8,"key":"REST"}],"neow_cost":"NONE","seed_source_timestamp":224620056371825,"circlet_count":0,"master_deck":["Strike_R","Strike_R","Strike_R","Strike_R","Defend_R","Defend_R","Defend_R","Defend_R","Bash","True Grit","Feel No Pain","True Grit","Shrug It Off","Body Slam"],"relics":["Burning Blood","Lantern","Gambling Chip","WingedGreaves"],"potions_floor_usage":[],"damage_taken":[{"damage":6,"enemies":"Cultist","floor":1,"turns":3},{"damage":10,"enemies":"Jaw Worm","floor":4,"turns":7},{"damage":5,"enemies":"Small Slimes","floor":5,"turns":8},{"damage":60,"enemies":"Gremlin Nob","floor":6,"turns":7},{"damage":18,"enemies":"Exordium Thugs","floor":7,"turns":5},{"damage":50,"enemies":"Lagavulin","floor":11,"turns":11}],"seed_played":"201700509852754802","potions_obtained":[{"floor":6,"key":"PowerPotion"},{"floor":7,"key":"AttackPotion"}],"is_trial":false,"path_per_floor":["M","$","?","M","M","E","M","R","T","$","E"],"character_chosen":"IRONCLAD","items_purchased":["Feel No Pain"],"campfire_rested":1,"item_purchase_floors":[2],"current_hp_per_floor":[80,80,80,76,77,23,11,35,35,35,0],"gold":68,"neow_bonus":"RANDOM_COMMON_RELIC","is_prod":false,"is_daily":false,"chose_seed":false,"campfire_upgraded":0,"win_rate":0.0,"timestamp":1550529176,"path_taken":["M","?","?","M","?","E","M","R","T","?","E"],"build_version":"2019-01-23","purchased_purges":0,"victory":false,"max_hp_per_floor":[80,80,80,80,80,80,80,80,80,80,80],"card_choices":[{"not_picked":["Sword Boomerang","Fire Breathing"],"picked":"True Grit","floor":1},{"not_picked":["Anger","Intimidate"],"picked":"True Grit","floor":4},{"not_picked":["Shockwave","Anger","Headbutt"],"picked":"SKIP","floor":5},{"not_picked":["Searing Blow","Feel No Pain"],"picked":"Shrug It Off","floor":6},{"not_picked":["Intimidate","Thunderclap"],"picked":"Body Slam","floor":7}],"player_experience":23080,"relics_obtained":[{"floor":6,"key":"Gambling Chip"},{"floor":9,"key":"WingedGreaves"}],"event_choices":[{"cards_removed":["Strike_R"],"damage_healed":0,"gold_gain":0,"player_choice":"Purged","damage_taken":0,"max_hp_gain":0,"max_hp_loss":0,"event_name":"Purifier","floor":3,"gold_loss":0}],"is_beta":false,"boss_relics":[],"items_purged_floors":[],"is_endless":false,"potions_floor_spawned":[6,7],"killed_by":"Lagavulin","ascension_level":0}