{"gold_per_floor":[113,113,113,129,54,82,95,95,95,95,95,95,109,135,135,135],"floor_reached":16,"playtime":398,"items_purged":["Zap"],"score":133,"play_id":"13c111dd-d7cb-48e7-a247-2e03be41b141","local_time":"20180713075526","is_ascension_mode":false,"campfire_choices":[{"floor":11,"key":"REST"},{"data":"Melter","floor":15,"key":"SMITH"}],"neow_cost":"NONE","seed_source_timestamp":171749599365119,"circlet_count":0,"master_deck":["Strike_B","Strike_B","Strike_B","Defend_B","Defend_B","Defend_B+1","Defend_B","Dualcast+1","Rebound","Melter+1","Conserve Battery"],"relics":["Cracked Core","NeowsBlessing","Bottled Lightning","Singing Bowl","Oddly Smooth Stone","Happy Flower"],"potions_floor_usage":[14,14,16],"damage_taken":[{"damage":0,"enemies":"Cultist","floor":1,"turns":1},{"damage":0,"enemies":"Small Slimes","floor":4,"turns":1},{"damage":0,"enemies":"Lagavulin","floor":6,"turns":1},{"damage":0,"enemies":"2 Louse","floor":7,"turns":1},{"damage":19,"enemies":"Lots of Slimes","floor":13,"turns":4},{"damage":12,"enemies":"3 Sentries","floor":14,"turns":8},{"damage":63,"enemies":"Hexaghost","floor":16,"turns":11}],"seed_played":"8298808421093271189","potions_obtained":[{"floor":6,"key":"Strength Potion"},{"floor":13,"key":"FearPotion"},{"floor":14,"key":"Regen Potion"}],"is_trial":false,"path_per_floor":["M","?","?","M","$","E","M","$","T","?","R","?","M","E","R"],"character_chosen":"DEFECT","items_purchased":[],"campfire_rested":1,"item_purchase_floors":[],"current_hp_per_floor":[75,68,53,53,53,53,53,53,53,41,63,75,58,48,48,0],"gold":135,"neow_bonus":"THREE_ENEMY_KILL","is_prod":false,"is_daily":false,"chose_seed":false,"campfire_upgraded":1,"win_rate":0.0,"timestamp":1531482926,"path_taken":["M","?","?","M","$","E","M","?","T","?","R","?","M","E","R","BOSS"],"build_version":"2018-07-12","purchased_purges":1,"victory":false,"max_hp_per_floor":[75,75,75,75,75,75,75,75,75,75,75,75,77,79,79,79],"card_choices":[{"not_picked":["Go for the Eyes","Reprogram"],"picked":"Rebound","floor":1},{"not_picked":["Heatsinks","Reprogram","Turbo"],"picked":"SKIP","floor":4},{"not_picked":["Storm","Darkness"],"picked":"Melter","floor":6},{"not_picked":["Genetic Algorithm","Aggregate"],"picked":"Conserve Battery","floor":7},{"not_picked":["Leap","Rebound","Ball Lightning"],"picked":"Singing Bowl","floor":13},{"not_picked":["Ball Lightning","Redo","Turbo"],"picked":"Singing Bowl","floor":14}],"player_experience":231378,"relics_obtained":[{"floor":6,"key":"Bottled Lightning"},{"floor":9,"key":"Singing Bowl"},{"floor":14,"key":"Happy Flower"}],"event_choices":[{"event_name":"Golden Wing","player_choice":"Card Removal","floor":2,"damage_taken":0},{"event_name":"Shining Light","player_choice":"Entered Light","floor":3,"damage_taken":0},{"event_name":"Scrap Ooze","player_choice":"success","floor":10,"damage_taken":12},{"event_name":"Big Fish","player_choice":"Banana","floor":12,"damage_taken":0}],"boss_relics":[],"items_purged_floors":[5],"is_endless":false,"potions_floor_spawned":[6,13,14],"killed_by":"Hexaghost","ascension_level":0}