{"gold_per_floor":[115,126,20,20,34,69,89,117,117,61,88,88,101,134,134,209,209,220,232,4,24,24,24,51,62,62,0,0],"floor_reached":28,"playtime":1985,"items_purged":[],"score":534,"play_id":"3107ebba-8f78-44e8-ad13-954263132c2e","local_time":"20190314200248","is_ascension_mode":true,"campfire_choices":[{"data":"True Grit","floor":12,"key":"SMITH"},{"data":"Power Through","floor":15,"key":"SMITH"},{"data":"Reckless Charge","floor":23,"key":"SMITH"}],"neow_cost":"NONE","seed_source_timestamp":857249114281267,"circlet_count":0,"master_deck":["AscendersBane","Strike_R","Strike_R","Strike_R","Strike_R","Strike_R","Defend_R","Defend_R","Defend_R","Defend_R","Bash","Wild Strike","Power Through+1","Bandage Up+1","Cleave","Reckless Charge+1","Second Wind","Clothesline","Shrug It Off","True Grit+1","Whirlwind","Fiend Fire","Feed","Bloodletting","Body Slam+1","Dropkick","Ghostly Armor"],"relics":["Burning Blood","Orichalcum","Torii","Meat on the Bone","Darkstone Periapt","Bottled Lightning","StoneCalendar","Runic Pyramid","Medical Kit","Bottled Flame","Pear"],"potions_floor_usage":[8,11,14,24,28,28],"damage_taken":[{"damage":12,"enemies":"Small Slimes","floor":1,"turns":5},{"damage":0,"enemies":"Cultist","floor":2,"turns":3},{"damage":7,"enemies":"2 Louse","floor":5,"turns":4},{"damage":34,"enemies":"3 Sentries","floor":6,"turns":10},{"damage":15,"enemies":"Red Slaver","floor":7,"turns":4},{"damage":28,"enemies":"Lagavulin","floor":8,"turns":6},{"damage":2,"enemies":"3 Sentries","floor":11,"turns":6},{"damage":2,"enemies":"Exordium Thugs","floor":13,"turns":5},{"damage":36,"enemies":"Gremlin Nob","floor":14,"turns":5},{"damage":29,"enemies":"Slime Boss","floor":16,"turns":10},{"damage":11,"enemies":"3 Byrds","floor":18,"turns":7},{"damage":17,"enemies":"Spheric Guardian","floor":19,"turns":5},{"damage":13,"enemies":"Cultist and Chosen","floor":21,"turns":6},{"damage":48,"enemies":"Slavers","floor":24,"turns":5},{"damage":27,"enemies":"Sentry and Sphere","floor":25,"turns":7},{"damage":68,"enemies":"Shelled Parasite and Fungi","floor":28,"turns":6}],"seed_played":"-1507537225290031376","potions_obtained":[{"floor":7,"key":"AttackPotion"},{"floor":8,"key":"AttackPotion"},{"floor":13,"key":"Poison Potion"},{"floor":14,"key":"Strength Potion"},{"floor":18,"key":"SpeedPotion"},{"floor":24,"key":"Energy Potion"},{"floor":25,"key":"Fire Potion"}],"is_trial":false,"path_per_floor":["M","M","$","?","M","E","M","E","T","$","E","R","M","E","R","B",null,"M","M","$","M","?","R","E","M","T","?","M"],"character_chosen":"IRONCLAD","items_purchased":["Bandage Up","Shrug It Off","Medical Kit"],"campfire_rested":0,"item_purchase_floors":[3,10,20],"current_hp_per_floor":[62,68,68,68,73,51,48,32,32,32,54,54,64,52,52,47,68,72,67,67,69,69,69,48,48,58,58,0],"gold":0,"neow_bonus":"RANDOM_COMMON_RELIC","is_prod":false,"is_daily":false,"chose_seed":false,"campfire_upgraded":3,"win_rate":0,"timestamp":1552618968,"path_taken":["M","M","$","?","?","E","M","E","T","?","E","R","M","E","R","BOSS","M","?","?","M","?","R","E","?","T","?","M"],"build_version":"2019-01-23","purchased_purges":0,"victory":false,"max_hp_per_floor":[75,75,75,75,75,75,75,75,75,75,75,75,75,75,75,75,75,78,78,78,81,81,81,84,87,97,97,97],"card_choices":[{"not_picked":["Hemokinesis","Power Through"],"picked":"Wild Strike","floor":1},{"not_picked":["Twin Strike","Clash"],"picked":"Power Through","floor":2},{"not_picked":["Heavy Blade","Wild Strike"],"picked":"Cleave","floor":5},{"not_picked":["Twin Strike","Rupture"],"picked":"Reckless Charge","floor":6},{"not_picked":["Dark Embrace","True Grit"],"picked":"Second Wind","floor":7},{"not_picked":["Pommel Strike","Iron Wave"],"picked":"Clothesline","floor":8},{"not_picked":["Combust","Carnage"],"picked":"True Grit","floor":11},{"not_picked":["Anger","Seeing Red"],"picked":"Whirlwind","floor":13},{"not_picked":["Inflame","Flame Barrier"],"picked":"Fiend Fire","floor":14},{"not_picked":["Reaper","Immolate"],"picked":"Feed","floor":16},{"not_picked":["Rupture","Clothesline"],"picked":"Bloodletting","floor":18},{"not_picked":["Headbutt","True Grit"],"picked":"Body Slam+1","floor":19},{"not_picked":["Perfected Strike","Thunderclap+1"],"picked":"Dropkick","floor":21},{"not_picked":["Rupture","Havoc"],"picked":"Ghostly Armor","floor":24},{"not_picked":["Clothesline","Cleave","Perfected Strike"],"picked":"SKIP","floor":25}],"player_experience":615834,"relics_obtained":[{"floor":6,"key":"Torii"},{"floor":8,"key":"Meat on the Bone"},{"floor":9,"key":"Darkstone Periapt"},{"floor":11,"key":"Bottled Lightning"},{"floor":14,"key":"StoneCalendar"},{"floor":24,"key":"Bottled Flame"},{"floor":26,"key":"Pear"}],"event_choices":[{"damage_healed":0,"gold_gain":0,"player_choice":"Upgraded","damage_taken":0,"max_hp_gain":0,"max_hp_loss":0,"event_name":"Upgrade Shrine","floor":4,"gold_loss":0,"cards_upgraded":["Bandage Up"]},{"damage_healed":0,"gold_gain":0,"player_choice":"Ignored","damage_taken":0,"max_hp_gain":0,"max_hp_loss":0,"event_name":"N\u0027loth","floor":22,"gold_loss":0},{"damage_healed":0,"gold_gain":0,"player_choice":"Paid Fearfully","damage_taken":0,"max_hp_gain":0,"max_hp_loss":0,"event_name":"Masked Bandits","floor":27,"gold_loss":62}],"is_beta":false,"boss_relics":[{"not_picked":["Ectoplasm","Orrery"],"picked":"Runic Pyramid"}],"items_purged_floors":[],"is_endless":false,"potions_floor_spawned":[7,8,13,14,18,24,25],"killed_by":"Shelled Parasite and Fungi","ascension_level":18}