{"gold_per_floor":[117,117,117,117,132,132,158,158,158,158,189,205,236,250,250,352,352,365,378,477,392,47,72,72,106,106,125,151,151,165,184,184,285,285,301,41,41],"floor_reached":37,"playtime":2195,"items_purged":["Decay"],"score":515,"play_id":"1764555a-07c1-4365-8100-ca71aaed3d20","local_time":"20190316155653","is_ascension_mode":true,"campfire_choices":[{"data":"Zap","floor":6,"key":"SMITH"},{"data":"Self Repair","floor":10,"key":"SMITH"},{"data":"Rainbow","floor":15,"key":"SMITH"},{"data":"Defragment","floor":24,"key":"SMITH"},{"floor":29,"key":"REST"},{"data":"Buffer","floor":32,"key":"SMITH"}],"neow_cost":"CURSE","seed_source_timestamp":242279306935474,"circlet_count":0,"master_deck":["Strike_B","Strike_B","Defend_B","Defend_B","Defend_B","Defend_B","Zap+1","Dualcast","Ball Lightning","Coolheaded","Self Repair+1","Buffer+1","Redo","Rainbow+1","Biased Cognition","Rebound+1","Cold Snap","Defragment+1","Static Discharge","Conserve Battery+1","Capacitor","Static Discharge","Seek"],"relics":["Cracked Core","Unceasing Top","Omamori","Shuriken","Pear","Pantograph","PreservedInsect","Nuclear Battery","Turnip","Runic Capacitor","Ginger","Bird Faced Urn","Singing Bowl","Dream Catcher","Busted Crown","Bottled Tornado"],"potions_floor_usage":[11,16,25,25,28,33,33],"damage_taken":[{"damage":0,"enemies":"Small Slimes","floor":1,"turns":3},{"damage":0,"enemies":"2 Louse","floor":5,"turns":3},{"damage":14,"enemies":"Lagavulin","floor":7,"turns":5},{"damage":52,"enemies":"3 Sentries","floor":11,"turns":10},{"damage":0,"enemies":"Cultist","floor":12,"turns":5},{"damage":13,"enemies":"Gremlin Nob","floor":13,"turns":5},{"damage":0,"enemies":"Exordium Wildlife","floor":14,"turns":4},{"damage":22,"enemies":"The Guardian","floor":16,"turns":10},{"damage":33,"enemies":"Chosen","floor":18,"turns":5},{"damage":19,"enemies":"3 Byrds","floor":19,"turns":3},{"damage":15,"enemies":"Gremlin Leader","floor":23,"turns":7},{"damage":51,"enemies":"Slavers","floor":25,"turns":5},{"damage":4,"enemies":"Centurion and Healer","floor":27,"turns":5},{"damage":20,"enemies":"Gremlin Leader","floor":28,"turns":5},{"damage":13,"enemies":"Snecko","floor":30,"turns":5},{"damage":15,"enemies":"Cultist and Chosen","floor":31,"turns":5},{"damage":36,"enemies":"Collector","floor":33,"turns":8},{"damage":23,"enemies":"3 Shapes","floor":35,"turns":4},{"damage":108,"enemies":"2 Orb Walkers","floor":37,"turns":4}],"seed_played":"-3507902746658704138","potions_obtained":[{"floor":7,"key":"Regen Potion"},{"floor":13,"key":"FocusPotion"},{"floor":14,"key":"Dexterity Potion"},{"floor":16,"key":"Energy Potion"},{"floor":18,"key":"Energy Potion"},{"floor":30,"key":"Weak Potion"},{"floor":31,"key":"Regen Potion"}],"is_trial":false,"path_per_floor":["M","?","?","?","M","R","E","?","T","R","E","M","E","M","R","B",null,"M","M","?","?","$","E","R","E","T","M","E","R","M","M","R","B",null,"M","$","?"],"character_chosen":"DEFECT","items_purchased":["Runic Capacitor","Defragment","Bottled Tornado"],"campfire_rested":1,"item_purchase_floors":[22,22,36],"current_hp_per_floor":[75,80,77,70,70,70,56,56,66,66,39,49,46,56,56,69,90,67,58,58,58,58,53,53,12,12,28,30,57,70,69,69,86,96,93,93,0],"gold":41,"neow_bonus":"ONE_RARE_RELIC","is_prod":false,"is_daily":false,"chose_seed":false,"campfire_upgraded":5,"win_rate":0,"timestamp":1552766213,"path_taken":["M","?","?","?","M","R","E","?","T","R","E","M","E","?","R","BOSS","M","M","?","?","$","E","R","E","T","M","E","R","M","M","R","BOSS","M","$","?"],"build_version":"2019-01-23","purchased_purges":1,"victory":false,"max_hp_per_floor":[75,80,80,80,80,80,80,80,90,90,90,90,90,90,90,90,90,90,90,90,90,90,90,90,90,90,90,92,92,94,96,96,96,96,98,98,98],"card_choices":[{"not_picked":["Go for the Eyes","Barrage"],"picked":"Ball Lightning","floor":1},{"not_picked":["Barrage","FTL"],"picked":"Coolheaded","floor":5},{"not_picked":["Stack","Consume"],"picked":"Self Repair","floor":7},{"not_picked":["FTL","Hologram"],"picked":"Buffer","floor":11},{"not_picked":["Hello World","Streamline"],"picked":"Redo","floor":12},{"not_picked":["Stack","Scrape","Redo"],"picked":"SKIP","floor":13},{"not_picked":["Stack","Hologram"],"picked":"Rainbow","floor":14},{"not_picked":["Fission","Meteor Strike"],"picked":"Biased Cognition","floor":16},{"not_picked":["Go for the Eyes","Rip and Tear"],"picked":"Rebound+1","floor":18},{"not_picked":["Darkness","Leap+1"],"picked":"Cold Snap","floor":19},{"not_picked":["Gash+1","Darkness"],"picked":"Static Discharge","floor":23},{"not_picked":["Streamline+1","Tempest"],"picked":"Conserve Battery+1","floor":25},{"not_picked":["Hologram","Barrage"],"picked":"Capacitor","floor":27},{"not_picked":["Streamline","Core Surge","Multi-Cast"],"picked":"Singing Bowl","floor":28},{"not_picked":["Storm","Fusion"],"picked":"Static Discharge","floor":29},{"not_picked":["Barrage","Reprogram","Genetic Algorithm+1"],"picked":"Singing Bowl","floor":30},{"not_picked":["Barrage","Gash","Rebound"],"picked":"Singing Bowl","floor":31},{"not_picked":["Thunder Strike","Amplify"],"picked":"Seek","floor":33},{"not_picked":["Barrage+1"],"picked":"Singing Bowl","floor":35}],"player_experience":157568,"relics_obtained":[{"floor":7,"key":"Shuriken"},{"floor":9,"key":"Pear"},{"floor":11,"key":"Pantograph"},{"floor":13,"key":"PreservedInsect"},{"floor":23,"key":"Ginger"},{"floor":25,"key":"Bird Faced Urn"},{"floor":26,"key":"Singing Bowl"},{"floor":28,"key":"Dream Catcher"}],"event_choices":[{"damage_healed":0,"gold_gain":0,"player_choice":"Donut","damage_taken":0,"max_hp_gain":5,"max_hp_loss":0,"event_name":"Big Fish","floor":2,"gold_loss":0},{"damage_healed":0,"gold_gain":0,"player_choice":"Success","damage_taken":3,"relics_obtained":["Omamori"],"max_hp_gain":0,"max_hp_loss":0,"event_name":"Scrap Ooze","floor":3,"gold_loss":0},{"cards_removed":["Strike_B"],"damage_healed":0,"gold_gain":0,"player_choice":"Card Removal","damage_taken":7,"max_hp_gain":0,"max_hp_loss":0,"event_name":"Golden Wing","floor":4,"gold_loss":0},{"cards_removed":["Strike_B"],"damage_healed":0,"gold_gain":0,"player_choice":"Purged","damage_taken":0,"max_hp_gain":0,"max_hp_loss":0,"event_name":"Purifier","floor":8,"gold_loss":0},{"damage_healed":0,"gold_gain":99,"player_choice":"Stole From Cult","damage_taken":0,"max_hp_gain":0,"max_hp_loss":0,"event_name":"Nest","floor":20,"gold_loss":0},{"damage_healed":0,"gold_gain":0,"player_choice":"Obtained Relic","damage_taken":0,"relics_obtained":["Turnip"],"max_hp_gain":0,"max_hp_loss":0,"event_name":"Addict","floor":21,"gold_loss":85},{"damage_healed":0,"gold_gain":0,"player_choice":"Fight","damage_taken":0,"max_hp_gain":0,"max_hp_loss":0,"event_name":"Mysterious Sphere","floor":37,"gold_loss":0}],"is_beta":false,"boss_relics":[{"not_picked":["Black Star","Ectoplasm"],"picked":"Nuclear Battery"},{"not_picked":["Philosopher\u0027s Stone","Runic Dome"],"picked":"Busted Crown"}],"items_purged_floors":[22],"is_endless":false,"potions_floor_spawned":[7,13,14,16,18,19,30,31],"killed_by":"2 Orb Walkers","ascension_level":2}