{"path_per_floor":["M","?","?","M","M","R","M","E","T","R","M","E","M","E","R","B",null,"M","?","M","$","M","E","R","M","T","E","?","R","M","M","R","B",null,"M","$","?","M","?","R","E","R","T","?","M","T","?","M","R","B"],"character_chosen":"THE_SILENT","items_purchased":["Underhanded Strike+1","Dash+1","Blood Vial","Toxic Egg 2"],"gold_per_floor":[114,114,114,129,144,144,159,189,189,189,204,234,249,279,279,379,379,394,309,324,227,242,272,272,287,287,317,317,317,332,347,347,447,447,462,12,112,127,127,127,157,157,182,182,197,197,197,212,212,212],"floor_reached":51,"campfire_rested":7,"playtime":5282,"item_purchase_floors":[],"current_hp_per_floor":[67,67,67,63,60,60,56,52,66,84,65,61,59,38,63,51,84,75,75,54,54,46,20,45,22,22,38,38,63,59,54,79,38,84,77,77,77,69,69,84,82,82,82,71,60,60,60,62,91,11],"items_purged":["Defend_G"],"gold":212,"score":737,"play_id":"74f5b042-b287-4ef0-89c8-d3b8a97e44e9","local_time":"20180619131432","daily_mods":["Specialized","Elite Swarm","Binary"],"is_prod":false,"is_daily":true,"chose_seed":false,"is_ascension_mode":false,"campfire_upgraded":2,"win_rate":0,"timestamp":1529428472,"campfire_choices":[{"data":"Wraith Form v2","floor":6.0,"key":"SMITH"},{"floor":10.0,"key":"REST"},{"floor":15.0,"key":"REST"},{"floor":24,"key":"REST"},{"floor":29,"key":"REST"},{"floor":32,"key":"REST"},{"floor":40,"key":"REST"},{"data":"Deadly Poison","floor":42,"key":"SMITH"},{"floor":49,"key":"REST"}],"path_taken":["M","?","?","M","M","R","M","E","T","R","?","E","M","E","R","BOSS","M","?","M","$","M","E","R","M","T","E","?","R","M","M","R","BOSS","M","$","?","?","?","R","E","R","T","?","?","?","?","M","R","BOSS"],"build_version":"2018-06-14v2","seed_source_timestamp":0,"purchased_purges":1,"victory":true,"master_deck":["Defend_G","Defend_G","Defend_G","Defend_G","Strike_G","Strike_G","Strike_G","Strike_G","Strike_G","Survivor","Neutralize","Wraith Form v2+1","Wraith Form v2+1","Wraith Form v2","Wraith Form v2","Wraith Form v2","Deadly Poison+1","Finisher","Choke","Deadly Poison+1","Storm of Steel","Quick Slash","Die Die Die","All Out Attack+1","Underhanded Strike+1","Dash+1","Unload+1","Dagger Throw+1","Acrobatics+1","Deadly Poison+1","Madness+1","Madness+1","Unload+1"],"max_hp_per_floor":[70,70,70,70,70,70,70,70,84,84,84,84,84,84,84,84,84,84,84,84,84,84,84,84,84,84,84,84,84,84,84,84,84,84,84,84,84,84,84,84,86,86,86,86,88,88,88,90,92,92],"special_seed":17701,"relics":["Ring of the Snake","Potion Belt","Mango","Centennial Puzzle","Toolbox","Lizard Tail","Molten Egg 2","Lantern","Tough Bandages","Smiling Mask","Pen Nib","Black Star","Blood Vial","Toxic Egg 2","Singing Bowl","Dream Catcher","Oddly Smooth Stone","Gremlin Horn"],"card_choices":[{"not_picked":["Prepared"],"picked":"Deadly Poison","floor":1.0},{"not_picked":["Cloak And Dagger"],"picked":"Finisher","floor":4.0},{"not_picked":["Flechettes","Well Laid Plans"],"picked":"SKIP","floor":5.0},{"not_picked":["Deflect"],"picked":"Choke","floor":7.0},{"not_picked":["Venomology","Night Terror"],"picked":"SKIP","floor":8.0},{"not_picked":["Heel Hook"],"picked":"Deadly Poison","floor":11.0},{"not_picked":["Doppelganger"],"picked":"Storm of Steel","floor":12.0},{"not_picked":["Slice"],"picked":"Quick Slash","floor":13.0},{"not_picked":["Venomology"],"picked":"Die Die Die","floor":14.0},{"not_picked":["Skewer"],"picked":"All Out Attack+1","floor":18.0},{"not_picked":["Underhanded Strike+1","Backflip"],"picked":"SKIP","floor":20.0},{"not_picked":["Cloak And Dagger","Dodge and Roll"],"picked":"SKIP","floor":22.0},{"not_picked":["Wraith Form v2"],"picked":"Unload+1","floor":23},{"not_picked":["Bane+1"],"picked":"Dagger Throw+1","floor":25},{"not_picked":["Unload+1","Envenom"],"picked":"SKIP","floor":27},{"not_picked":["Backflip+1"],"picked":"Acrobatics+1","floor":30},{"not_picked":["Quick Slash+1"],"picked":"Deadly Poison+1","floor":31},{"not_picked":["Quick Slash+1","Acrobatics+1"],"picked":"SKIP","floor":35},{"not_picked":["Quick Slash+1","Backflip+1"],"picked":"SKIP","floor":38},{"not_picked":["Die Die Die+1","Venomology+1"],"picked":"Singing Bowl","floor":41},{"not_picked":["Riddle With Holes+1","Dagger Spray+1"],"picked":"Singing Bowl","floor":45},{"not_picked":["Backflip+1","Skewer+1"],"picked":"Singing Bowl","floor":48},{"not_picked":["Masterful Stab+1","Heel Hook+1"],"picked":"Singing Bowl","floor":49}],"player_experience":111577,"potions_floor_usage":[23,33,33,33,33],"damage_taken":[{"damage":3.0,"enemies":"Jaw Worm","floor":1.0,"turns":7.0},{"damage":4.0,"enemies":"Cultist","floor":4.0,"turns":7.0},{"damage":3.0,"enemies":"Small Slimes","floor":5.0,"turns":7.0},{"damage":4.0,"enemies":"Blue Slaver","floor":7.0,"turns":5.0},{"damage":4.0,"enemies":"Lagavulin","floor":8.0,"turns":8.0},{"damage":19.0,"enemies":"Lots of Slimes","floor":11.0,"turns":8.0},{"damage":4.0,"enemies":"Gremlin Nob","floor":12.0,"turns":6.0},{"damage":2.0,"enemies":"Looter","floor":13.0,"turns":4.0},{"damage":21.0,"enemies":"Lagavulin","floor":14.0,"turns":8.0},{"damage":12.0,"enemies":"Slime Boss","floor":16.0,"turns":16.0},{"damage":9.0,"enemies":"Shell Parasite","floor":18.0,"turns":8.0},{"damage":21.0,"enemies":"3 Byrds","floor":20.0,"turns":5.0},{"damage":8.0,"enemies":"Centurion and Healer","floor":22.0,"turns":9.0},{"damage":26,"enemies":"Gremlin Leader","floor":23,"turns":11},{"damage":23,"enemies":"3 Cultists","floor":25,"turns":7},{"damage":30,"enemies":"Slavers","floor":27,"turns":6},{"damage":4,"enemies":"Cultist and Chosen","floor":30,"turns":8},{"damage":5,"enemies":"Snake Plant","floor":31,"turns":6},{"damage":41,"enemies":"Collector","floor":33,"turns":13},{"damage":7,"enemies":"Orb Walker","floor":35,"turns":3},{"damage":10,"enemies":"3 Darklings","floor":38,"turns":10},{"damage":4,"enemies":"2 Orb Walkers","floor":41,"turns":5},{"damage":15,"enemies":"4 Shapes","floor":45,"turns":8},{"damage":2,"enemies":"Sphere and 2 Shapes","floor":48,"turns":5},{"damage":85,"enemies":"Time Eater","floor":50,"turns":18}],"relics_obtained":[{"floor":8.0,"key":"Potion Belt"},{"floor":9.0,"key":"Mango"},{"floor":12.0,"key":"Centennial Puzzle"},{"floor":14.0,"key":"Toolbox"},{"floor":23,"key":"Lantern"},{"floor":26,"key":"Tough Bandages"},{"floor":27,"key":"Smiling Mask"},{"floor":41,"key":"Singing Bowl"},{"floor":41,"key":"Dream Catcher"},{"floor":43,"key":"Oddly Smooth Stone"},{"floor":46,"key":"Gremlin Horn"}],"event_choices":[{"event_name":"Upgrade Shrine","player_choice":"Upgraded","floor":2.0,"damage_taken":0.0},{"event_name":"Living Wall","player_choice":"Grow","floor":3.0,"damage_taken":0.0},{"event_name":"Addict","player_choice":"Obtained Relic","floor":19.0,"damage_taken":0.0},{"event_name":"Wheel of Change","player_choice":"Relic","floor":28,"damage_taken":0},{"event_name":"Golden Shrine","player_choice":"Pray","floor":37,"damage_taken":0},{"event_name":"Mysterious Sphere","player_choice":"Ignore","floor":39,"damage_taken":0},{"event_name":"Winding Halls","player_choice":"Embrace Madness","floor":44,"damage_taken":0},{"event_name":"Duplicator","player_choice":"One dupe","floor":47,"damage_taken":0}],"boss_relics":[{"not_picked":["Fusion Hammer","Pandora\u0027s Box"],"picked":"Lizard Tail"},{"not_picked":["Empty Cage","Philosopher\u0027s Stone"],"picked":"Black Star"}],"items_purged_floors":[36],"is_endless":false,"potions_floor_spawned":[7,11,12,13,16,23,31,45,48],"seed_played":"1244494932792463872","ascension_level":0,"potions_obtained":[{"floor":7.0,"key":"SkillPotion"},{"floor":11.0,"key":"Strength Potion"},{"floor":12.0,"key":"SteroidPotion"},{"floor":13.0,"key":"Weak Potion"},{"floor":16.0,"key":"Ancient Potion"},{"floor":23,"key":"SneckoOil"},{"floor":31,"key":"Weak Potion"},{"floor":45,"key":"FairyPotion"},{"floor":48,"key":"SneckoOil"}],"is_trial":false}