{"gold_per_floor":[110,110,110,129,55,55,68,68,68,96,107,107],"floor_reached":12,"playtime":421,"items_purged":[],"score":90,"play_id":"65da8c33-acd0-4ccf-a817-d39018452b97","local_time":"20190314171056","is_ascension_mode":true,"campfire_choices":[{"data":"Metallicize","floor":6,"key":"SMITH"},{"data":"Metallicize","floor":8,"key":"SMITH"}],"neow_cost":"PERCENT_DAMAGE","seed_source_timestamp":75694186530561,"circlet_count":0,"master_deck":["Strike_R","Strike_R","Strike_R","Strike_R","Strike_R","Defend_R","Defend_R","Defend_R","Defend_R","Bash","Impervious","Metallicize+1","Shrug It Off","Metallicize+1","Body Slam","Juggernaut","Entrench"],"relics":["Burning Blood","Calipers","Happy Flower","Red Skull"],"potions_floor_usage":[12,12,12],"damage_taken":[{"damage":11,"enemies":"Jaw Worm","floor":1,"turns":4},{"damage":0,"enemies":"Small Slimes","floor":4,"turns":4},{"damage":4,"enemies":"Cultist","floor":7,"turns":6},{"damage":41,"enemies":"Gremlin Nob","floor":10,"turns":7},{"damage":17,"enemies":"Lots of Slimes","floor":11,"turns":6},{"damage":25,"enemies":"Lagavulin Event","floor":12,"turns":3}],"seed_played":"6576080809547876890","potions_obtained":[{"floor":1,"key":"Regen Potion"},{"floor":7,"key":"Energy Potion"},{"floor":10,"key":"SteroidPotion"}],"is_trial":false,"path_per_floor":["M","?","?","M","$","R","M","R","T","E","M","?"],"character_chosen":"IRONCLAD","items_purchased":["Metallicize"],"campfire_rested":0,"item_purchase_floors":[5],"current_hp_per_floor":[51,51,51,57,57,57,59,59,59,24,13,0],"gold":107,"neow_bonus":"THREE_RARE_CARDS","is_prod":false,"is_daily":false,"chose_seed":false,"campfire_upgraded":2,"win_rate":0,"timestamp":1552597856,"path_taken":["M","?","?","?","?","R","M","R","T","E","M","?"],"build_version":"2019-01-23","purchased_purges":0,"victory":false,"max_hp_per_floor":[80,80,80,80,80,80,80,80,80,80,80,80],"card_choices":[{"not_picked":["Exhume","Brutality"],"picked":"Impervious","floor":0},{"not_picked":["Power Through","Cleave"],"picked":"Metallicize","floor":1},{"not_picked":["Twin Strike","Warcry"],"picked":"Shrug It Off","floor":4},{"not_picked":["Havoc","Heavy Blade"],"picked":"Body Slam","floor":7},{"not_picked":["Shockwave","Anger"],"picked":"Juggernaut","floor":10},{"not_picked":["Havoc","Twin Strike"],"picked":"Entrench","floor":11}],"player_experience":140723,"relics_obtained":[{"floor":9,"key":"Calipers"},{"floor":10,"key":"Happy Flower"}],"event_choices":[{"damage_healed":0,"gold_gain":0,"player_choice":"Ignored","damage_taken":0,"max_hp_gain":0,"max_hp_loss":0,"event_name":"Liars Game","floor":2,"gold_loss":0},{"damage_healed":0,"gold_gain":0,"player_choice":"0 cards matched","damage_taken":0,"max_hp_gain":0,"max_hp_loss":0,"event_name":"Match and Keep!","floor":3,"gold_loss":0,"cards_obtained":[]},{"damage_healed":0,"gold_gain":0,"player_choice":"Searched \u00273\u0027 times","damage_taken":0,"relics_obtained":["Red Skull"],"max_hp_gain":0,"max_hp_loss":0,"event_name":"Dead Adventurer","floor":12,"gold_loss":0}],"is_beta":false,"boss_relics":[],"items_purged_floors":[],"is_endless":false,"potions_floor_spawned":[1,7,10],"killed_by":"Lagavulin Event","ascension_level":3}