{"gold_per_floor":[110,128,141,141,141,141,154,175,175,63,63,81,106,119,119,119],"floor_reached":16,"playtime":725,"items_purged":["Zap"],"score":96,"play_id":"587bdaa6-0fea-48ad-9043-1206c7a0bae4","local_time":"20180625210817","is_ascension_mode":false,"campfire_choices":[{"floor":6,"key":"REST"},{"data":"Genetic Algorithm","floor":11,"key":"SMITH"},{"floor":15,"key":"REST"}],"neow_cost":"NONE","seed_source_timestamp":308736467548299,"circlet_count":0,"master_deck":["Strike_B","Strike_B","Strike_B","Defend_B","Defend_B","Defend_B","Defend_B","Dualcast","Sweeping Beam","Conserve Battery","Capacitor","Genetic Algorithm+1","Auto Shields","Conserve Battery","Lockon","Chaos"],"relics":["Cracked Core","Golden Idol","Dream Catcher"],"potions_floor_usage":[12,16,16],"damage_taken":[{"damage":6,"enemies":"Jaw Worm","floor":1,"turns":4},{"damage":0,"enemies":"Small Slimes","floor":2,"turns":2},{"damage":0,"enemies":"2 Louse","floor":3,"turns":3},{"damage":10,"enemies":"Large Slime","floor":7,"turns":8},{"damage":1,"enemies":"Blue Slaver","floor":8,"turns":4},{"damage":28,"enemies":"Gremlin Gang","floor":12,"turns":5},{"damage":6,"enemies":"3 Louse","floor":13,"turns":2},{"damage":15,"enemies":"Large Slime","floor":14,"turns":9},{"damage":58,"enemies":"Slime Boss","floor":16,"turns":8}],"seed_played":"-1352534230515580670","potions_obtained":[{"floor":1,"key":"LiquidBronze"},{"floor":7,"key":"Poison Potion"},{"floor":12,"key":"SpeedPotion"},{"floor":14,"key":"Block Potion"}],"is_trial":false,"path_per_floor":["M","M","M","?","?","R","M","M","T","$","R","M","M","M","R"],"character_chosen":"DEFECT","items_purchased":["Lockon"],"campfire_rested":2,"item_purchase_floors":[10],"current_hp_per_floor":[76,76,76,76,56,80,70,69,69,69,69,41,35,20,44,0],"gold":119,"neow_bonus":"TEN_PERCENT_HP_BONUS","is_prod":false,"is_daily":false,"chose_seed":false,"campfire_upgraded":1,"win_rate":0.0,"timestamp":1529975297,"path_taken":["M","M","M","?","?","R","?","M","T","$","R","M","M","M","R","BOSS"],"build_version":"2018-06-21v2","purchased_purges":1,"victory":false,"max_hp_per_floor":[82,82,82,82,82,82,82,82,82,82,82,82,82,82,82,82],"card_choices":[{"not_picked":["Force Field","Cold Snap"],"picked":"Sweeping Beam","floor":1},{"not_picked":["Streamline","Turbo"],"picked":"Conserve Battery","floor":2},{"not_picked":["FTL","Core Surge"],"picked":"Capacitor","floor":3},{"not_picked":["Beam Cell","Go for the Eyes"],"picked":"Auto Shields","floor":7},{"not_picked":["Redo","Storm"],"picked":"Conserve Battery","floor":8},{"not_picked":["Cold Snap","FTL","Amplify"],"picked":"SKIP","floor":12},{"not_picked":["Force Field","Storm","Hologram"],"picked":"SKIP","floor":13},{"not_picked":["Steam","Go for the Eyes"],"picked":"Chaos","floor":14}],"player_experience":175346,"relics_obtained":[{"floor":9,"key":"Dream Catcher"}],"event_choices":[{"event_name":"Living Wall","player_choice":"Change","floor":4,"damage_taken":0},{"event_name":"Golden Idol","player_choice":"Take Damage","floor":5,"damage_taken":0}],"boss_relics":[],"items_purged_floors":[10],"is_endless":false,"potions_floor_spawned":[1,7,12,14],"killed_by":"Slime Boss","ascension_level":0}