{"gold_per_floor":[114,114,138,138,154,154,190,190,190,59,89,102,102,102,102,201,201,214,214,139,163,29,63,76,100,123,144,167,219,219,244,244,335,335,348,367,419,419,434,434,475,475,475,475],"floor_reached":44,"playtime":2553,"items_purged":["Strike_B"],"score":916,"play_id":"f1658fa7-d1bd-4747-9574-9cbff3eaae30","local_time":"20190210131650","is_ascension_mode":true,"campfire_choices":[{"data":"Defragment","floor":6.0,"key":"SMITH"},{"floor":8.0,"key":"REST"},{"data":"Sunder","floor":13.0,"key":"SMITH"},{"data":"Defragment","floor":15.0,"key":"SMITH"},{"data":"Dualcast","floor":30,"key":"SMITH"},{"data":"Multi-Cast","floor":32,"key":"SMITH"},{"data":"Chill","floor":40,"key":"SMITH"},{"data":"Redo","floor":42,"key":"SMITH"}],"neow_cost":"NONE","seed_source_timestamp":1380436745845300,"circlet_count":0,"master_deck":["AscendersBane","Strike_B","Defend_B","Defend_B","Defend_B","Defend_B","Zap+1","Dualcast+1","Defragment+1","Coolheaded","Leap","Sunder+1","Ball Lightning","Defragment+1","Conserve Battery","Multi-Cast+1","Auto Shields","Go for the Eyes","Chill+1","Cold Snap","Storm+1","Redo+1","Ball Lightning+1","Leap","Coolheaded","Chill","Electrodynamics","Tempest","Coolheaded","Electrodynamics","Redo+1"],"special_seed":0,"relics":["Cracked Core","Golden Idol","Meat on the Bone","Pocketwatch","Pantograph","Odd Mushroom","Coffee Dripper","Happy Flower","Omamori","Oddly Smooth Stone","Cursed Key","Art of War","Bottled Flame","Frozen Egg 2"],"potions_floor_usage":[23,25,27,31,33,33,41,44],"damage_taken":[{"damage":10.0,"enemies":"2 Louse","floor":1.0,"turns":2.0},{"damage":14.0,"enemies":"Jaw Worm","floor":3.0,"turns":4.0},{"damage":4.0,"enemies":"Small Slimes","floor":5.0,"turns":4.0},{"damage":13.0,"enemies":"Lagavulin","floor":7.0,"turns":8.0},{"damage":21.0,"enemies":"The Mushroom Lair","floor":11.0,"turns":3.0},{"damage":6.0,"enemies":"Looter","floor":12.0,"turns":3.0},{"damage":30.0,"enemies":"Slime Boss","floor":16.0,"turns":7.0},{"damage":13,"enemies":"2 Thieves","floor":18,"turns":4},{"damage":0,"enemies":"Chosen","floor":21,"turns":4},{"damage":28,"enemies":"Gremlin Leader","floor":23,"turns":7},{"damage":9,"enemies":"Snake Plant","floor":24,"turns":3},{"damage":10,"enemies":"3 Cultists","floor":25,"turns":5},{"damage":19,"enemies":"Shelled Parasite and Fungi","floor":27,"turns":5},{"damage":3,"enemies":"Snecko","floor":28,"turns":4},{"damage":0,"enemies":"3 Cultists","floor":31,"turns":4},{"damage":44,"enemies":"Automaton","floor":33,"turns":11},{"damage":16,"enemies":"3 Shapes","floor":35,"turns":3},{"damage":8,"enemies":"3 Darklings","floor":36,"turns":4},{"damage":0,"enemies":"Writhing Mass","floor":39,"turns":6},{"damage":31,"enemies":"Nemesis","floor":41,"turns":9},{"damage":36,"enemies":"Reptomancer","floor":44,"turns":2}],"seed_played":"5966831577972050197","potions_obtained":[{"floor":5.0,"key":"Weak Potion"},{"floor":12.0,"key":"FearPotion"},{"floor":16.0,"key":"SpeedPotion"},{"floor":21,"key":"Poison Potion"},{"floor":24,"key":"Swift Potion"},{"floor":25,"key":"Explosive Potion"},{"floor":28,"key":"SkillPotion"},{"floor":31,"key":"PowerPotion"},{"floor":36,"key":"Weak Potion"},{"floor":41,"key":"Explosive Potion"}],"is_trial":false,"path_per_floor":["M","?","M","?","M","R","E","R","T","$","?","M","R","?","R","B",null,"M","?","?","M","$","E","M","M","T","M","M","T","R","M","R","B",null,"M","M","T","?","M","R","E","R","T","E"],"character_chosen":"DEFECT","items_purchased":["Ball Lightning","Chill","Cold Snap"],"campfire_rested":1,"item_purchase_floors":[10,22,22],"current_hp_per_floor":[54,54,40,14,22,22,21,40,40,40,31,37,37,30,30,37,57,44,44,44,44,44,28,31,33,33,26,35,35,35,35,35,28,55,39,43,43,43,43,43,24,24,24,0],"gold":475,"neow_bonus":"UPGRADE_CARD","is_prod":false,"is_daily":false,"chose_seed":false,"campfire_upgraded":7,"win_rate":0,"timestamp":1549833410,"path_taken":["M","?","M","?","M","R","E","R","T","?","?","M","R","?","R","BOSS","M","?","?","M","$","E","M","M","T","M","M","?","R","M","R","BOSS","M","M","?","?","M","R","E","R","T","E"],"build_version":"2019-02-06","purchased_purges":1,"victory":false,"max_hp_per_floor":[71,64,64,64,64,64,64,64,64,64,64,64,64,64,64,64,64,64,64,64,64,64,64,64,64,64,64,64,64,64,64,64,64,64,64,64,64,64,64,64,64,64,64,64],"card_choices":[{"not_picked":["Go for the Eyes","Cold Snap"],"picked":"Defragment","floor":1.0},{"not_picked":["Hologram","Genetic Algorithm"],"picked":"Coolheaded","floor":3.0},{"not_picked":["Recycle","Beam Cell"],"picked":"Leap","floor":5.0},{"not_picked":["Rebound","Leap"],"picked":"Sunder","floor":7.0},{"not_picked":["Static Discharge","Stack"],"picked":"Defragment","floor":11.0},{"not_picked":["Hello World","Beam Cell"],"picked":"Conserve Battery","floor":12.0},{"not_picked":["All For One","Core Surge"],"picked":"Multi-Cast","floor":16.0},{"not_picked":["Leap","Conserve Battery"],"picked":"Auto Shields","floor":18},{"not_picked":["Turbo","Hello World"],"picked":"Go for the Eyes","floor":21},{"not_picked":["Force Field","Steam Power"],"picked":"Storm+1","floor":23},{"not_picked":["Steam Power","Steam"],"picked":"Redo+1","floor":24},{"not_picked":["Gash","Consume"],"picked":"Ball Lightning+1","floor":25},{"not_picked":["Fusion","Turbo"],"picked":"Leap","floor":27},{"not_picked":["Hologram","Core Surge"],"picked":"Coolheaded","floor":28},{"not_picked":["Ball Lightning","Turbo"],"picked":"Chill","floor":31},{"not_picked":["Thunder Strike","Buffer"],"picked":"Electrodynamics","floor":33},{"not_picked":["Leap","Sweeping Beam"],"picked":"Tempest","floor":35},{"not_picked":["Hologram","Undo"],"picked":"Coolheaded","floor":36},{"not_picked":["Force Field","Genetic Algorithm+1","Streamline"],"picked":"SKIP","floor":39},{"not_picked":["Go for the Eyes","Loop"],"picked":"Redo","floor":41}],"player_experience":3254119,"relics_obtained":[{"floor":7.0,"key":"Pocketwatch"},{"floor":9.0,"key":"Pantograph"},{"floor":11.0,"key":"Odd Mushroom"},{"floor":23,"key":"Happy Flower"},{"floor":26,"key":"Omamori"},{"floor":29,"key":"Oddly Smooth Stone"},{"floor":37,"key":"Art of War"},{"floor":41,"key":"Bottled Flame"},{"floor":43,"key":"Frozen Egg 2"}],"event_choices":[{"damage_healed":0.0,"max_hp_gain":0.0,"max_hp_loss":7.0,"gold_gain":0.0,"event_name":"Golden Idol","player_choice":"Lose Max HP","floor":2.0,"gold_loss":0.0,"damage_taken":0.0,"relics_obtained":["Golden Idol"]},{"damage_healed":0.0,"max_hp_gain":0.0,"max_hp_loss":0.0,"gold_gain":0.0,"event_name":"Scrap Ooze","player_choice":"Success","floor":4.0,"gold_loss":0.0,"damage_taken":26.0,"relics_obtained":["Meat on the Bone"]},{"damage_healed":0.0,"max_hp_gain":0.0,"max_hp_loss":0.0,"gold_gain":0.0,"event_name":"Mushrooms","player_choice":"Fought Mushrooms","floor":11.0,"gold_loss":0.0,"damage_taken":0.0},{"cards_removed":["Strike_B"],"damage_healed":0.0,"max_hp_gain":0.0,"max_hp_loss":0.0,"gold_gain":0.0,"event_name":"Golden Wing","player_choice":"Card Removal","floor":14.0,"gold_loss":0.0,"damage_taken":7.0},{"damage_healed":0,"gold_gain":0,"player_choice":"Ignored","damage_taken":0,"max_hp_gain":0,"max_hp_loss":0,"event_name":"Ghosts","floor":19,"gold_loss":0},{"cards_removed":["Strike_B"],"damage_healed":0,"gold_gain":0,"player_choice":"Gave Gold","damage_taken":0,"max_hp_gain":0,"max_hp_loss":0,"event_name":"Beggar","floor":20,"gold_loss":75},{"damage_healed":0,"gold_gain":0,"player_choice":"Copied","damage_taken":0,"max_hp_gain":0,"max_hp_loss":0,"event_name":"Duplicator","floor":38,"gold_loss":0,"cards_obtained":["Electrodynamics"]}],"is_beta":true,"boss_relics":[{"not_picked":["Tiny House","White Beast Statue"],"picked":"Coffee Dripper"},{"not_picked":["Velvet Choker","Sozu"],"picked":"Cursed Key"}],"items_purged_floors":[10],"is_endless":false,"potions_floor_spawned":[5,12,16,21,24,25,28,31,36,41],"killed_by":"Reptomancer","ascension_level":20}