{"gold_per_floor":[113,12,26,45,45,45,75,75,100,126,26,101,121,133,133,229,229,241,261,281,300,300,300,316,316,363,377,392,110,110,110,110,110],"floor_reached":33,"playtime":1107,"items_purged":["Strike_R","Defend_R","Defend_R+1"],"score":284,"play_id":"7e3eb5d5-90ee-481f-8288-6af450406ee3","local_time":"20190331020707","is_ascension_mode":false,"campfire_choices":[{"data":"Wild Strike","floor":6,"key":"SMITH"},{"data":"Inflame","floor":15,"key":"SMITH"},{"floor":23,"key":"REST"},{"floor":25,"key":"REST"},{"data":"Heavy Blade","floor":32,"key":"SMITH"}],"neow_cost":"NONE","seed_source_timestamp":558501504877900,"circlet_count":0,"master_deck":["Strike_R+1","Strike_R+1","Strike_R+1","Strike_R+1","Defend_R+1","Defend_R+1","Bash+1","Wild Strike+1","Armaments","Shrug It Off","Inflame+1","Feed","Spot Weakness","Immolate","Headbutt","Heavy Blade+1","Anger+1","Inflame","Perfected Strike"],"relics":["Burning Blood","Whetstone","Juzu Bracelet","Gremlin Horn","Sozu","Centennial Puzzle","Pen Nib"],"potions_floor_usage":[16,16,16],"damage_taken":[{"damage":12,"enemies":"Small Slimes","floor":1,"turns":4},{"damage":1,"enemies":"Cultist","floor":3,"turns":3},{"damage":1,"enemies":"2 Louse","floor":4,"turns":2},{"damage":18,"enemies":"Lagavulin","floor":7,"turns":5},{"damage":23,"enemies":"3 Sentries","floor":10,"turns":7},{"damage":0,"enemies":"Large Slime","floor":13,"turns":4},{"damage":2,"enemies":"3 Louse","floor":14,"turns":2},{"damage":31,"enemies":"Hexaghost","floor":16,"turns":8},{"damage":0,"enemies":"Chosen","floor":18,"turns":4},{"damage":22,"enemies":"2 Thieves","floor":19,"turns":3},{"damage":10,"enemies":"Chosen and Byrds","floor":20,"turns":3},{"damage":40,"enemies":"Centurion and Healer","floor":21,"turns":4},{"damage":9,"enemies":"3 Cultists","floor":24,"turns":4},{"damage":15,"enemies":"Chosen and Byrds","floor":27,"turns":2},{"damage":10,"enemies":"Cultist and Chosen","floor":28,"turns":3},{"damage":93,"enemies":"Collector","floor":33,"turns":5}],"seed_played":"886651997716300869","potions_obtained":[{"floor":3,"key":"AttackPotion"},{"floor":10,"key":"Weak Potion"},{"floor":13,"key":"Fire Potion"},{"floor":14,"key":"BloodPotion"}],"is_trial":false,"path_per_floor":["M","$","M","M","$","R","E","?","T","E","$","?","M","M","R","B",null,"M","M","M","M","?","R","M","R","T","M","M","$","?","?","R","B"],"character_chosen":"IRONCLAD","items_purchased":["Wild Strike","Pen Nib"],"campfire_rested":2,"item_purchase_floors":[2,29],"current_hp_per_floor":[74,74,79,80,80,80,68,68,68,51,51,40,50,54,54,37,84,87,74,73,39,39,66,66,94,94,88,84,84,99,79,79,0],"gold":110,"neow_bonus":"UPGRADE_CARD","is_prod":false,"is_daily":false,"chose_seed":false,"campfire_upgraded":3,"win_rate":0,"timestamp":1554012427,"path_taken":["M","$","M","M","$","R","E","?","T","E","$","?","M","M","R","BOSS","M","M","M","M","?","R","M","R","T","M","M","$","?","?","R","BOSS"],"build_version":"2019-01-23","purchased_purges":3,"victory":false,"max_hp_per_floor":[80,80,80,80,80,80,80,80,80,80,80,80,84,84,84,84,84,87,90,93,93,93,93,96,96,96,99,99,99,99,104,104,104],"card_choices":[{"not_picked":["Flex","Clash","Corruption"],"picked":"SKIP","floor":1},{"not_picked":["Power Through","Rage"],"picked":"Armaments","floor":3},{"not_picked":["Feel No Pain","Cleave"],"picked":"Shrug It Off","floor":4},{"not_picked":["Rupture","Heavy Blade","Warcry"],"picked":"SKIP","floor":7},{"not_picked":["Second Wind","Disarm"],"picked":"Feed","floor":10},{"not_picked":["Hemokinesis","Sword Boomerang"],"picked":"Spot Weakness","floor":13},{"not_picked":["Iron Wave","Clash","Rage"],"picked":"SKIP","floor":14},{"not_picked":["Reaper","Demon Form"],"picked":"Immolate","floor":16},{"not_picked":["Armaments","Evolve+1","Pummel"],"picked":"SKIP","floor":18},{"not_picked":["Clothesline+1","Uppercut"],"picked":"Headbutt","floor":19},{"not_picked":["Seeing Red+1","Fire Breathing"],"picked":"Heavy Blade","floor":20},{"not_picked":["Twin Strike+1","Wild Strike"],"picked":"Anger+1","floor":21},{"not_picked":["Entrench","Body Slam","Rage"],"picked":"SKIP","floor":24},{"not_picked":["Havoc+1","Body Slam+1"],"picked":"Inflame","floor":27},{"not_picked":["Disarm","Wild Strike"],"picked":"Perfected Strike","floor":28}],"player_experience":424592,"relics_obtained":[{"floor":7,"key":"Whetstone"},{"floor":9,"key":"Juzu Bracelet"},{"floor":10,"key":"Gremlin Horn"},{"floor":26,"key":"Centennial Puzzle"}],"event_choices":[{"damage_healed":0,"gold_gain":0,"player_choice":"1 cards matched","damage_taken":0,"max_hp_gain":0,"max_hp_loss":0,"event_name":"Match and Keep!","floor":8,"gold_loss":0,"cards_obtained":["Inflame"]},{"damage_healed":0,"gold_gain":75,"player_choice":"Gather Gold","damage_taken":11,"max_hp_gain":0,"max_hp_loss":0,"event_name":"World of Goop","floor":12,"gold_loss":0},{"damage_healed":0,"gold_gain":0,"player_choice":"Simplicity","damage_taken":0,"max_hp_gain":0,"max_hp_loss":0,"event_name":"Back to Basics","floor":22,"gold_loss":0,"cards_upgraded":["Strike_R","Strike_R","Defend_R","Defend_R","Defend_R"]},{"damage_healed":33,"gold_gain":0,"player_choice":"Heal","damage_taken":0,"max_hp_gain":0,"max_hp_loss":0,"event_name":"The Library","floor":30,"gold_loss":0},{"damage_healed":0,"gold_gain":0,"player_choice":"Shed Blood","damage_taken":25,"max_hp_gain":5,"max_hp_loss":0,"event_name":"Forgotten Altar","floor":31,"gold_loss":0}],"is_beta":false,"boss_relics":[{"not_picked":["White Beast Statue","Velvet Choker"],"picked":"Sozu"}],"items_purged_floors":[2,11,29],"is_endless":false,"potions_floor_spawned":[3,10,13,14,18,19,20,21],"killed_by":"Collector","ascension_level":0}