{"gold_per_floor":[114,114,127,6,6,6,39,39,39,39,51,66,83,96,96,195,195,211,14,14,14,24,24,53,53,79,92,92,112,112,112,112,112],"floor_reached":33,"playtime":1379,"items_purged":["Strike_B","Strike_B"],"score":290,"play_id":"dd593fe3-670b-45b7-9564-9f90102bef9a","local_time":"20190213140617","is_ascension_mode":false,"campfire_choices":[{"data":"Zap","floor":6,"key":"SMITH"},{"data":"Ball Lightning","floor":8,"key":"SMITH"},{"data":"Leap","floor":10,"key":"SMITH"},{"data":"Gash","floor":15,"key":"SMITH"},{"data":"Echo Form","floor":23,"key":"SMITH"},{"floor":25,"key":"REST"},{"floor":28,"key":"REST"},{"floor":32,"key":"REST"}],"neow_cost":"NONE","seed_source_timestamp":1224737848497,"circlet_count":0,"master_deck":["Strike_B","Strike_B","Defend_B","Defend_B","Defend_B","Zap+1","Dualcast","Leap+1","Ball Lightning+1","Gash+1","Sweeping Beam+1","Echo Form+1","Genetic Algorithm","Dramatic Entrance+1","Conserve Battery","Rebound+1","Gash"],"relics":["Cracked Core","NeowsBlessing","DataDisk","Centennial Puzzle","Sozu","Strawberry","Whetstone","Bottled Flame"],"potions_floor_usage":[16,29,33],"damage_taken":[{"damage":0,"enemies":"Cultist","floor":1,"turns":1},{"damage":0,"enemies":"Jaw Worm","floor":3,"turns":1},{"damage":0,"enemies":"3 Sentries","floor":7,"turns":1},{"damage":0,"enemies":"Small Slimes","floor":11,"turns":2},{"damage":0,"enemies":"Looter","floor":12,"turns":2},{"damage":16,"enemies":"Large Slime","floor":13,"turns":4},{"damage":5,"enemies":"Exordium Thugs","floor":14,"turns":3},{"damage":43,"enemies":"The Guardian","floor":16,"turns":8},{"damage":0,"enemies":"Chosen","floor":18,"turns":3},{"damage":12,"enemies":"3 Byrds","floor":22,"turns":3},{"damage":43,"enemies":"Gremlin Leader","floor":24,"turns":7},{"damage":23,"enemies":"Shelled Parasite and Fungi","floor":27,"turns":4},{"damage":11,"enemies":"Snake Plant","floor":29,"turns":4},{"damage":82,"enemies":"Collector","floor":33,"turns":7}],"seed_played":"-7294072902193724805","potions_obtained":[{"floor":3,"key":"GamblersBrew"},{"floor":11,"key":"Dexterity Potion"},{"floor":13,"key":"Ancient Potion"}],"is_trial":false,"path_per_floor":["M","?","M","$","$","R","E","R","T","R","M","M","M","M","R","B",null,"M","$","?","?","M","R","E","R","T","M","R","M","T","$","R","B"],"character_chosen":"DEFECT","items_purchased":["Ball Lightning","Dramatic Entrance"],"campfire_rested":3,"item_purchase_floors":[4,19],"current_hp_per_floor":[75,75,75,75,75,75,75,75,75,75,75,75,59,54,54,11,75,75,75,75,75,63,63,27,51,51,28,52,41,41,41,65,0],"gold":112,"neow_bonus":"THREE_ENEMY_KILL","is_prod":false,"is_daily":false,"chose_seed":false,"campfire_upgraded":5,"win_rate":0,"timestamp":1550084777,"path_taken":["M","?","M","?","$","R","E","R","T","R","M","M","M","M","R","BOSS","M","$","?","?","M","R","E","R","T","M","R","?","?","$","R","BOSS"],"build_version":"2019-01-23","purchased_purges":2,"victory":false,"max_hp_per_floor":[75,75,75,75,75,75,75,75,75,75,75,75,75,75,75,75,75,75,75,75,75,75,75,82,82,82,82,82,82,82,82,82,82],"card_choices":[{"not_picked":["Stack","Cold Snap"],"picked":"Leap","floor":1},{"not_picked":["Coolheaded","Hello World","Double Energy"],"picked":"SKIP","floor":3},{"not_picked":["Turbo","Go for the Eyes","Multi-Cast"],"picked":"SKIP","floor":7},{"not_picked":["Doom and Gloom","Leap","Aggregate"],"picked":"SKIP","floor":11},{"not_picked":["Coolheaded","Sweeping Beam"],"picked":"Gash","floor":12},{"not_picked":["Redo","Stack"],"picked":"Sweeping Beam","floor":13},{"not_picked":["Beam Cell","Steam","Reinforced Body"],"picked":"SKIP","floor":14},{"not_picked":["Hyperbeam","Amplify"],"picked":"Echo Form","floor":16},{"not_picked":["Steam","Storm"],"picked":"Genetic Algorithm","floor":18},{"not_picked":["Beam Cell+1","Melter"],"picked":"Conserve Battery","floor":22},{"not_picked":["Leap","Sweeping Beam+1"],"picked":"Rebound+1","floor":24},{"not_picked":["BootSequence","Barrage+1"],"picked":"Gash","floor":27},{"not_picked":["Sunder","Go for the Eyes","Rebound+1"],"picked":"SKIP","floor":29}],"player_experience":399862,"relics_obtained":[{"floor":7,"key":"DataDisk"},{"floor":9,"key":"Centennial Puzzle"},{"floor":24,"key":"Strawberry"},{"floor":26,"key":"Whetstone"},{"floor":30,"key":"Bottled Flame"}],"event_choices":[{"cards_removed":["Defend_B"],"damage_healed":0,"gold_gain":0,"player_choice":"Offered Basic","damage_taken":0,"max_hp_gain":0,"max_hp_loss":0,"event_name":"Bonfire Elementals","floor":2,"gold_loss":0},{"damage_healed":0,"gold_gain":0,"player_choice":"Ignored","damage_taken":0,"max_hp_gain":0,"max_hp_loss":0,"event_name":"Ghosts","floor":20,"gold_loss":0},{"damage_healed":0,"gold_gain":0,"player_choice":"Ignored","damage_taken":0,"max_hp_gain":0,"max_hp_loss":0,"event_name":"Purifier","floor":21,"gold_loss":0}],"is_beta":false,"boss_relics":[{"not_picked":["Eternal Feather","Fusion Hammer"],"picked":"Sozu"}],"items_purged_floors":[4,19],"is_endless":false,"potions_floor_spawned":[3,11,13,22,27],"killed_by":"Collector","ascension_level":0}