{"gold_per_floor":[112,132,207,222,235,235,267,267,267,284,284,12,22,22,22,117,117,129,140,40,57,57,57,57,57,57,57,71,87,99,130,130,235,235,249,249,266,281,281,281,281],"floor_reached":41,"playtime":1282,"items_purged":["Defend_R","Perfected Strike"],"score":415,"play_id":"1f97268a-ec91-4087-a351-28e7edc3e6d2","local_time":"20190206131120","is_ascension_mode":false,"campfire_choices":[{"data":"Perfected Strike","floor":6,"key":"SMITH"},{"floor":8,"key":"REST"},{"data":"Bludgeon","floor":11,"key":"SMITH"},{"data":"Bash","floor":15,"key":"SMITH"},{"data":"Uppercut","floor":23,"key":"SMITH"},{"data":"Searing Blow","floor":25,"key":"SMITH"},{"data":"Searing Blow+1","floor":27,"key":"SMITH"},{"floor":32,"key":"REST"},{"floor":40,"key":"REST"}],"neow_cost":"","seed_source_timestamp":0,"circlet_count":0,"master_deck":["Bash+1","Perfected Strike+1","Bludgeon+1","Uppercut+1","Wild Strike+1","Hemokinesis+1","Searing Blow+3","Wild Strike+1","Pummel+1","Whirlwind+1","Disarm+1","Fire Breathing+1","Body Slam+1"],"relics":["Snecko Eye","Dream Catcher","Ancient Tea Set","Blood Vial","Pandora\u0027s Box","MutagenicStrength","Whetstone","Bottled Lightning","Astrolabe","Mark of the Bloom","Sundial"],"potions_floor_usage":[31,33,33,41],"damage_taken":[{"damage":7,"enemies":"Small Slimes","floor":1,"turns":4},{"damage":0,"enemies":"Jaw Worm","floor":2,"turns":1},{"damage":1,"enemies":"Cultist","floor":4,"turns":3},{"damage":0,"enemies":"3 Louse","floor":5,"turns":3},{"damage":22,"enemies":"3 Sentries","floor":7,"turns":6},{"damage":2,"enemies":"Blue Slaver","floor":10,"turns":2},{"damage":0,"enemies":"Exordium Thugs","floor":13,"turns":1},{"damage":37,"enemies":"Hexaghost","floor":16,"turns":4},{"damage":3,"enemies":"3 Byrds","floor":18,"turns":3},{"damage":10,"enemies":"2 Thieves","floor":19,"turns":2},{"damage":0,"enemies":"Snake Plant","floor":21,"turns":2},{"damage":6,"enemies":"Cultist and Chosen","floor":28,"turns":2},{"damage":10,"enemies":"Chosen and Byrds","floor":29,"turns":2},{"damage":12,"enemies":"Centurion and Healer","floor":30,"turns":3},{"damage":35,"enemies":"Slavers","floor":31,"turns":4},{"damage":34,"enemies":"Automaton","floor":33,"turns":5},{"damage":3,"enemies":"3 Shapes","floor":35,"turns":2},{"damage":16,"enemies":"3 Darklings","floor":37,"turns":2},{"damage":12,"enemies":"Sphere and 2 Shapes","floor":38,"turns":3},{"damage":64,"enemies":"Transient","floor":41,"turns":5}],"seed_played":"-2419335607174589353","potions_obtained":[{"floor":1,"key":"SpeedPotion"},{"floor":5,"key":"Weak Potion"},{"floor":7,"key":"SpeedPotion"},{"floor":10,"key":"PowerPotion"},{"floor":21,"key":"SkillPotion"},{"floor":31,"key":"Regen Potion"}],"is_trial":true,"path_per_floor":["M","M","?","M","M","R","E","R","T","M","R","$","M","?","R","B",null,"M","M","$","M","?","R","?","R","T","R","M","M","M","E","R","B",null,"M","?","M","M","T","R","M"],"character_chosen":"IRONCLAD","items_purchased":["Blood Vial","Wild Strike"],"campfire_rested":3,"item_purchase_floors":[12,12],"current_hp_per_floor":[73,73,62,61,61,61,39,63,63,61,61,61,63,63,63,28,80,77,69,69,71,71,71,71,71,71,71,67,59,49,16,40,17,80,77,77,61,49,49,49,0],"gold":281,"neow_bonus":"","is_prod":false,"is_daily":false,"chose_seed":false,"campfire_upgraded":6,"win_rate":0.0,"timestamp":1549476680,"path_taken":["M","M","?","M","M","R","E","R","T","M","R","$","M","?","R","BOSS","M","M","$","M","?","R","?","R","T","R","M","M","M","E","R","BOSS","M","?","M","M","?","R","M"],"build_version":"2019-01-23","purchased_purges":2,"victory":false,"max_hp_per_floor":[80,80,80,80,80,80,80,80,80,80,80,80,80,80,80,80,80,80,80,80,80,80,80,80,80,80,80,80,80,80,80,80,80,80,80,80,80,80,80,80,80],"card_choices":[{"not_picked":["Combust","Iron Wave"],"picked":"Perfected Strike","floor":1},{"not_picked":["Body Slam","Burning Pact","Cleave"],"picked":"SKIP","floor":2},{"not_picked":["Battle Trance","Pommel Strike"],"picked":"Perfected Strike","floor":4},{"not_picked":["Warcry","True Grit","Feel No Pain"],"picked":"SKIP","floor":5},{"not_picked":["Disarm","Clothesline","Twin Strike"],"picked":"SKIP","floor":7},{"not_picked":["Bloodletting","Uppercut"],"picked":"Bludgeon","floor":8},{"not_picked":["Clash","Sever Soul"],"picked":"Uppercut","floor":10},{"not_picked":["Armaments","Flex","Cleave"],"picked":"SKIP","floor":13},{"not_picked":["Sentinel","Heavy Blade","Cleave"],"picked":"SKIP","floor":18},{"not_picked":["Pummel+1","Perfected Strike","Sword Boomerang+1"],"picked":"SKIP","floor":19},{"not_picked":["Ghostly Armor+1","Perfected Strike","Rupture"],"picked":"SKIP","floor":21},{"not_picked":["Brutality","Sever Soul","Uppercut+1"],"picked":"SKIP","floor":28},{"not_picked":["Thunderclap+1","Perfected Strike","Corruption+1"],"picked":"SKIP","floor":29},{"not_picked":["Power Through","Hemokinesis+1","Twin Strike"],"picked":"SKIP","floor":30},{"not_picked":["Shrug It Off","Rupture","Feed"],"picked":"SKIP","floor":31},{"not_picked":["Pummel","Heavy Blade+1","Headbutt+1"],"picked":"SKIP","floor":35},{"not_picked":["Clothesline+1","Rampage+1","Body Slam+1"],"picked":"SKIP","floor":37},{"not_picked":["Thunderclap","Entrench","Body Slam"],"picked":"SKIP","floor":38}],"player_experience":346540,"relics_obtained":[{"floor":7,"key":"Dream Catcher"},{"floor":9,"key":"Ancient Tea Set"},{"floor":26,"key":"Whetstone"},{"floor":31,"key":"Bottled Lightning"},{"floor":39,"key":"Sundial"}],"event_choices":[{"damage_healed":0,"gold_gain":75,"player_choice":"Gather Gold","damage_taken":11,"max_hp_gain":0,"max_hp_loss":0,"event_name":"World of Goop","floor":3,"gold_loss":0},{"damage_healed":0,"gold_gain":0,"cards_transformed":["Defend_R"],"player_choice":"Transformed","damage_taken":0,"max_hp_gain":0,"max_hp_loss":0,"event_name":"Transmorgrifier","floor":14,"gold_loss":0,"cards_obtained":["Metallicize"]},{"damage_healed":0,"gold_gain":0,"player_choice":"Inject Mutagens","damage_taken":0,"relics_obtained":["MutagenicStrength"],"max_hp_gain":0,"max_hp_loss":0,"event_name":"Drug Dealer","floor":22,"gold_loss":0},{"damage_healed":0,"gold_gain":0,"player_choice":"Upgrade","damage_taken":0,"relics_obtained":["Mark of the Bloom"],"max_hp_gain":0,"max_hp_loss":0,"event_name":"MindBloom","floor":36,"gold_loss":0,"cards_upgraded":["Wild Strike","Hemokinesis","Searing Blow","Pummel"]}],"is_beta":false,"boss_relics":[{"not_picked":["Sozu","Coffee Dripper"],"picked":"Pandora\u0027s Box"},{"not_picked":["Runic Cube","Runic Dome"],"picked":"Astrolabe"}],"items_purged_floors":[12,20],"is_endless":false,"potions_floor_spawned":[1,5,7,10,21,29,30,31,35],"killed_by":"Transient","ascension_level":0}