{"gold_per_floor":[110,60,60,35,54,54,84,84,84,84,96,21,21,38,38,142,142,157,175,75,75,49,78,78,98,98,98,113,41,41,53,53,53],"floor_reached":33,"playtime":1405,"items_purged":["Strike_B","Strike_B"],"score":265,"play_id":"b5aa5e2f-2fac-43b3-90de-8e5dd4a770ee","local_time":"20180625144530","is_ascension_mode":false,"campfire_choices":[{"data":"Chaos","floor":6,"key":"SMITH"},{"floor":8,"key":"REST"},{"floor":10,"key":"REST"},{"data":"Gash","floor":13,"key":"SMITH"},{"data":"Melter","floor":15,"key":"SMITH"},{"floor":24,"key":"REST"},{"floor":27,"key":"REST"},{"data":"Conserve Battery","floor":32,"key":"SMITH"}],"neow_cost":"","seed_source_timestamp":0,"circlet_count":0,"master_deck":["Defend_B","Defend_B","Defend_B","Defend_B","Zap+1","Dualcast","Chaos+1","Compile Driver","Ball Lightning","Gash+1","Conserve Battery+1","Melter+1","Biased Cognition","Rebound+1","Turbo+1","Undo","Streamline","Capacitor"],"special_seed":0,"relics":["Cracked Core","Calipers","Turnip","Nuclear Battery","Incense Burner","Mercury Hourglass"],"potions_floor_usage":[33,33],"damage_taken":[{"damage":6.0,"enemies":"2 Louse","floor":1.0,"turns":3.0},{"damage":0.0,"enemies":"Cultist","floor":3.0,"turns":4.0},{"damage":6,"enemies":"Cultist","floor":5,"turns":3},{"damage":27,"enemies":"Lagavulin","floor":7,"turns":6},{"damage":0,"enemies":"Small Slimes","floor":11,"turns":2},{"damage":12,"enemies":"Blue Slaver","floor":14,"turns":3},{"damage":44,"enemies":"The Guardian","floor":16,"turns":10},{"damage":17,"enemies":"3 Byrds","floor":18,"turns":4},{"damage":0,"enemies":"Chosen","floor":19,"turns":3},{"damage":21,"enemies":"Book of Stabbing","floor":23,"turns":4},{"damage":11,"enemies":"Snecko","floor":25,"turns":4},{"damage":1,"enemies":"3 Cultists","floor":28,"turns":5},{"damage":1,"enemies":"Centurion and Healer","floor":31,"turns":4},{"damage":86,"enemies":"Collector","floor":33,"turns":10}],"seed_played":"6939450732293089663","potions_obtained":[{"floor":14,"key":"GamblersBrew"},{"floor":28,"key":"EssenceOfSteel"},{"floor":31,"key":"Weak Potion"}],"is_trial":false,"path_per_floor":["M","?","?","$","M","R","E","R","T","R","M","$","R","M","R","B",null,"M","M","$","?","$","E","R","M","T","R","M","$","?","M","R"],"character_chosen":"DEFECT","items_purchased":["Ball Lightning","Streamline","Capacitor"],"campfire_rested":4,"item_purchase_floors":[4,22,29],"current_hp_per_floor":[69,69,69,69,63,63,36,58,58,75,75,75,75,63,63,19,75,58,58,58,58,58,37,59,48,48,70,69,69,69,68,68,0],"gold":53,"neow_bonus":"","is_prod":false,"is_daily":false,"chose_seed":false,"campfire_upgraded":4,"win_rate":0.0,"timestamp":1529952330,"path_taken":["M","?","?","$","M","R","E","R","T","R","M","?","R","M","R","BOSS","M","M","$","?","$","E","R","M","T","R","M","$","?","M","R","BOSS"],"build_version":"2018-06-21v2","purchased_purges":2,"victory":false,"max_hp_per_floor":[75,75,75,75,75,75,75,75,75,75,75,75,75,75,75,75,75,75,75,75,75,75,75,75,75,75,75,75,75,75,75,75,75],"card_choices":[{"not_picked":["Barrage","Blizzard"],"picked":"Chaos","floor":0.0},{"not_picked":["Stack","Rebound"],"picked":"Compile Driver","floor":1.0},{"not_picked":["Coolheaded","Steam","Redo"],"picked":"SKIP","floor":5},{"not_picked":["Tempest","Steam"],"picked":"Gash","floor":7},{"not_picked":["Redo","BootSequence"],"picked":"Conserve Battery","floor":11},{"not_picked":["Barrage","Beam Cell"],"picked":"Melter","floor":14},{"not_picked":["Fission","Echo Form"],"picked":"Biased Cognition","floor":16},{"not_picked":["Go for the Eyes","Redo"],"picked":"Rebound+1","floor":18},{"not_picked":["Consume","Force Field"],"picked":"Turbo+1","floor":19},{"not_picked":["Seek","Coolheaded","Steam"],"picked":"SKIP","floor":23},{"not_picked":["Redo+1","Leap","Rebound"],"picked":"SKIP","floor":25},{"not_picked":["Tempest","Conserve Battery+1","FTL"],"picked":"SKIP","floor":28},{"not_picked":["Hologram","Conserve Battery","Barrage"],"picked":"SKIP","floor":31}],"player_experience":171518,"relics_obtained":[{"floor":7,"key":"Calipers"},{"floor":9,"key":"Turnip"},{"floor":23,"key":"Incense Burner"},{"floor":26,"key":"Mercury Hourglass"}],"event_choices":[{"event_name":"The Cleric","player_choice":"Card Removal","floor":2.0,"damage_taken":0.0},{"event_name":"Living Wall","player_choice":"Grow","floor":3,"damage_taken":0},{"event_name":"Transmorgrifier","player_choice":"Transform","floor":21,"damage_taken":0},{"event_name":"Vampires","player_choice":"Ignored","floor":30,"damage_taken":0}],"boss_relics":[{"not_picked":["Coffee Dripper","Runic Dome"],"picked":"Nuclear Battery"}],"items_purged_floors":[12,20],"is_endless":false,"potions_floor_spawned":[3,14,28,31],"killed_by":"Collector","ascension_level":0}