{"gold_per_floor":[116,130,80,80,96,131,146,146,192,204,79,104,104,118,118,223,223,235,38,50,69,69],"floor_reached":22,"playtime":1081,"items_purged":["Defend_R"],"score":198,"play_id":"ec1dc51a-6b08-48d2-91c4-2c3b243e06ff","local_time":"20190205191501","is_ascension_mode":false,"campfire_choices":[{"data":"Inflame","floor":8,"key":"SMITH"},{"floor":13,"key":"REST"},{"data":"Heavy Blade","floor":15,"key":"SMITH"}],"neow_cost":"NONE","seed_source_timestamp":285491054204135,"circlet_count":0,"master_deck":["Strike_R+1","Strike_R","Strike_R","Strike_R","Strike_R","Defend_R","Defend_R","Bash+1","Inflame+1","Pommel Strike","Armaments","Rampage","Anger","Heavy Blade+1","Wild Strike","Shrug It Off","Fiend Fire","Perfected Strike","Perfected Strike","Inflame","Headbutt+1"],"relics":["Burning Blood","Whetstone","NlothsMask","Gremlin Horn","PreservedInsect","Black Star","Lantern"],"potions_floor_usage":[16,16,22,22,22],"damage_taken":[{"damage":6,"enemies":"2 Louse","floor":1,"turns":2},{"damage":5,"enemies":"Cultist","floor":2,"turns":4},{"damage":11,"enemies":"Jaw Worm","floor":5,"turns":2},{"damage":28,"enemies":"Gremlin Nob","floor":6,"turns":4},{"damage":8,"enemies":"2 Fungi Beasts","floor":7,"turns":3},{"damage":0,"enemies":"3 Louse","floor":10,"turns":2},{"damage":31,"enemies":"Lagavulin","floor":12,"turns":5},{"damage":3,"enemies":"Lots of Slimes","floor":14,"turns":3},{"damage":46,"enemies":"The Guardian","floor":16,"turns":6},{"damage":32,"enemies":"Shell Parasite","floor":18,"turns":4},{"damage":25,"enemies":"2 Thieves","floor":20,"turns":3},{"damage":30,"enemies":"Snecko","floor":21,"turns":4},{"damage":11,"enemies":"Snake Plant","floor":22,"turns":1}],"seed_played":"-8054441433738734100","potions_obtained":[{"floor":5,"key":"PowerPotion"},{"floor":7,"key":"AttackPotion"},{"floor":14,"key":"Ancient Potion"},{"floor":16,"key":"SpeedPotion"},{"floor":20,"key":"Energy Potion"}],"is_trial":false,"path_per_floor":["M","M","?","?","M","E","M","R","T","M","$","E","R","M","R","B",null,"M","$","M","M","M"],"character_chosen":"IRONCLAD","items_purchased":["Heavy Blade","Perfected Strike","Lantern"],"campfire_rested":1,"item_purchase_floors":[11,19,19],"current_hp_per_floor":[80,80,80,80,75,53,51,51,51,57,57,32,56,59,59,19,80,54,54,35,11,0],"gold":69,"neow_bonus":"RANDOM_COMMON_RELIC","is_prod":false,"is_daily":false,"chose_seed":false,"campfire_upgraded":2,"win_rate":0.0,"timestamp":1549412101,"path_taken":["M","M","?","?","M","E","?","R","T","M","$","E","R","M","R","BOSS","M","$","M","M","M"],"build_version":"2019-01-23","purchased_purges":1,"victory":false,"max_hp_per_floor":[80,80,80,80,80,80,80,80,80,80,80,80,80,80,80,80,80,80,80,80,80,80],"card_choices":[{"not_picked":["Twin Strike","Clothesline"],"picked":"Inflame","floor":1},{"not_picked":["Flex","Havoc"],"picked":"Pommel Strike","floor":2},{"not_picked":["Wild Strike","Demon Form"],"picked":"Armaments","floor":5},{"not_picked":["Immolate","Thunderclap"],"picked":"Rampage","floor":6},{"not_picked":["Infernal Blade","Dropkick","Thunderclap"],"picked":"SKIP","floor":7},{"not_picked":["Intimidate","Iron Wave"],"picked":"Anger","floor":10},{"not_picked":["Corruption","Metallicize"],"picked":"Wild Strike","floor":12},{"not_picked":["Disarm","Pummel"],"picked":"Shrug It Off","floor":14},{"not_picked":["Barricade","Reaper"],"picked":"Fiend Fire","floor":16},{"not_picked":["Blood for Blood","True Grit"],"picked":"Perfected Strike","floor":18},{"not_picked":["Clash+1","Iron Wave+1"],"picked":"Inflame","floor":20},{"not_picked":["Sword Boomerang","Clash"],"picked":"Headbutt+1","floor":21}],"player_experience":335554,"relics_obtained":[{"floor":6,"key":"Gremlin Horn"},{"floor":12,"key":"PreservedInsect"}],"event_choices":[{"cards_removed":["Defend_R"],"damage_healed":0,"gold_gain":0,"player_choice":"Card Removal","damage_taken":0,"max_hp_gain":0,"max_hp_loss":0,"event_name":"The Cleric","floor":3,"gold_loss":50},{"damage_healed":0,"gold_gain":0,"player_choice":"Trade","damage_taken":0,"relics_obtained":["NlothsMask"],"max_hp_gain":0,"max_hp_loss":0,"event_name":"FaceTrader","floor":4,"gold_loss":0}],"is_beta":false,"boss_relics":[{"not_picked":["Runic Dome","Runic Cube"],"picked":"Black Star"}],"items_purged_floors":[11],"is_endless":false,"potions_floor_spawned":[5,7,14,16,20],"killed_by":"Snake Plant","ascension_level":0}