{"gold_per_floor":[112,112,112,129,145,145,174,174,174,174,189,189,200,219,219,317,317,331,6,25,41,15,15,32,49,49,49,49],"floor_reached":28,"playtime":925,"items_purged":["Dualcast+1"],"score":222,"play_id":"92b2a5bc-fa6a-438f-bfd3-d5b52ac75284","local_time":"20190212095042","is_ascension_mode":false,"campfire_choices":[{"data":"Gash","floor":6,"key":"SMITH"},{"floor":8,"key":"REST"},{"data":"Dualcast","floor":10,"key":"SMITH"},{"floor":15,"key":"REST"},{"floor":23,"key":"REST"}],"neow_cost":"NONE","seed_source_timestamp":177246588028557,"circlet_count":0,"master_deck":["Strike_B","Strike_B","Defend_B","Defend_B","Defend_B","Defend_B","Zap+1","Gash+1","Gash+1","Seek","Conserve Battery+1","Rebound+1"],"relics":["Cracked Core","Molten Egg 2","Bottled Flame","Runic Pyramid","Pantograph","Ornamental Fan"],"potions_floor_usage":[7,16,18,28],"damage_taken":[{"damage":3,"enemies":"Jaw Worm","floor":1,"turns":5},{"damage":2,"enemies":"2 Louse","floor":4,"turns":3},{"damage":0,"enemies":"Small Slimes","floor":5,"turns":3},{"damage":24,"enemies":"3 Sentries","floor":7,"turns":8},{"damage":12,"enemies":"3 Louse","floor":11,"turns":4},{"damage":12,"enemies":"Large Slime","floor":13,"turns":5},{"damage":2,"enemies":"Blue Slaver","floor":14,"turns":3},{"damage":45,"enemies":"Hexaghost","floor":16,"turns":9},{"damage":5,"enemies":"Shell Parasite","floor":18,"turns":6},{"damage":18,"enemies":"3 Byrds","floor":20,"turns":6},{"damage":31,"enemies":"Snake Plant","floor":21,"turns":6},{"damage":17,"enemies":"Centurion and Healer","floor":24,"turns":7},{"damage":22,"enemies":"3 Cultists","floor":25,"turns":6},{"damage":9,"enemies":"Shelled Parasite and Fungi","floor":28,"turns":1}],"seed_played":"-7017192413311056264","potions_obtained":[{"floor":1,"key":"EssenceOfSteel"},{"floor":7,"key":"LiquidBronze"},{"floor":16,"key":"EssenceOfSteel"},{"floor":21,"key":"Ancient Potion"},{"floor":24,"key":"Dexterity Potion"},{"floor":25,"key":"Fire Potion"}],"is_trial":false,"path_per_floor":["M","?","?","M","M","R","E","R","T","R","M","?","M","M","R","B",null,"M","$","M","M","$","R","M","M","T","?","M"],"character_chosen":"DEFECT","items_purchased":["Pantograph","Rebound+1"],"campfire_rested":3,"item_purchase_floors":[19,22],"current_hp_per_floor":[72,72,65,63,63,63,39,61,61,61,49,49,37,35,57,12,75,70,70,52,21,21,43,26,4,4,4,0],"gold":49,"neow_bonus":"REMOVE_CARD","is_prod":false,"is_daily":false,"chose_seed":false,"campfire_upgraded":2,"win_rate":0,"timestamp":1549983042,"path_taken":["M","?","?","M","M","R","E","R","T","R","M","?","M","M","R","BOSS","M","$","M","M","$","R","M","M","T","?","M"],"build_version":"2019-01-23","purchased_purges":1,"victory":false,"max_hp_per_floor":[75,75,75,75,75,75,75,75,75,75,75,75,75,75,75,75,75,75,75,75,75,75,75,75,75,75,75,75],"card_choices":[{"not_picked":["Reinforced Body","Melter","Turbo"],"picked":"SKIP","floor":1},{"not_picked":["Steam","Turbo","Barrage"],"picked":"SKIP","floor":4},{"not_picked":["Ball Lightning","Streamline"],"picked":"Gash","floor":5},{"not_picked":["Beam Cell","Sweeping Beam"],"picked":"Gash","floor":7},{"not_picked":["Sunder+1","Heatsinks","Force Field"],"picked":"SKIP","floor":11},{"not_picked":["Turbo","Sweeping Beam+1","Double Energy"],"picked":"SKIP","floor":13},{"not_picked":["Capacitor","Thunder Strike+1","Leap"],"picked":"SKIP","floor":14},{"not_picked":["Hyperbeam+1","Fission"],"picked":"Seek","floor":16},{"not_picked":["Streamline+1","Capacitor+1"],"picked":"Conserve Battery+1","floor":18},{"not_picked":["Hologram","Conserve Battery","Stack"],"picked":"SKIP","floor":20},{"not_picked":["Go for the Eyes+1","Chill","Echo Form"],"picked":"SKIP","floor":21},{"not_picked":["Auto Shields","Compile Driver+1","Go for the Eyes+1"],"picked":"SKIP","floor":24},{"not_picked":["Melter+1","Sweeping Beam+1","Stack"],"picked":"SKIP","floor":25}],"player_experience":393968,"relics_obtained":[{"floor":7,"key":"Molten Egg 2"},{"floor":9,"key":"Bottled Flame"},{"floor":26,"key":"Ornamental Fan"}],"event_choices":[{"damage_healed":0,"gold_gain":0,"player_choice":"Grow","damage_taken":0,"max_hp_gain":0,"max_hp_loss":0,"event_name":"Living Wall","floor":2,"gold_loss":0,"cards_upgraded":["Zap"]},{"cards_removed":["Strike_B"],"damage_healed":0,"gold_gain":0,"player_choice":"Card Removal","damage_taken":7,"max_hp_gain":0,"max_hp_loss":0,"event_name":"Golden Wing","floor":3,"gold_loss":0},{"damage_healed":0,"gold_gain":0,"player_choice":"Ignored","damage_taken":0,"max_hp_gain":0,"max_hp_loss":0,"event_name":"Liars Game","floor":12,"gold_loss":0},{"damage_healed":0,"gold_gain":0,"player_choice":"Ignored","damage_taken":0,"max_hp_gain":0,"max_hp_loss":0,"event_name":"The Mausoleum","floor":27,"gold_loss":0}],"is_beta":false,"boss_relics":[{"not_picked":["Astrolabe","Ectoplasm"],"picked":"Runic Pyramid"}],"items_purged_floors":[19],"is_endless":false,"potions_floor_spawned":[1,7,16,21,24,25],"killed_by":"Shelled Parasite and Fungi","ascension_level":0}