{"gold_per_floor":[364,289,306,1,20,20,35,35,62,62,82,101,101,114,114,191,241,260,275,20,20,20,20,77,77,77,77,77,77,93,112,112,190,190,203,9,284,296,313,313,331,331,331,331],"floor_reached":44,"playtime":946,"items_purged":["Defend_R","Defend_R"],"score":760,"play_id":"1141509d-5975-4a5a-bd8d-6c32405119de","local_time":"20190315002737","is_ascension_mode":true,"campfire_choices":[{"data":"Whirlwind","floor":6,"key":"SMITH"},{"data":"Pommel Strike","floor":10,"key":"SMITH"},{"data":"Clash","floor":13,"key":"SMITH"},{"data":"Bash","floor":15,"key":"SMITH"},{"data":"Pummel","floor":23,"key":"SMITH"},{"floor":25,"key":"REST"},{"data":"Pummel","floor":27,"key":"SMITH"},{"floor":29,"key":"REST"},{"floor":32,"key":"REST"},{"floor":40,"key":"REST"},{"floor":42,"key":"REST"}],"neow_cost":"PERCENT_DAMAGE","seed_source_timestamp":220923788395125,"circlet_count":0,"master_deck":["AscendersBane","Strike_R","Strike_R","Strike_R","Strike_R","Strike_R+1","Defend_R","Defend_R","Bash+1","Whirlwind+1","Clash+1","Pommel Strike+1","Pummel+1","Battle Trance","Pummel+1","Clash+1","Fiend Fire+1","Regret","Thunderclap+1"],"relics":["Burning Blood","Brimstone","Strawberry","Tiny House","Gremlin Horn","Nilry\u0027s Codex","Tiny Chest","Molten Egg 2","Philosopher\u0027s Stone","Toy Ornithopter","Frozen Egg 2"],"potions_floor_usage":[3,11,11,16,33,38,41,41],"damage_taken":[{"damage":9,"enemies":"Jaw Worm","floor":1,"turns":8},{"damage":0,"enemies":"Cultist","floor":3,"turns":3},{"damage":7,"enemies":"2 Louse","floor":5,"turns":2},{"damage":0,"enemies":"2 Fungi Beasts","floor":7,"turns":1},{"damage":0,"enemies":"Blue Slaver","floor":11,"turns":2},{"damage":5,"enemies":"Red Slaver","floor":12,"turns":2},{"damage":0,"enemies":"3 Louse","floor":14,"turns":1},{"damage":13,"enemies":"Slime Boss","floor":16,"turns":6},{"damage":0,"enemies":"3 Byrds","floor":18,"turns":3},{"damage":29,"enemies":"Shell Parasite","floor":19,"turns":3},{"damage":32,"enemies":"Book of Stabbing","floor":24,"turns":3},{"damage":0,"enemies":"Snecko","floor":30,"turns":2},{"damage":45,"enemies":"Shelled Parasite and Fungi","floor":31,"turns":3},{"damage":31,"enemies":"Collector","floor":33,"turns":6},{"damage":22,"enemies":"3 Shapes","floor":35,"turns":2},{"damage":8,"enemies":"Orb Walker","floor":38,"turns":2},{"damage":29,"enemies":"Sphere and 2 Shapes","floor":39,"turns":2},{"damage":54,"enemies":"4 Shapes","floor":41,"turns":2},{"damage":76,"enemies":"Reptomancer","floor":44,"turns":3}],"seed_played":"2323204033588029666","potions_obtained":[{"floor":1,"key":"SkillPotion"},{"floor":7,"key":"Dexterity Potion"},{"floor":8,"key":"SkillPotion"},{"floor":8,"key":"AttackPotion"},{"floor":12,"key":"GamblersBrew"},{"floor":17,"key":"Ancient Potion"},{"floor":30,"key":"Dexterity Potion"},{"floor":33,"key":"GamblersBrew"},{"floor":38,"key":"Ancient Potion"},{"floor":39,"key":"GamblersBrew"}],"is_trial":false,"path_per_floor":["M","$","M","$","M","R","M","?","T","R","M","M","R","M","R","B",null,"M","M","$","?","?","R","E","R","T","R","$","R","M","M","R","B",null,"M","$","?","M","M","R","M","R","T","E"],"character_chosen":"IRONCLAD","items_purchased":["Brimstone","Gremlin Horn","Toy Ornithopter"],"campfire_rested":5,"item_purchase_floors":[4,20,36],"current_hp_per_floor":[47,47,53,53,52,52,58,58,65,65,71,72,72,78,78,71,84,87,64,64,81,60,60,34,60,60,60,60,86,87,48,74,49,78,62,62,62,65,42,68,30,56,56,0],"gold":331,"neow_bonus":"TWO_FIFTY_GOLD","is_prod":false,"is_daily":false,"chose_seed":false,"campfire_upgraded":6,"win_rate":0,"timestamp":1552595257,"path_taken":["M","$","M","$","M","R","M","?","T","R","M","M","R","?","R","BOSS","M","M","$","?","?","R","E","R","T","R","$","R","M","M","R","BOSS","M","$","?","M","?","R","M","R","T","E"],"build_version":"2019-01-23","purchased_purges":2,"victory":false,"max_hp_per_floor":[75,75,75,75,75,75,75,75,82,82,82,82,82,82,82,82,87,87,87,87,87,87,87,87,87,87,87,87,87,87,87,87,87,87,87,87,87,87,87,87,87,87,87,87],"card_choices":[{"not_picked":["Sever Soul","Flex"],"picked":"Whirlwind","floor":1},{"not_picked":["Combust","True Grit","Wild Strike"],"picked":"SKIP","floor":3},{"not_picked":["Metallicize","Cleave"],"picked":"Clash","floor":5},{"not_picked":["Ghostly Armor","True Grit"],"picked":"Pommel Strike","floor":7},{"not_picked":["Headbutt","Iron Wave","Flex"],"picked":"SKIP","floor":11},{"not_picked":["Flex","Carnage","Anger"],"picked":"SKIP","floor":12},{"not_picked":["Brutality","Anger","Flame Barrier"],"picked":"SKIP","floor":14},{"not_picked":["Armaments","Reckless Charge"],"picked":"Pummel","floor":18},{"not_picked":["Shockwave","Armaments"],"picked":"Battle Trance","floor":19},{"not_picked":["Cleave","Pommel Strike"],"picked":"Pummel","floor":24},{"not_picked":["Anger+1","Armaments","Body Slam+1"],"picked":"SKIP","floor":30},{"not_picked":["Cleave+1","Flame Barrier"],"picked":"Clash+1","floor":31},{"not_picked":["Bludgeon+1","Brutality"],"picked":"Fiend Fire+1","floor":33},{"not_picked":["Sever Soul+1","Clothesline+1","Entrench"],"picked":"SKIP","floor":35},{"not_picked":["Wild Strike+1","Twin Strike+1"],"picked":"Thunderclap+1","floor":38},{"not_picked":["Feel No Pain+1","Headbutt+1","Battle Trance+1"],"picked":"SKIP","floor":39},{"not_picked":["Headbutt+1","Cleave+1","Sentinel"],"picked":"SKIP","floor":41}],"player_experience":716369,"relics_obtained":[{"floor":9,"key":"Strawberry"},{"floor":22,"key":"Nilry\u0027s Codex"},{"floor":24,"key":"Tiny Chest"},{"floor":26,"key":"Molten Egg 2"},{"floor":43,"key":"Frozen Egg 2"}],"event_choices":[{"damage_healed":0,"gold_gain":0,"player_choice":"Got Potions","damage_taken":0,"max_hp_gain":0,"max_hp_loss":0,"event_name":"Lab","floor":8,"gold_loss":0},{"damage_healed":17,"gold_gain":0,"player_choice":"Heal","damage_taken":0,"max_hp_gain":0,"max_hp_loss":0,"event_name":"The Library","floor":21,"gold_loss":0},{"damage_healed":0,"gold_gain":0,"player_choice":"Obtained Book","damage_taken":21,"max_hp_gain":0,"max_hp_loss":0,"event_name":"Cursed Tome","floor":22,"gold_loss":0},{"damage_healed":0,"gold_gain":275,"player_choice":"Desecrate","damage_taken":0,"max_hp_gain":0,"max_hp_loss":0,"event_name":"Golden Shrine","floor":37,"gold_loss":0,"cards_obtained":["Regret"]}],"is_beta":false,"boss_relics":[{"not_picked":["Orrery","Black Blood"],"picked":"Tiny House"},{"not_picked":["Black Star","Fusion Hammer"],"picked":"Philosopher\u0027s Stone"}],"items_purged_floors":[2,4],"is_endless":false,"potions_floor_spawned":[1,7,12,30,33,38,39],"killed_by":"Reptomancer","ascension_level":15}