{"gold_per_floor":[114,114,135,153,169,169,169,200,226,226,239,239,254,254,254,350,350,368,368,25,25,150,150,191,207,233,245,257,269],"floor_reached":29,"playtime":1373,"items_purged":[],"score":507,"play_id":"df602aa0-9153-473f-a18f-766af97bd96d","local_time":"20190216003821","is_ascension_mode":true,"campfire_choices":[{"data":"Electrodynamics","floor":6.0,"key":"SMITH"},{"data":"Zap","floor":10.0,"key":"SMITH"},{"floor":12.0,"key":"REST"},{"data":"Dualcast","floor":15.0,"key":"SMITH"},{"data":"Seek","floor":23,"key":"SMITH"},{"floor":27,"key":"REST"}],"neow_cost":"PERCENT_DAMAGE","seed_source_timestamp":1854548132746200,"circlet_count":0,"master_deck":["AscendersBane","Defend_B","Defend_B","Defend_B","Defend_B","Zap+1","Dualcast+1","Electrodynamics+1","Leap","Auto Shields","Darkness","Go for the Eyes","Seek+1","Tempest","Steam","Seek","Capacitor","Capacitor","Ball Lightning+1","Self Repair","Hologram","Bite","Bite","Bite","Bite","Bite","Redo","Hologram+1","Consume+1","RitualDagger"],"special_seed":0,"relics":["Cracked Core","Golden Idol","Orichalcum","Potion Belt","Ancient Tea Set","Sozu","Whetstone","Peace Pipe","Symbiotic Virus","Letter Opener","MawBank"],"potions_floor_usage":[22],"damage_taken":[{"damage":0.0,"enemies":"Small Slimes","floor":1.0,"turns":2.0},{"damage":2.0,"enemies":"Jaw Worm","floor":3.0,"turns":4.0},{"damage":0.0,"enemies":"2 Louse","floor":4.0,"turns":2.0},{"damage":12.0,"enemies":"Exordium Thugs","floor":5.0,"turns":4.0},{"damage":1.0,"enemies":"3 Sentries","floor":8.0,"turns":3.0},{"damage":13.0,"enemies":"Large Slime","floor":11.0,"turns":4.0},{"damage":0.0,"enemies":"Blue Slaver","floor":13.0,"turns":2.0},{"damage":19.0,"enemies":"Hexaghost","floor":16.0,"turns":9.0},{"damage":0.0,"enemies":"3 Byrds","floor":18.0,"turns":1.0},{"damage":21,"enemies":"Colosseum Slavers","floor":22,"turns":2},{"damage":9,"enemies":"Colosseum Nobs","floor":22,"turns":3},{"damage":50,"enemies":"Gremlin Leader","floor":24,"turns":7},{"damage":17,"enemies":"Spheric Guardian","floor":25,"turns":4},{"damage":25,"enemies":"Shelled Parasite and Fungi","floor":29,"turns":1}],"seed_played":"1728457036625037100","potions_obtained":[{"floor":5.0,"key":"EntropicBrew"},{"floor":11.0,"key":"Poison Potion"},{"floor":13.0,"key":"Swift Potion"},{"floor":16.0,"key":"Regen Potion"}],"is_trial":false,"path_per_floor":["M","?","M","M","M","R","?","E","T","R","M","R","M","?","R","B",null,"M","?","$","?","?","R","E","M","T","R","?","M"],"character_chosen":"DEFECT","items_purchased":["Ball Lightning","Self Repair","Whetstone","Hologram"],"campfire_rested":2,"item_purchase_floors":[20,20,20,20],"current_hp_per_floor":[46,46,44,44,32,32,21,20,20,20,7,26,26,47,47,28,55,55,55,55,44,43,43,16,7,7,20,14,0],"gold":269,"neow_bonus":"THREE_RARE_CARDS","is_prod":false,"is_daily":false,"chose_seed":false,"campfire_upgraded":4,"win_rate":0,"timestamp":1550306301,"path_taken":["M","?","M","M","M","R","?","E","T","R","?","R","M","?","R","BOSS","M","?","?","?","?","R","E","?","T","R","?","M"],"build_version":"2019-02-06","purchased_purges":0,"victory":false,"max_hp_per_floor":[71,64,64,64,64,64,64,64,64,64,64,64,64,64,64,64,64,64,64,64,44,44,44,44,44,44,44,44,44],"card_choices":[{"not_picked":["Amplify","Core Surge"],"picked":"Electrodynamics","floor":0.0},{"not_picked":["Turbo","Coolheaded"],"picked":"Leap","floor":1.0},{"not_picked":["Leap","Genetic Algorithm"],"picked":"Auto Shields","floor":3.0},{"not_picked":["Stack","Recycle"],"picked":"Darkness","floor":4.0},{"not_picked":["Stack","Streamline"],"picked":"Go for the Eyes","floor":5.0},{"not_picked":["Reprogram","Sweeping Beam"],"picked":"Seek","floor":8.0},{"not_picked":["Gash","Coolheaded"],"picked":"Tempest","floor":11.0},{"not_picked":["Turbo","Beam Cell"],"picked":"Steam","floor":13.0},{"not_picked":["Creative AI","Hyperbeam"],"picked":"Seek","floor":16.0},{"not_picked":["Recycle","FTL"],"picked":"Capacitor","floor":18.0},{"not_picked":["Genetic Algorithm","Rip and Tear"],"picked":"Redo","floor":22},{"not_picked":["Compile Driver","Rip and Tear+1"],"picked":"Hologram+1","floor":24},{"not_picked":["Sweeping Beam","Go for the Eyes"],"picked":"Consume+1","floor":25}],"player_experience":3268256,"relics_obtained":[{"floor":8.0,"key":"Potion Belt"},{"floor":9.0,"key":"Ancient Tea Set"},{"floor":22,"key":"Peace Pipe"},{"floor":22,"key":"Symbiotic Virus"},{"floor":24,"key":"Letter Opener"},{"floor":26,"key":"MawBank"}],"event_choices":[{"damage_healed":0.0,"max_hp_gain":0.0,"max_hp_loss":7.0,"gold_gain":0.0,"event_name":"Golden Idol","player_choice":"Lose Max HP","floor":2.0,"gold_loss":0.0,"damage_taken":0.0,"relics_obtained":["Golden Idol"]},{"damage_healed":0.0,"max_hp_gain":0.0,"max_hp_loss":0.0,"gold_gain":0.0,"event_name":"Scrap Ooze","player_choice":"Success","floor":7.0,"gold_loss":0.0,"damage_taken":11.0,"relics_obtained":["Orichalcum"]},{"damage_healed":21.0,"max_hp_gain":0.0,"max_hp_loss":0.0,"gold_gain":0.0,"event_name":"Big Fish","player_choice":"Banana","floor":14.0,"gold_loss":0.0,"damage_taken":0.0},{"damage_healed":0.0,"max_hp_gain":0.0,"max_hp_loss":0.0,"gold_gain":0.0,"cards_transformed":["Strike_B"],"event_name":"Transmorgrifier","player_choice":"Transformed","floor":19.0,"gold_loss":0.0,"damage_taken":0.0,"cards_obtained":["Capacitor"]},{"damage_healed":0,"gold_gain":0,"player_choice":"Became a vampire","damage_taken":0,"max_hp_gain":0,"max_hp_loss":20,"event_name":"Vampires","floor":21,"gold_loss":0,"cards_obtained":["Bite","Bite","Bite","Bite","Bite"]},{"damage_healed":0,"gold_gain":0,"player_choice":"Fight","damage_taken":0,"max_hp_gain":0,"max_hp_loss":0,"event_name":"Colosseum","floor":22,"gold_loss":0},{"damage_healed":0,"gold_gain":0,"player_choice":"Fought Nobs","damage_taken":0,"max_hp_gain":0,"max_hp_loss":0,"event_name":"Colosseum","floor":22,"gold_loss":0},{"damage_healed":0,"gold_gain":0,"player_choice":"Joined the Cult","damage_taken":6,"max_hp_gain":0,"max_hp_loss":0,"event_name":"Nest","floor":28,"gold_loss":0,"cards_obtained":["RitualDagger"]}],"is_beta":true,"boss_relics":[{"not_picked":["Empty Cage","Calling Bell"],"picked":"Sozu"}],"items_purged_floors":[],"is_endless":false,"potions_floor_spawned":[5,11,13,16,18,22],"killed_by":"Shelled Parasite and Fungi","ascension_level":20}