{"gold_per_floor":[114,114,128,128,128,154,173,187,266,277,307,321,321,332,332,437,437,437,452,201,212,212],"floor_reached":22,"playtime":829,"items_purged":["Normality"],"score":215,"play_id":"48bd98b9-8fa0-4cb8-9cb6-14e4536b6e8b","local_time":"20180626103439","is_ascension_mode":false,"campfire_choices":[{"floor":13,"key":"REST"},{"data":"Tempest","floor":15,"key":"SMITH"}],"neow_cost":"NONE","seed_source_timestamp":357020104558098,"circlet_count":0,"master_deck":["Strike_B","Strike_B","Strike_B","Strike_B","Defend_B+1","Defend_B","Defend_B","Zap+1","Sweeping Beam","Gash","Steam Power","Tempest+1","Electrodynamics","Recycle","Machine Learning","Injury","Parasite","Leap","Conserve Battery+1","Gash"],"special_seed":17708,"relics":["Cracked Core","NeowsBlessing","Ice Cream","Centennial Puzzle","Bag of Preparation","Calling Bell","Pen Nib","Frozen Egg 2","Mango","War Paint"],"potions_floor_usage":[16,18],"damage_taken":[{"damage":0,"enemies":"Cultist","floor":1,"turns":1},{"damage":0,"enemies":"Small Slimes","floor":3,"turns":1},{"damage":0,"enemies":"Lagavulin","floor":6,"turns":1},{"damage":6,"enemies":"2 Louse","floor":7,"turns":3},{"damage":5,"enemies":"Looter","floor":8,"turns":2},{"damage":12,"enemies":"2 Fungi Beasts","floor":10,"turns":2},{"damage":2,"enemies":"3 Louse","floor":12,"turns":2},{"damage":8,"enemies":"Red Slaver","floor":14,"turns":2},{"damage":11,"enemies":"Slime Boss","floor":16,"turns":6},{"damage":0,"enemies":"2 Thieves","floor":18,"turns":1},{"damage":47,"enemies":"Chosen","floor":19,"turns":5},{"damage":27,"enemies":"Snecko","floor":21,"turns":5},{"damage":16,"enemies":"Snake Plant","floor":22,"turns":1}],"seed_played":"3045385273020283322","potions_obtained":[{"floor":7,"key":"SmokeBomb"},{"floor":10,"key":"FearPotion"},{"floor":12,"key":"FearPotion"},{"floor":16,"key":"SkillPotion"},{"floor":21,"key":"SmokeBomb"}],"is_trial":false,"path_per_floor":["M","?","M","?","?","E","M","M","T","M","?","M","R","M","R","B",null,"M","M","$","M"],"character_chosen":"DEFECT","items_purchased":["Conserve Battery","War Paint"],"campfire_rested":1,"item_purchase_floors":[20,20],"current_hp_per_floor":[75,75,75,60,60,60,54,49,49,37,37,35,57,49,49,38,89,89,42,42,15,0],"gold":212,"neow_bonus":"THREE_ENEMY_KILL","is_prod":false,"is_daily":false,"chose_seed":false,"campfire_upgraded":1,"win_rate":0.0,"timestamp":1530023679,"path_taken":["M","?","?","?","?","E","?","M","T","M","?","M","R","M","R","BOSS","M","M","$","M","M"],"build_version":"2018-06-21v2","purchased_purges":1,"victory":false,"max_hp_per_floor":[75,75,75,75,75,75,75,75,75,75,75,75,75,75,75,75,89,89,89,89,89,89],"card_choices":[{"not_picked":["Compile Driver","Barrage"],"picked":"Sweeping Beam","floor":1},{"not_picked":["Blizzard","Reprogram"],"picked":"Gash","floor":3},{"not_picked":["Sunder","Genetic Algorithm"],"picked":"Tempest","floor":6},{"not_picked":["Leap","Melter"],"picked":"Electrodynamics","floor":7},{"not_picked":["Undo","Stack"],"picked":"Recycle","floor":8},{"not_picked":["Compile Driver","Redo","Barrage"],"picked":"SKIP","floor":10},{"not_picked":["Skim","Loop","Darkness"],"picked":"SKIP","floor":12},{"not_picked":["Rip and Tear","Sunder","Doom and Gloom"],"picked":"SKIP","floor":14},{"not_picked":["Echo Form","Biased Cognition"],"picked":"Machine Learning","floor":16},{"not_picked":["Beam Cell","Compile Driver"],"picked":"Leap","floor":19},{"not_picked":["Hologram+1","Compile Driver"],"picked":"Gash","floor":21}],"player_experience":178911,"relics_obtained":[{"floor":6,"key":"Ice Cream"},{"floor":9,"key":"Centennial Puzzle"},{"floor":17,"key":"Pen Nib"},{"floor":17,"key":"Frozen Egg 2"},{"floor":17,"key":"Mango"}],"event_choices":[{"event_name":"Living Wall","player_choice":"Forget","floor":2,"damage_taken":0},{"event_name":"Shining Light","player_choice":"Entered Light","floor":4,"damage_taken":0},{"event_name":"Transmorgrifier","player_choice":"Transform","floor":5,"damage_taken":0},{"event_name":"Dead Adventurer","player_choice":"Searched \u00272\u0027 times","floor":11,"damage_taken":0}],"boss_relics":[{"not_picked":["Sozu","Empty Cage"],"picked":"Calling Bell"}],"items_purged_floors":[20],"is_endless":false,"potions_floor_spawned":[7,10,12,16,21],"killed_by":"Snake Plant","ascension_level":0}