{"gold_per_floor":[116,41,53,66,66,66,91,91,143,170,109,109,259,12,12,83,83,99,299,61,11,31,31,31,61,85,99,99,118,118,145,145,222,222,232,282,293,308,319,319,349,359,359,80,80,92,112,122,122,122],"floor_reached":50,"playtime":3402,"items_purged":["Doubt","Strike_R"],"score":1090,"play_id":"fa51e863-a38f-4536-89e2-664dd84bb35b","local_time":"20190225044506","is_ascension_mode":true,"campfire_choices":[{"data":"Carnage","floor":6.0,"key":"SMITH"},{"data":"True Grit","floor":8.0,"key":"SMITH"},{"data":"Uppercut","floor":12.0,"key":"SMITH"},{"data":"Whirlwind","floor":15.0,"key":"SMITH"},{"data":"Heavy Blade","floor":23.0,"key":"SMITH"},{"data":"Demon Form","floor":28.0,"key":"SMITH"},{"data":"Feed","floor":30.0,"key":"SMITH"},{"data":"Bash","floor":32.0,"key":"SMITH"},{"data":"Juggernaut","floor":40.0,"key":"SMITH"},{"data":"Sentinel","floor":45.0,"key":"SMITH"},{"floor":49,"key":"REST"}],"neow_cost":"NONE","seed_source_timestamp":745406633403900,"circlet_count":0,"master_deck":["AscendersBane","Strike_R","Strike_R+1","Strike_R+1","Defend_R","Defend_R","Defend_R","Defend_R+1","Bash+1","True Grit+1","Carnage+1","Warcry+1","Uppercut+1","Feed+1","Whirlwind+1","Demon Form+1","Heavy Blade+1","Battle Trance","Offering","Barricade","True Grit","Sentinel+1","Juggernaut+1","Corruption","Sentinel","Rage+1"],"special_seed":0,"relics":["Burning Blood","Whetstone","Pen Nib","Du-Vu Doll","Blood Vial","Vajra","Oddly Smooth Stone","Snecko Eye","Orichalcum","Calipers","War Paint","Smiling Mask","Velvet Choker","PreservedInsect","HandDrill"],"potions_floor_usage":[],"damage_taken":[{"damage":1.0,"enemies":"Small Slimes","floor":1.0,"turns":4.0},{"damage":3.0,"enemies":"2 Louse","floor":3.0,"turns":3.0},{"damage":6.0,"enemies":"Cultist","floor":4.0,"turns":3.0},{"damage":8.0,"enemies":"3 Sentries","floor":7.0,"turns":9.0},{"damage":26.0,"enemies":"Gremlin Nob","floor":10.0,"turns":4.0},{"damage":29.0,"enemies":"Hexaghost","floor":16.0,"turns":9.0},{"damage":0.0,"enemies":"2 Thieves","floor":18.0,"turns":1.0},{"damage":0.0,"enemies":"Chosen","floor":22.0,"turns":2.0},{"damage":8.0,"enemies":"Gremlin Leader","floor":25.0,"turns":4.0},{"damage":10.0,"enemies":"Sentry and Sphere","floor":27.0,"turns":4.0},{"damage":12.0,"enemies":"Chosen and Byrds","floor":29.0,"turns":4.0},{"damage":12.0,"enemies":"Book of Stabbing","floor":31.0,"turns":3.0},{"damage":13.0,"enemies":"Collector","floor":33.0,"turns":4.0},{"damage":0.0,"enemies":"3 Darklings","floor":35.0,"turns":2.0},{"damage":0.0,"enemies":"Orb Walker","floor":37.0,"turns":2.0},{"damage":37.0,"enemies":"Writhing Mass","floor":38.0,"turns":4.0},{"damage":9.0,"enemies":"Spire Growth","floor":39.0,"turns":3.0},{"damage":25.0,"enemies":"Reptomancer","floor":41.0,"turns":4.0},{"damage":11.0,"enemies":"Sphere and 2 Shapes","floor":42.0,"turns":5.0},{"damage":38.0,"enemies":"Jaw Worm Horde","floor":46.0,"turns":3.0},{"damage":6.0,"enemies":"Transient","floor":47.0,"turns":6.0},{"damage":0,"enemies":"4 Shapes","floor":48,"turns":6},{"damage":53,"enemies":"Time Eater","floor":50,"turns":4}],"seed_played":"9177934183167495806","potions_obtained":[{"floor":3.0,"key":"Block Potion"},{"floor":10.0,"key":"Fire Potion"},{"floor":16.0,"key":"Dexterity Potion"},{"floor":22.0,"key":"Swift Potion"},{"floor":25.0,"key":"Weak Potion"},{"floor":31.0,"key":"FearPotion"},{"floor":35.0,"key":"SteroidPotion"},{"floor":37.0,"key":"Swift Potion"},{"floor":39.0,"key":"PowerPotion"}],"is_trial":false,"path_per_floor":["M","?","M","M","?","R","E","R","T","E","?","R","?","$","R","B",null,"M","?","$","?","M","R","$","E","T","M","R","M","R","E","R","B",null,"M","?","M","M","M","R","E","M","T","$","R","M","M","M","R","B"],"character_chosen":"IRONCLAD","items_purchased":["Whirlwind","Oddly Smooth Stone","Orichalcum","HandDrill"],"campfire_rested":1,"item_purchase_floors":[14,14,20,44],"current_hp_per_floor":[73,73,75,75,49,49,47,47,47,29,29,29,29,29,29,8,58,66,66,66,66,74,74,74,73,73,74,74,70,70,66,66,65,78,86,86,86,59,58,58,41,42,42,42,42,12,14,22,50,0],"gold":122,"neow_bonus":"RANDOM_COMMON_RELIC","is_prod":false,"is_daily":false,"chose_seed":false,"campfire_upgraded":10,"win_rate":0,"timestamp":1551098706,"path_taken":["M","?","M","M","?","R","E","R","T","E","?","R","?","$","R","BOSS","M","?","?","?","M","R","$","E","T","M","R","M","R","E","R","BOSS","M","?","M","M","M","R","E","?","T","$","R","M","?","M","R","BOSS"],"build_version":"2019-02-06","purchased_purges":2,"victory":false,"max_hp_per_floor":[75,75,75,75,75,75,75,75,75,75,75,75,75,75,75,75,75,75,75,75,75,75,75,75,75,75,78,78,78,78,78,78,82,82,86,86,86,90,90,90,90,94,94,94,94,94,94,94,94,94],"card_choices":[{"not_picked":["Seeing Red","Wild Strike"],"picked":"True Grit","floor":1.0},{"not_picked":["Warcry","Thunderclap"],"picked":"Carnage","floor":3.0},{"not_picked":["Reckless Charge","Sword Boomerang"],"picked":"Warcry","floor":4.0},{"not_picked":["Sever Soul","Heavy Blade"],"picked":"Uppercut","floor":7.0},{"not_picked":["Dual Wield","Pommel Strike"],"picked":"Feed","floor":10.0},{"not_picked":["Offering","Exhume"],"picked":"Demon Form","floor":16.0},{"not_picked":["Flex","Spot Weakness","Anger"],"picked":"SKIP","floor":18.0},{"not_picked":["Carnage","Clothesline"],"picked":"Heavy Blade","floor":22.0},{"not_picked":["True Grit","Twin Strike","Pummel"],"picked":"SKIP","floor":25.0},{"not_picked":["Headbutt+1","Flex"],"picked":"Battle Trance","floor":27.0},{"not_picked":["Wild Strike","Combust"],"picked":"Offering","floor":29.0},{"not_picked":["Infernal Blade","Thunderclap","Feel No Pain+1"],"picked":"SKIP","floor":31.0},{"not_picked":["Feed","Brutality"],"picked":"Barricade","floor":33.0},{"not_picked":["Searing Blow","Pommel Strike","Combust"],"picked":"SKIP","floor":35.0},{"not_picked":["True Grit","Battle Trance","Armaments"],"picked":"SKIP","floor":37.0},{"not_picked":["True Grit","Battle Trance","Armaments"],"picked":"SKIP","floor":37.0},{"not_picked":["Battle Trance","Armaments"],"picked":"True Grit","floor":37.0},{"not_picked":["Armaments","Headbutt"],"picked":"Sentinel","floor":38.0},{"not_picked":["Reckless Charge","Havoc"],"picked":"Juggernaut","floor":39.0},{"not_picked":["Iron Wave","Whirlwind"],"picked":"Corruption","floor":41.0},{"not_picked":["Iron Wave","Reckless Charge"],"picked":"Sentinel","floor":42.0},{"not_picked":["Reckless Charge","Anger","Iron Wave"],"picked":"SKIP","floor":46.0},{"not_picked":["Hemokinesis","Fire Breathing"],"picked":"Rage+1","floor":47.0},{"not_picked":["Iron Wave","Armaments","Perfected Strike"],"picked":"SKIP","floor":48}],"player_experience":3313093,"relics_obtained":[{"floor":7.0,"key":"Du-Vu Doll"},{"floor":9.0,"key":"Blood Vial"},{"floor":10.0,"key":"Vajra"},{"floor":25.0,"key":"Calipers"},{"floor":26.0,"key":"War Paint"},{"floor":31.0,"key":"Smiling Mask"},{"floor":41.0,"key":"PreservedInsect"}],"event_choices":[{"cards_removed":["Strike_R"],"damage_healed":0.0,"max_hp_gain":0.0,"max_hp_loss":0.0,"gold_gain":0.0,"event_name":"The Cleric","player_choice":"Card Removal","floor":2.0,"gold_loss":75.0,"damage_taken":0.0},{"damage_healed":0.0,"max_hp_gain":0.0,"max_hp_loss":0.0,"gold_gain":0.0,"event_name":"Scrap Ooze","player_choice":"Success","floor":5.0,"gold_loss":0.0,"damage_taken":26.0,"relics_obtained":["Pen Nib"]},{"damage_healed":0.0,"max_hp_gain":0.0,"max_hp_loss":0.0,"gold_gain":0.0,"event_name":"World of Goop","player_choice":"Left Gold","floor":11.0,"gold_loss":61.0,"damage_taken":0.0},{"damage_healed":0.0,"max_hp_gain":0.0,"max_hp_loss":0.0,"gold_gain":150.0,"event_name":"Liars Game","player_choice":"AGREE","floor":13.0,"gold_loss":0.0,"damage_taken":0.0,"cards_obtained":["Doubt"]},{"damage_healed":0.0,"max_hp_gain":0.0,"max_hp_loss":0.0,"gold_gain":200.0,"event_name":"Wheel of Change","player_choice":"Gold","floor":19.0,"gold_loss":0.0,"damage_taken":0.0},{"damage_healed":0.0,"max_hp_gain":0.0,"max_hp_loss":0.0,"gold_gain":0.0,"event_name":"The Joust","player_choice":"Bet on Murderer","floor":21.0,"gold_loss":50.0,"damage_taken":0.0},{"damage_healed":0.0,"max_hp_gain":0.0,"max_hp_loss":0.0,"gold_gain":50.0,"event_name":"Golden Shrine","player_choice":"Pray","floor":36.0,"gold_loss":0.0,"damage_taken":0.0}],"is_beta":true,"boss_relics":[{"not_picked":["Pandora\u0027s Box","Astrolabe"],"picked":"Snecko Eye"},{"not_picked":["Coffee Dripper","Runic Cube"],"picked":"Velvet Choker"}],"items_purged_floors":[20,44],"is_endless":false,"potions_floor_spawned":[3,10,16,18,22,25,31,35,37,38,39],"killed_by":"Time Eater","ascension_level":20}