{"gold_per_floor":[116,64,214,234,234,267,267,324,350,350,350,350,362,382,382,454,454,464,158,177,187,197,197],"floor_reached":23,"playtime":520,"items_purged":[],"score":432,"play_id":"3754bb87-ba7e-413d-b642-011b59bd65da","local_time":"20190316221253","is_ascension_mode":true,"campfire_choices":[{"data":"Uppercut","floor":7,"key":"SMITH"},{"data":"Perfected Strike","floor":12,"key":"SMITH"},{"data":"Whirlwind","floor":15,"key":"SMITH"}],"neow_cost":"NONE","seed_source_timestamp":86559684132873,"circlet_count":0,"master_deck":["AscendersBane","Strike_R+1","Strike_R+1","Strike_R","Strike_R","Strike_R","Defend_R","Defend_R","Defend_R","Defend_R","Bash","Uppercut+1","Pommel Strike","True Grit","Cleave","Perfected Strike+1","Whirlwind+1","Shrug It Off","Limit Break","Pommel Strike","Shockwave","Twin Strike","Dropkick","Twin Strike"],"relics":["Burning Blood","NeowsBlessing","Art of War","Whetstone","Bronze Scales","Happy Flower","PreservedInsect","Black Star","Lantern"],"potions_floor_usage":[8,8,13,23,23],"damage_taken":[{"damage":0,"enemies":"2 Louse","floor":1,"turns":1},{"damage":0,"enemies":"Jaw Worm","floor":4,"turns":1},{"damage":0,"enemies":"Gremlin Nob","floor":6,"turns":1},{"damage":23,"enemies":"3 Sentries","floor":8,"turns":6},{"damage":2,"enemies":"Small Slimes","floor":13,"turns":3},{"damage":10,"enemies":"Looter","floor":14,"turns":3},{"damage":44,"enemies":"Hexaghost","floor":16,"turns":9},{"damage":16,"enemies":"Spheric Guardian","floor":18,"turns":4},{"damage":0,"enemies":"Chosen","floor":20,"turns":3},{"damage":31,"enemies":"Centurion and Healer","floor":21,"turns":7},{"damage":18,"enemies":"Snecko","floor":22,"turns":5},{"damage":18,"enemies":"Book of Stabbing","floor":23,"turns":4}],"seed_played":"7026052164578199086","potions_obtained":[{"floor":1,"key":"FearPotion"},{"floor":4,"key":"Explosive Potion"},{"floor":8,"key":"Regen Potion"},{"floor":16,"key":"Dexterity Potion"},{"floor":22,"key":"GamblersBrew"}],"is_trial":false,"path_per_floor":["M","$","?","M","T","E","R","?","T","?","?","R","M","M","R","B",null,"M","$","M","M","M","E"],"character_chosen":"IRONCLAD","items_purchased":["Pommel Strike","Lantern","Shockwave","Twin Strike"],"campfire_rested":0,"item_purchase_floors":[2,19,19,19],"current_hp_per_floor":[74,74,74,75,75,75,75,58,58,40,40,40,53,49,49,11,59,49,49,55,30,18,0],"gold":197,"neow_bonus":"THREE_ENEMY_KILL","is_prod":false,"is_daily":false,"chose_seed":false,"campfire_upgraded":3,"win_rate":0,"timestamp":1552759973,"path_taken":["M","$","?","M","?","E","R","?","T","?","?","R","M","M","R","BOSS","M","$","M","M","M","E"],"build_version":"2019-01-23","purchased_purges":0,"victory":false,"max_hp_per_floor":[75,75,75,75,75,75,75,75,75,75,75,75,75,75,75,75,75,75,75,75,75,75,75],"card_choices":[{"not_picked":["Hemokinesis","Havoc"],"picked":"Uppercut","floor":1},{"not_picked":["Flame Barrier","Wild Strike"],"picked":"True Grit","floor":4},{"not_picked":["True Grit","Heavy Blade"],"picked":"Cleave","floor":6},{"not_picked":["Iron Wave","Fire Breathing"],"picked":"Perfected Strike","floor":8},{"not_picked":["Shrug It Off","Clash"],"picked":"Whirlwind","floor":13},{"not_picked":["Heavy Blade","Iron Wave"],"picked":"Shrug It Off","floor":14},{"not_picked":["Double Tap","Impervious"],"picked":"Limit Break","floor":16},{"not_picked":["Bloodletting","Wild Strike+1"],"picked":"Pommel Strike","floor":18},{"not_picked":["Intimidate","Body Slam"],"picked":"Dropkick","floor":20},{"not_picked":["True Grit","Bloodletting+1"],"picked":"Twin Strike","floor":21},{"not_picked":["Seeing Red","Shockwave","Fire Breathing"],"picked":"SKIP","floor":22}],"player_experience":750742,"relics_obtained":[{"floor":5,"key":"Art of War"},{"floor":6,"key":"Whetstone"},{"floor":8,"key":"Bronze Scales"},{"floor":9,"key":"Happy Flower"}],"event_choices":[{"damage_healed":0,"gold_gain":150,"player_choice":"AGREE","damage_taken":0,"max_hp_gain":0,"max_hp_loss":0,"event_name":"Liars Game","floor":3,"gold_loss":0,"cards_obtained":["Doubt"]},{"damage_healed":0,"gold_gain":30,"player_choice":"Searched \u00272\u0027 times","damage_taken":0,"max_hp_gain":0,"max_hp_loss":0,"event_name":"Dead Adventurer","floor":8,"gold_loss":0},{"damage_healed":0,"gold_gain":0,"player_choice":"Success","damage_taken":18,"relics_obtained":["PreservedInsect"],"max_hp_gain":0,"max_hp_loss":0,"event_name":"Scrap Ooze","floor":10,"gold_loss":0},{"cards_removed":["Doubt"],"damage_healed":0,"gold_gain":0,"player_choice":"Forget","damage_taken":0,"max_hp_gain":0,"max_hp_loss":0,"event_name":"Living Wall","floor":11,"gold_loss":0}],"is_beta":false,"boss_relics":[{"not_picked":["Calling Bell","Lizard Tail"],"picked":"Black Star"}],"items_purged_floors":[],"is_endless":false,"potions_floor_spawned":[1,4,8,16,22],"killed_by":"Book of Stabbing","ascension_level":20}