{"gold_per_floor":[119,137,137,62,62,93,111,136,136,76],"floor_reached":10,"playtime":578,"items_purged":["Regret"],"score":202,"play_id":"40a6dc2d-54c7-4615-842f-65d5d85afefd","local_time":"20190107004431","is_ascension_mode":true,"campfire_choices":[],"neow_cost":"NONE","seed_source_timestamp":6045249061754100,"circlet_count":0,"master_deck":["AscendersBane","Defend_G","Defend_G","Defend_G","Defend_G","Defend_G","Strike_G","Strike_G","Strike_G","Strike_G","Strike_G","Survivor","Neutralize","Flying Knee","Flying Knee","Phantasmal Killer","Neutralize","Prepared","Crippling Poison","Quick Slash","Caltrops","Backflip"],"special_seed":0,"relics":["Ring of the Snake","NeowsBlessing","Letter Opener","Nunchaku","Snake Skull","Bird Faced Urn"],"potions_floor_usage":[8],"damage_taken":[{"damage":0.0,"enemies":"Cultist","floor":1.0,"turns":1.0},{"damage":0.0,"enemies":"Jaw Worm","floor":2.0,"turns":1.0},{"damage":0.0,"enemies":"Lagavulin","floor":6.0,"turns":1.0},{"damage":13.0,"enemies":"Small Slimes","floor":7.0,"turns":3.0},{"damage":25,"enemies":"3 Sentries","floor":8,"turns":7},{"damage":23,"enemies":"Exordium Thugs","floor":10,"turns":3}],"seed_played":"-8523473159168460589","potions_obtained":[{"floor":6.0,"key":"PowerPotion"},{"floor":8,"key":"SpeedPotion"}],"is_trial":false,"path_per_floor":["M","M","?","$","?","E","M","E","T","M"],"character_chosen":"THE_SILENT","items_purchased":[],"campfire_rested":0,"item_purchase_floors":[],"current_hp_per_floor":[59,59,59,59,59,59,46,21,21,0],"gold":76,"neow_bonus":"THREE_ENEMY_KILL","is_prod":false,"is_daily":false,"chose_seed":false,"campfire_upgraded":0,"win_rate":0,"timestamp":1546850671,"path_taken":["M","?","?","$","?","E","M","E","T","M"],"build_version":"2019-01-03v4","purchased_purges":1,"victory":false,"max_hp_per_floor":[66,66,66,66,66,66,66,66,66,66],"card_choices":[{"not_picked":["Blade Dance","Slice"],"picked":"Flying Knee","floor":1.0},{"not_picked":["Tactician","PiercingWail"],"picked":"Flying Knee","floor":2.0},{"not_picked":["Phantasmal Killer","Endless Agony"],"picked":"Quick Slash","floor":6.0},{"not_picked":["Acrobatics","Deflect"],"picked":"Caltrops","floor":7.0},{"not_picked":["Flechettes","Distraction"],"picked":"Backflip","floor":8}],"player_experience":3193759,"relics_obtained":[{"floor":6.0,"key":"Nunchaku"},{"floor":8,"key":"Snake Skull"},{"floor":9,"key":"Bird Faced Urn"}],"event_choices":[{"damage_healed":0.0,"max_hp_gain":0.0,"max_hp_loss":0.0,"gold_gain":0.0,"event_name":"Big Fish","player_choice":"Box","floor":3.0,"gold_loss":0.0,"damage_taken":0.0,"relics_obtained":["Letter Opener"],"cards_obtained":["Regret"]},{"damage_healed":0.0,"max_hp_gain":0.0,"max_hp_loss":0.0,"gold_gain":0.0,"event_name":"Match and Keep!","player_choice":"4 cards matched","floor":5.0,"gold_loss":0.0,"damage_taken":0.0,"cards_obtained":["Phantasmal Killer","Neutralize","Prepared","Crippling Poison"]}],"is_beta":true,"boss_relics":[],"items_purged_floors":[4],"is_endless":false,"potions_floor_spawned":[6,8],"killed_by":"Exordium Thugs","ascension_level":20}