{"gold_per_floor":[115,115,133,146,19,52,52,52,98,111,111,128,128],"floor_reached":13,"playtime":485,"items_purged":[],"score":94,"play_id":"12a7abb0-ab79-4b2c-aeeb-59b316115a94","local_time":"20190331130708","is_ascension_mode":true,"campfire_choices":[{"floor":7,"key":"REST"},{"data":"Machine Learning","floor":11,"key":"SMITH"}],"neow_cost":"NONE","seed_source_timestamp":488247313384260,"circlet_count":0,"master_deck":["Strike_B+1","Strike_B","Strike_B+1","Defend_B","Defend_B","Defend_B","Defend_B","Zap","Dualcast","Machine Learning+1","Redo","Conserve Battery","Chaos","Capacitor","Conserve Battery","Static Discharge","Conserve Battery","Biased Cognition"],"relics":["Cracked Core","Potion Belt","Whetstone"],"potions_floor_usage":[13],"damage_taken":[{"damage":8,"enemies":"2 Louse","floor":1,"turns":3},{"damage":1,"enemies":"Cultist","floor":3,"turns":4},{"damage":2,"enemies":"Small Slimes","floor":4,"turns":3},{"damage":28,"enemies":"3 Sentries","floor":6,"turns":7},{"damage":7,"enemies":"Red Slaver","floor":10,"turns":5},{"damage":37,"enemies":"Lots of Slimes","floor":12,"turns":4},{"damage":29,"enemies":"Gremlin Nob","floor":13,"turns":3}],"seed_played":"-256948156501893634","potions_obtained":[{"floor":6,"key":"Fire Potion"},{"floor":10,"key":"Ancient Potion"}],"is_trial":false,"path_per_floor":["M","?","M","M","$","E","R","?","T","M","R","M","E"],"character_chosen":"DEFECT","items_purchased":["Capacitor","Conserve Battery"],"campfire_rested":1,"item_purchase_floors":[5,5],"current_hp_per_floor":[67,75,74,72,72,44,66,66,66,59,59,22,0],"gold":128,"neow_bonus":"ONE_RANDOM_RARE_CARD","is_prod":false,"is_daily":false,"chose_seed":false,"campfire_upgraded":1,"win_rate":0,"timestamp":1554052028,"path_taken":["M","?","M","?","$","E","R","?","T","M","R","?","E"],"build_version":"2019-01-23","purchased_purges":0,"victory":false,"max_hp_per_floor":[75,75,75,75,75,75,75,75,75,75,75,75,75],"card_choices":[{"not_picked":["Barrage","Stack"],"picked":"Redo","floor":1},{"not_picked":["Auto Shields","Steam"],"picked":"Conserve Battery","floor":3},{"not_picked":["Cold Snap","Barrage"],"picked":"Chaos","floor":4},{"not_picked":["Stack","Darkness"],"picked":"Static Discharge","floor":6},{"not_picked":["Skim","Barrage"],"picked":"Conserve Battery","floor":10},{"not_picked":["FTL","Reinforced Body"],"picked":"Biased Cognition","floor":12}],"player_experience":185686,"relics_obtained":[{"floor":6,"key":"Potion Belt"},{"floor":9,"key":"Whetstone"}],"event_choices":[{"damage_healed":8,"gold_gain":0,"player_choice":"Full Heal","damage_taken":0,"max_hp_gain":0,"max_hp_loss":0,"event_name":"Wheel of Change","floor":2,"gold_loss":0},{"cards_removed":["Strike_B"],"damage_healed":0,"gold_gain":0,"player_choice":"Purged","damage_taken":0,"max_hp_gain":0,"max_hp_loss":0,"event_name":"Purifier","floor":8,"gold_loss":0}],"is_beta":false,"boss_relics":[],"items_purged_floors":[],"is_endless":false,"potions_floor_spawned":[6,10],"killed_by":"Gremlin Nob","ascension_level":2}