{"gold_per_floor":[114,114,114,128,53,53,53,73,96,111,11,11,11,24,24,24],"floor_reached":16,"playtime":427,"items_purged":["Strike_R","Decay"],"score":90,"play_id":"6e8be7c8-9729-44c3-9576-5d266b4fc7c1","local_time":"20190408124343","is_ascension_mode":false,"campfire_choices":[{"data":"True Grit","floor":7.0,"key":"SMITH"},{"data":"Rampage","floor":13.0,"key":"SMITH"},{"data":"Bash","floor":15.0,"key":"SMITH"}],"neow_cost":"NONE","seed_source_timestamp":5787466746336,"circlet_count":0,"master_deck":["Strike_R","Strike_R","Strike_R","Defend_R","Defend_R","Defend_R","Bash+1","True Grit+1","Rampage+1","Rage","Infernal Blade","Shrug It Off"],"special_seed":0,"relics":["Burning Blood","Boot","Blood Vial","Prayer Wheel"],"potions_floor_usage":[],"damage_taken":[{"damage":2.0,"enemies":"2 Louse","floor":1.0,"turns":3.0},{"damage":0.0,"enemies":"Small Slimes","floor":4.0,"turns":4.0},{"damage":0.0,"enemies":"Cultist","floor":8.0,"turns":3.0},{"damage":18.0,"enemies":"Exordium Thugs","floor":10.0,"turns":6.0},{"damage":10.0,"enemies":"Exordium Wildlife","floor":14.0,"turns":4.0},{"damage":77,"enemies":"Slime Boss","floor":16,"turns":14}],"seed_played":"5744259000488082658","potions_obtained":[{"floor":4.0,"key":"Swift Potion"},{"floor":14.0,"key":"Strength Potion"}],"is_trial":false,"path_per_floor":["M","?","?","M","$","?","R","M","T","M","$","?","R","M","R","B"],"character_chosen":"IRONCLAD","items_purchased":[],"campfire_rested":0,"item_purchase_floors":[],"current_hp_per_floor":[80,73,73,79,79,79,79,80,80,68,68,68,68,66,66,0],"gold":24,"neow_bonus":"RANDOM_COMMON_RELIC","is_prod":false,"is_daily":false,"chose_seed":false,"campfire_upgraded":3,"win_rate":0,"timestamp":1554749023,"path_taken":["M","?","?","?","?","?","R","?","T","M","$","?","R","?","R","BOSS"],"build_version":"2019-01-23","purchased_purges":2,"victory":false,"max_hp_per_floor":[80,80,80,80,80,80,80,80,80,80,80,80,80,80,80,80],"card_choices":[{"not_picked":["Reckless Charge","Bloodletting"],"picked":"True Grit","floor":1.0},{"not_picked":["Sword Boomerang","Warcry"],"picked":"Rampage","floor":4.0},{"not_picked":["Searing Blow","Seeing Red","Perfected Strike"],"picked":"SKIP","floor":8.0},{"not_picked":["Wild Strike","Thunderclap"],"picked":"Rage","floor":10.0},{"not_picked":["Iron Wave","Reckless Charge"],"picked":"Infernal Blade","floor":14.0},{"not_picked":["Entrench","Headbutt"],"picked":"Shrug It Off","floor":14.0}],"player_experience":1157819,"relics_obtained":[{"floor":9.0,"key":"Blood Vial"}],"event_choices":[{"cards_removed":["Strike_R"],"damage_healed":0.0,"max_hp_gain":0.0,"max_hp_loss":0.0,"gold_gain":0.0,"event_name":"Golden Wing","player_choice":"Card Removal","floor":2.0,"gold_loss":0.0,"damage_taken":7.0},{"cards_removed":["Defend_R"],"damage_healed":0.0,"max_hp_gain":0.0,"max_hp_loss":0.0,"gold_gain":0.0,"event_name":"Bonfire Elementals","player_choice":"Offered Basic","floor":3.0,"gold_loss":0.0,"damage_taken":0.0},{"damage_healed":0.0,"max_hp_gain":0.0,"max_hp_loss":0.0,"gold_gain":0.0,"event_name":"Wheel of Change","player_choice":"Cursed","floor":6.0,"gold_loss":0.0,"damage_taken":0.0,"cards_obtained":["Decay"]},{"damage_healed":0.0,"max_hp_gain":0.0,"max_hp_loss":0.0,"gold_gain":0.0,"event_name":"WeMeetAgain","player_choice":"Gave Potion","floor":12.0,"gold_loss":0.0,"damage_taken":0.0,"relics_obtained":["Prayer Wheel"]}],"is_beta":false,"boss_relics":[],"items_purged_floors":[5,11],"is_endless":false,"potions_floor_spawned":[4,14],"killed_by":"Slime Boss","ascension_level":0}