{"gold_per_floor":[115,115,115,140,140,183,199,199,223,223,223,69,169,183,183,183],"floor_reached":16,"playtime":484,"items_purged":["Strike_R"],"score":113,"play_id":"a8db52f3-6406-4b21-94bc-c6316789fdde","local_time":"20190310173812","is_ascension_mode":true,"campfire_choices":[{"data":"Armaments","floor":8,"key":"SMITH"},{"floor":11,"key":"REST"},{"floor":15,"key":"REST"}],"neow_cost":"PERCENT_DAMAGE","seed_source_timestamp":63204912382833,"circlet_count":0,"master_deck":["Strike_R","Strike_R","Strike_R","Defend_R","Defend_R+1","Defend_R+1","Defend_R","Bash","Metallicize+1","Flame Barrier","Flame Barrier","Armaments+1","Metallicize","Shrug It Off"],"relics":["Burning Blood","Golden Idol","War Paint","Pen Nib"],"potions_floor_usage":[16,16],"damage_taken":[{"damage":0,"enemies":"Small Slimes","floor":1,"turns":3},{"damage":14,"enemies":"2 Louse","floor":4,"turns":3},{"damage":56,"enemies":"Gremlin Nob","floor":6,"turns":7},{"damage":7,"enemies":"Cultist","floor":7,"turns":5},{"damage":1,"enemies":"3 Louse","floor":14,"turns":6},{"damage":79,"enemies":"Hexaghost","floor":16,"turns":19}],"seed_played":"1747352282628910511","potions_obtained":[{"floor":4,"key":"BloodPotion"},{"floor":7,"key":"Strength Potion"}],"is_trial":false,"path_per_floor":["M","?","?","M","?","E","M","R","T","?","R","$","?","M","R","B"],"character_chosen":"IRONCLAD","items_purchased":["Metallicize"],"campfire_rested":2,"item_purchase_floors":[12],"current_hp_per_floor":[78,78,78,70,70,20,19,19,19,12,38,38,38,43,69,0],"gold":183,"neow_bonus":"TWENTY_PERCENT_HP_BONUS","is_prod":false,"is_daily":false,"chose_seed":false,"campfire_upgraded":1,"win_rate":0,"timestamp":1552253892,"path_taken":["M","?","?","?","?","E","M","R","T","?","R","$","?","?","R","BOSS"],"build_version":"2019-01-23","purchased_purges":1,"victory":false,"max_hp_per_floor":[96,89,89,89,89,89,89,89,89,89,89,89,89,89,89,89],"card_choices":[{"not_picked":["Cleave","Warcry"],"picked":"Metallicize","floor":1},{"not_picked":["Uppercut","Pommel Strike"],"picked":"Flame Barrier","floor":4},{"not_picked":["Twin Strike","Wild Strike"],"picked":"Flame Barrier","floor":6},{"not_picked":["Ghostly Armor","Spot Weakness"],"picked":"Armaments","floor":7},{"not_picked":["Pommel Strike","Heavy Blade"],"picked":"Shrug It Off","floor":14}],"player_experience":117140,"relics_obtained":[{"floor":6,"key":"War Paint"},{"floor":9,"key":"Pen Nib"}],"event_choices":[{"damage_healed":0,"gold_gain":0,"player_choice":"Lose Max HP","damage_taken":0,"relics_obtained":["Golden Idol"],"max_hp_gain":0,"max_hp_loss":7,"event_name":"Golden Idol","floor":2,"gold_loss":0},{"damage_healed":0,"gold_gain":0,"player_choice":"Forge","damage_taken":0,"max_hp_gain":0,"max_hp_loss":0,"event_name":"Accursed Blacksmith","floor":3,"gold_loss":0,"cards_upgraded":["Metallicize"]},{"damage_healed":0,"gold_gain":0,"player_choice":"Ignored","damage_taken":0,"max_hp_gain":0,"max_hp_loss":0,"event_name":"Liars Game","floor":5,"gold_loss":0},{"cards_removed":["Strike_R"],"damage_healed":0,"gold_gain":0,"player_choice":"Card Removal","damage_taken":7,"max_hp_gain":0,"max_hp_loss":0,"event_name":"Golden Wing","floor":10,"gold_loss":0},{"damage_healed":0,"gold_gain":100,"player_choice":"Pray","damage_taken":0,"max_hp_gain":0,"max_hp_loss":0,"event_name":"Golden Shrine","floor":13,"gold_loss":0}],"is_beta":false,"boss_relics":[],"items_purged_floors":[12],"is_endless":false,"potions_floor_spawned":[4,7],"killed_by":"Hexaghost","ascension_level":3}