{"gold_per_floor":[112,112,112,125,138,138,168,168,168,168,184,214,227,238,238,333,333,343,343,253],"floor_reached":20,"playtime":2240,"items_purged":[],"score":184,"play_id":"dc93feab-e73f-4d30-a2fd-8cd0bbd04be4","local_time":"20190120155352","is_ascension_mode":false,"campfire_choices":[{"data":"Neutralize","floor":6,"key":"SMITH"},{"floor":8,"key":"REST"},{"data":"Skewer","floor":10,"key":"SMITH"},{"floor":15,"key":"REST"}],"neow_cost":"NONE","seed_source_timestamp":1018356425014548,"circlet_count":0,"master_deck":["Defend_G","Defend_G","Defend_G","Defend_G","Defend_G","Strike_G","Strike_G","Strike_G","Strike_G+1","Survivor","Neutralize+1","Skewer+1","Backflip","Quick Slash","Dagger Throw+1","Terror","Dagger Spray","Malaise","A Thousand Cuts","Leg Sweep"],"relics":["Ring of the Snake","NeowsBlessing","WingedGreaves","Prayer Wheel","Whetstone","Eternal Feather"],"potions_floor_usage":[],"damage_taken":[{"damage":0,"enemies":"2 Louse","floor":1,"turns":1},{"damage":0,"enemies":"Jaw Worm","floor":4,"turns":1},{"damage":0,"enemies":"Cultist","floor":5,"turns":1},{"damage":61,"enemies":"3 Sentries","floor":7,"turns":14},{"damage":5,"enemies":"3 Louse","floor":11,"turns":3},{"damage":7,"enemies":"Gremlin Nob","floor":12,"turns":3},{"damage":1,"enemies":"Exordium Wildlife","floor":13,"turns":2},{"damage":3,"enemies":"Red Slaver","floor":14,"turns":3},{"damage":27,"enemies":"The Guardian","floor":16,"turns":13},{"damage":55,"enemies":"Spheric Guardian","floor":18,"turns":10},{"damage":31,"enemies":"2 Thieves","floor":20,"turns":3}],"seed_played":"-5856924493714944920","potions_obtained":[{"floor":1,"key":"SteroidPotion"},{"floor":11,"key":"FearPotion"},{"floor":12,"key":"Energy Potion"},{"floor":18,"key":"Block Potion"}],"is_trial":false,"path_per_floor":["M","?","?","M","M","R","E","R","T","R","M","E","M","M","R","B",null,"M","?","M"],"character_chosen":"THE_SILENT","items_purchased":[],"campfire_rested":2,"item_purchase_floors":[],"current_hp_per_floor":[70,70,75,75,75,75,14,36,36,36,31,24,23,20,42,15,75,20,20,0],"gold":253,"neow_bonus":"THREE_ENEMY_KILL","is_prod":false,"is_daily":false,"chose_seed":false,"campfire_upgraded":2,"win_rate":0.0,"timestamp":1547996032,"path_taken":["M","?","?","M","M","R","E","R","T","R","M","E","M","M","R","BOSS","M","?","M"],"build_version":"2019-01-17v2","purchased_purges":0,"victory":false,"max_hp_per_floor":[70,70,75,75,75,75,75,75,75,75,75,75,75,75,75,75,75,75,75,75],"card_choices":[{"not_picked":["Infinite Blades","Bane"],"picked":"Skewer","floor":1},{"not_picked":["Blur","Acrobatics"],"picked":"Backflip","floor":4},{"not_picked":["Bouncing Flask","Eviscerate","Blade Dance"],"picked":"SKIP","floor":5},{"not_picked":["Crippling Poison","Deflect"],"picked":"Quick Slash","floor":7},{"not_picked":["Skewer","Reflex"],"picked":"Dagger Throw","floor":11},{"not_picked":["Outmaneuver","Quick Slash"],"picked":"Terror","floor":11},{"not_picked":["Sucker Punch","Underhanded Strike"],"picked":"Dagger Spray","floor":12},{"not_picked":["Riddle With Holes","All Out Attack"],"picked":"Malaise","floor":13},{"not_picked":["Catalyst","Bouncing Flask","Dagger Spray"],"picked":"SKIP","floor":13},{"not_picked":["Finisher","Quick Slash","Catalyst"],"picked":"SKIP","floor":14},{"not_picked":["Quick Slash","Heel Hook","Dagger Throw"],"picked":"SKIP","floor":14},{"not_picked":["Corpse Explosion","Tools of the Trade"],"picked":"A Thousand Cuts","floor":16},{"not_picked":["Bane+1","PiercingWail"],"picked":"Leg Sweep","floor":18},{"not_picked":["Slice","Quick Slash","Prepared+1"],"picked":"SKIP","floor":18}],"player_experience":8009,"relics_obtained":[{"floor":7,"key":"WingedGreaves"},{"floor":9,"key":"Prayer Wheel"},{"floor":12,"key":"Whetstone"}],"event_choices":[{"damage_healed":0,"gold_gain":0,"player_choice":"Ignored","damage_taken":0,"max_hp_gain":0,"max_hp_loss":0,"event_name":"Liars Game","floor":2,"gold_loss":0},{"damage_healed":0,"gold_gain":0,"player_choice":"Donut","damage_taken":0,"max_hp_gain":5,"max_hp_loss":0,"event_name":"Big Fish","floor":3,"gold_loss":0},{"cards_removed":["Strike_G"],"damage_healed":0,"gold_gain":0,"player_choice":"Elegance","damage_taken":0,"max_hp_gain":0,"max_hp_loss":0,"event_name":"Back to Basics","floor":19,"gold_loss":0}],"is_beta":false,"boss_relics":[{"not_picked":["Calling Bell","Runic Pyramid"],"picked":"Eternal Feather"}],"items_purged_floors":[],"is_endless":false,"potions_floor_spawned":[1,11,12,13,18],"killed_by":"2 Thieves","ascension_level":0}