{"gold_per_floor":[115,132,132,132,153,153,174,174,174,199,212,137,156,187,187,187],"floor_reached":16,"playtime":811,"items_purged":[],"score":208,"play_id":"c0093e84-1b1f-4ed6-8c29-88ca45aa01ce","local_time":"20190221121528","is_ascension_mode":true,"campfire_choices":[{"data":"Hemokinesis","floor":6,"key":"SMITH"},{"data":"Immolate","floor":15,"key":"SMITH"}],"neow_cost":"NONE","seed_source_timestamp":429803377797900,"circlet_count":0,"master_deck":["AscendersBane","Strike_R","Strike_R","Strike_R","Strike_R+1","Strike_R","Defend_R+1","Defend_R","Defend_R","Bash","Hemokinesis+1","Shrug It Off","Iron Wave","Ghostly Armor","Rage","Metallicize","Battle Trance","Immolate+1"],"relics":["Burning Blood","Red Skull","Golden Idol","Kunai","Bag of Marbles"],"potions_floor_usage":[2,16,16],"damage_taken":[{"damage":4,"enemies":"Small Slimes","floor":1,"turns":5},{"damage":3,"enemies":"Jaw Worm","floor":2,"turns":1},{"damage":3,"enemies":"Cultist","floor":5,"turns":2},{"damage":7,"enemies":"Gremlin Gang","floor":7,"turns":6},{"damage":4,"enemies":"Blue Slaver","floor":10,"turns":4},{"damage":3,"enemies":"3 Louse","floor":11,"turns":5},{"damage":3,"enemies":"Red Slaver","floor":13,"turns":3},{"damage":12,"enemies":"Lagavulin","floor":14,"turns":7},{"damage":53,"enemies":"Hexaghost","floor":16,"turns":11}],"seed_played":"2841575571631872697","potions_obtained":[{"floor":1,"key":"Fire Potion"},{"floor":2,"key":"Block Potion"},{"floor":4,"key":"Fire Potion"},{"floor":10,"key":"LiquidBronze"}],"is_trial":false,"path_per_floor":["M","M","?","?","M","R","M","?","T","M","M","?","M","E","R","B"],"character_chosen":"IRONCLAD","items_purchased":[],"campfire_rested":0,"item_purchase_floors":[],"current_hp_per_floor":[70,73,68,68,68,68,67,47,47,49,52,52,55,49,49,0],"gold":187,"neow_bonus":"RANDOM_COMMON_RELIC","is_prod":false,"is_daily":false,"chose_seed":false,"campfire_upgraded":2,"win_rate":0,"timestamp":1550780128,"path_taken":["M","M","?","?","?","R","?","?","T","M","M","?","M","E","R","BOSS"],"build_version":"2019-02-06","purchased_purges":0,"victory":false,"max_hp_per_floor":[75,75,68,68,68,68,68,68,68,68,68,68,68,68,68,68],"card_choices":[{"not_picked":["Ghostly Armor","Headbutt"],"picked":"Hemokinesis","floor":1},{"not_picked":["Second Wind","Headbutt"],"picked":"Shrug It Off","floor":2},{"not_picked":["Body Slam","Wild Strike"],"picked":"Iron Wave","floor":5},{"not_picked":["Infernal Blade","Headbutt"],"picked":"Ghostly Armor","floor":7},{"not_picked":["Shrug It Off","Iron Wave"],"picked":"Rage","floor":10},{"not_picked":["Thunderclap","Infernal Blade"],"picked":"Metallicize","floor":11},{"not_picked":["Wild Strike","Perfected Strike"],"picked":"Battle Trance","floor":13},{"not_picked":["Infernal Blade","Heavy Blade"],"picked":"Immolate","floor":14}],"player_experience":3300568,"relics_obtained":[{"floor":9,"key":"Kunai"},{"floor":14,"key":"Bag of Marbles"}],"event_choices":[{"damage_healed":0,"gold_gain":0,"player_choice":"Lose Max HP","damage_taken":0,"relics_obtained":["Golden Idol"],"max_hp_gain":0,"max_hp_loss":7,"event_name":"Golden Idol","floor":3,"gold_loss":0},{"damage_healed":0,"gold_gain":0,"player_choice":"Got Potions","damage_taken":0,"max_hp_gain":0,"max_hp_loss":0,"event_name":"Lab","floor":4,"gold_loss":0},{"damage_healed":0,"gold_gain":0,"player_choice":"Entered Light","damage_taken":20,"max_hp_gain":0,"max_hp_loss":0,"event_name":"Shining Light","floor":8,"gold_loss":0,"cards_upgraded":["Strike_R","Defend_R"]},{"cards_removed":["Defend_R"],"damage_healed":0,"gold_gain":0,"player_choice":"Card Removal","damage_taken":0,"max_hp_gain":0,"max_hp_loss":0,"event_name":"The Cleric","floor":12,"gold_loss":75}],"is_beta":true,"boss_relics":[],"items_purged_floors":[],"is_endless":false,"potions_floor_spawned":[1,2,10],"killed_by":"Hexaghost","ascension_level":20}