{"gold_per_floor":[111,111,111,111,36,36,67,67,67,67,79,79],"floor_reached":12,"playtime":387,"items_purged":["Regret"],"score":85,"play_id":"78f7fc05-8a3f-49f1-9123-224acbba4098","local_time":"20190314134829","is_ascension_mode":true,"campfire_choices":[{"data":"Strike_R","floor":6,"key":"PURGE"},{"data":"Strike_R","floor":8,"key":"PURGE"},{"data":"Headbutt","floor":10,"key":"SMITH"}],"neow_cost":"TEN_PERCENT_HP_LOSS","seed_source_timestamp":63579715027909,"circlet_count":0,"master_deck":["Defend_R","Defend_R","Defend_R","Defend_R","Bash","Headbutt+1","Flame Barrier"],"relics":["Burning Blood","Blood Vial","Peace Pipe","Singing Bowl","PreservedInsect"],"potions_floor_usage":[12],"damage_taken":[{"damage":0,"enemies":"Small Slimes","floor":1,"turns":8},{"damage":56,"enemies":"Lagavulin","floor":7,"turns":6},{"damage":1,"enemies":"2 Louse","floor":11,"turns":4},{"damage":28,"enemies":"3 Sentries","floor":12,"turns":8}],"seed_played":"-3008108274709787873","potions_obtained":[{"floor":7,"key":"SteroidPotion"},{"floor":11,"key":"Block Potion"}],"is_trial":false,"path_per_floor":["M","?","?","?","$","R","E","R","T","R","M","E"],"character_chosen":"IRONCLAD","items_purchased":[],"campfire_rested":0,"item_purchase_floors":[],"current_hp_per_floor":[72,72,72,65,65,65,19,19,19,19,26,0],"gold":79,"neow_bonus":"REMOVE_TWO","is_prod":false,"is_daily":false,"chose_seed":false,"campfire_upgraded":1,"win_rate":0,"timestamp":1552585709,"path_taken":["M","?","?","?","$","R","E","R","T","R","M","E"],"build_version":"2019-01-23","purchased_purges":1,"victory":false,"max_hp_per_floor":[72,72,72,72,72,72,74,74,74,74,74,74],"card_choices":[{"not_picked":["Sentinel","Clash"],"picked":"Headbutt","floor":1},{"not_picked":["Rupture","Twin Strike","Havoc"],"picked":"Singing Bowl","floor":7},{"not_picked":["Twin Strike","Perfected Strike"],"picked":"Flame Barrier","floor":11}],"player_experience":128710,"relics_obtained":[{"floor":7,"key":"Singing Bowl"},{"floor":9,"key":"PreservedInsect"}],"event_choices":[{"cards_removed":["Strike_R"],"damage_healed":0,"gold_gain":0,"player_choice":"Forget","damage_taken":0,"max_hp_gain":0,"max_hp_loss":0,"event_name":"Living Wall","floor":2,"gold_loss":0},{"damage_healed":0,"gold_gain":0,"player_choice":"Box","damage_taken":0,"relics_obtained":["Blood Vial"],"max_hp_gain":0,"max_hp_loss":0,"event_name":"Big Fish","floor":3,"gold_loss":0,"cards_obtained":["Regret"]},{"damage_healed":0,"gold_gain":0,"player_choice":"Success","damage_taken":7,"relics_obtained":["Peace Pipe"],"max_hp_gain":0,"max_hp_loss":0,"event_name":"Scrap Ooze","floor":4,"gold_loss":0}],"is_beta":false,"boss_relics":[],"items_purged_floors":[5],"is_endless":false,"potions_floor_spawned":[7,11],"killed_by":"3 Sentries","ascension_level":3}