{"gold_per_floor":[109,109,34,34,46,46,81,93,93,46,66,66,66,86,86,182,182,201,219,20,34,48,48,48],"floor_reached":24,"playtime":885,"items_purged":["Defend_B"],"score":208,"play_id":"dfd19767-40c3-43a0-8409-fb73052611bb","local_time":"20190207233205","is_ascension_mode":true,"campfire_choices":[{"data":"Zap","floor":6,"key":"SMITH"},{"floor":13,"key":"REST"},{"floor":15,"key":"REST"},{"floor":23,"key":"REST"}],"neow_cost":"NONE","seed_source_timestamp":473915565054007,"circlet_count":0,"master_deck":["Strike_B","Strike_B+1","Strike_B","Defend_B+1","Defend_B","Defend_B","Zap+1","Dualcast","Gash","Aggregate","Decay","Ball Lightning","Lockon","Melter","Conserve Battery","Turbo","Seek"],"relics":["Cracked Core","Symbiotic Virus","Kunai","Snecko Eye","PrismaticShard"],"potions_floor_usage":[21,21],"damage_taken":[{"damage":1,"enemies":"Jaw Worm","floor":1,"turns":3},{"damage":3,"enemies":"Cultist","floor":5,"turns":4},{"damage":37,"enemies":"3 Sentries","floor":7,"turns":5},{"damage":0,"enemies":"Small Slimes","floor":8,"turns":3},{"damage":13,"enemies":"3 Louse","floor":11,"turns":3},{"damage":23,"enemies":"Gremlin Gang","floor":14,"turns":4},{"damage":21,"enemies":"Slime Boss","floor":16,"turns":7},{"damage":4,"enemies":"Chosen","floor":18,"turns":4},{"damage":34,"enemies":"2 Thieves","floor":19,"turns":4},{"damage":20,"enemies":"Centurion and Healer","floor":21,"turns":4},{"damage":8,"enemies":"Chosen and Byrds","floor":22,"turns":5},{"damage":44,"enemies":"Book of Stabbing","floor":24,"turns":3}],"seed_played":"3348648823905859566","potions_obtained":[{"floor":5,"key":"Ancient Potion"},{"floor":7,"key":"Poison Potion"},{"floor":16,"key":"Weak Potion"},{"floor":22,"key":"Energy Potion"}],"is_trial":false,"path_per_floor":["M","?","$","?","M","R","E","M","T","$","M","?","R","M","R","B",null,"M","M","$","M","M","R","E"],"character_chosen":"DEFECT","items_purchased":["Conserve Battery","PrismaticShard"],"campfire_rested":3,"item_purchase_floors":[10,20],"current_hp_per_floor":[81,81,81,81,78,78,41,41,41,41,28,12,36,13,37,16,82,78,44,44,24,16,40,0],"gold":48,"neow_bonus":"TEN_PERCENT_HP_BONUS","is_prod":false,"is_daily":false,"chose_seed":false,"campfire_upgraded":1,"win_rate":0,"timestamp":1549600325,"path_taken":["M","?","?","?","?","R","E","M","T","$","M","?","R","M","R","BOSS","M","M","$","M","M","R","E"],"build_version":"2019-01-23","purchased_purges":1,"victory":false,"max_hp_per_floor":[82,82,82,82,82,82,82,82,82,82,82,82,82,82,82,82,82,82,82,82,82,82,82,82],"card_choices":[{"not_picked":["Turbo","Storm"],"picked":"Gash","floor":1},{"not_picked":["Meteor Strike","Conserve Battery"],"picked":"Ball Lightning","floor":5},{"not_picked":["Steam","Darkness"],"picked":"Lockon","floor":7},{"not_picked":["Force Field","Cold Snap"],"picked":"Melter","floor":8},{"not_picked":["Force Field","Rebound","Sweeping Beam"],"picked":"SKIP","floor":11},{"not_picked":["Cold Snap","Leap"],"picked":"Turbo","floor":14},{"not_picked":["Multi-Cast","Echo Form"],"picked":"Seek","floor":16},{"not_picked":["Conserve Battery","Ball Lightning","Blizzard"],"picked":"SKIP","floor":18},{"not_picked":["Ball Lightning","Turbo","Rebound"],"picked":"SKIP","floor":19},{"not_picked":["Go for the Eyes","Chaos","Terror"],"picked":"SKIP","floor":21},{"not_picked":["Stack","Metallicize","Double Tap"],"picked":"SKIP","floor":22}],"player_experience":363408,"relics_obtained":[{"floor":7,"key":"Symbiotic Virus"},{"floor":9,"key":"Kunai"}],"event_choices":[{"damage_healed":0,"gold_gain":0,"cards_transformed":["Strike_B"],"player_choice":"Transformed","damage_taken":0,"max_hp_gain":0,"max_hp_loss":0,"event_name":"Transmorgrifier","floor":2,"gold_loss":0,"cards_obtained":["Aggregate"]},{"damage_healed":0,"gold_gain":0,"player_choice":"Cursed","damage_taken":0,"max_hp_gain":0,"max_hp_loss":0,"event_name":"Wheel of Change","floor":4,"gold_loss":0,"cards_obtained":["Decay"]},{"damage_healed":0,"gold_gain":0,"player_choice":"Entered Light","damage_taken":16,"max_hp_gain":0,"max_hp_loss":0,"event_name":"Shining Light","floor":12,"gold_loss":0,"cards_upgraded":["Strike_B","Defend_B"]}],"is_beta":false,"boss_relics":[{"not_picked":["Eternal Feather","Coffee Dripper"],"picked":"Snecko Eye"}],"items_purged_floors":[3],"is_endless":false,"potions_floor_spawned":[5,7,16,18,22],"killed_by":"Book of Stabbing","ascension_level":1}