{"gold_per_floor":[19,19,31,31,41,41,8,8,8,8,18,48,48,64,64,160,160,176,176],"floor_reached":19,"playtime":659,"items_purged":[],"score":192,"play_id":"14adcc39-dab9-4bc0-8f83-42a314211c23","local_time":"20190314142344","is_ascension_mode":true,"campfire_choices":[{"data":"Body Slam","floor":6,"key":"SMITH"},{"data":"Shockwave","floor":8,"key":"SMITH"},{"data":"Juggernaut","floor":10,"key":"SMITH"},{"data":"Armaments","floor":13,"key":"SMITH"},{"floor":15,"key":"REST"}],"neow_cost":"NO_GOLD","seed_source_timestamp":65423784488765,"circlet_count":0,"master_deck":["Strike_R","Strike_R","Strike_R","Strike_R","Strike_R","Defend_R","Defend_R","Defend_R","Defend_R","Bash","Juggernaut+1","Thunderclap","Regret","Headbutt","Body Slam+1","Shockwave+1","Armaments+1","Spot Weakness","Barricade","Flex","Body Slam"],"relics":["Burning Blood","Vajra","GremlinMask","PreservedInsect","Charon\u0027s Ashes","Orrery"],"potions_floor_usage":[16,19],"damage_taken":[{"damage":1,"enemies":"Cultist","floor":1,"turns":4},{"damage":20,"enemies":"Small Slimes","floor":3,"turns":4},{"damage":14,"enemies":"2 Louse","floor":5,"turns":3},{"damage":4,"enemies":"Exordium Wildlife","floor":11,"turns":4},{"damage":26,"enemies":"3 Sentries","floor":12,"turns":5},{"damage":10,"enemies":"Large Slime","floor":14,"turns":5},{"damage":37,"enemies":"Slime Boss","floor":16,"turns":6},{"damage":78,"enemies":"3 Byrds","floor":18,"turns":6},{"damage":11,"enemies":"Spheric Guardian","floor":19,"turns":2}],"seed_played":"3069551475739682647","potions_obtained":[{"floor":3,"key":"Strength Potion"},{"floor":11,"key":"Strength Potion"},{"floor":14,"key":"AttackPotion"},{"floor":16,"key":"GamblersBrew"}],"is_trial":false,"path_per_floor":["M","?","M","?","M","R","$","R","T","R","M","E","R","M","R","B",null,"M","M"],"character_chosen":"IRONCLAD","items_purchased":["Shockwave"],"campfire_rested":1,"item_purchase_floors":[7],"current_hp_per_floor":[80,80,66,66,58,58,58,58,58,58,60,40,40,36,60,29,80,8,0],"gold":176,"neow_bonus":"THREE_RARE_CARDS","is_prod":false,"is_daily":false,"chose_seed":false,"campfire_upgraded":4,"win_rate":0,"timestamp":1552587824,"path_taken":["M","?","M","?","M","R","$","R","T","R","?","E","R","M","R","BOSS","M","?"],"build_version":"2019-01-23","purchased_purges":0,"victory":false,"max_hp_per_floor":[80,80,80,80,80,80,80,80,80,80,80,80,80,80,80,80,80,80,80],"card_choices":[{"not_picked":["Reaper","Exhume"],"picked":"Juggernaut","floor":0},{"not_picked":["Headbutt","Clash"],"picked":"Thunderclap","floor":1},{"not_picked":["Perfected Strike","Thunderclap"],"picked":"Headbutt","floor":3},{"not_picked":["Wild Strike","Intimidate"],"picked":"Body Slam","floor":5},{"not_picked":["Warcry","Iron Wave"],"picked":"Armaments","floor":11},{"not_picked":["Rage","Fiend Fire"],"picked":"Spot Weakness","floor":12},{"not_picked":["Perfected Strike","Clash","Blood for Blood"],"picked":"SKIP","floor":14},{"not_picked":["Exhume","Impervious"],"picked":"Barricade","floor":16},{"not_picked":["Hemokinesis","Uppercut"],"picked":"Flex","floor":17},{"not_picked":["Pommel Strike","Warcry"],"picked":"Body Slam","floor":17},{"not_picked":["Fire Breathing","Havoc","Iron Wave"],"picked":"SKIP","floor":18}],"player_experience":130519,"relics_obtained":[{"floor":9,"key":"PreservedInsect"},{"floor":12,"key":"Charon\u0027s Ashes"}],"event_choices":[{"damage_healed":0,"gold_gain":0,"player_choice":"Box","damage_taken":0,"relics_obtained":["Vajra"],"max_hp_gain":0,"max_hp_loss":0,"event_name":"Big Fish","floor":2,"gold_loss":0,"cards_obtained":["Regret"]},{"damage_healed":0,"gold_gain":0,"player_choice":"Trade","damage_taken":0,"relics_obtained":["GremlinMask"],"max_hp_gain":0,"max_hp_loss":0,"event_name":"FaceTrader","floor":4,"gold_loss":0}],"is_beta":false,"boss_relics":[{"not_picked":["Runic Cube","Runic Dome"],"picked":"Orrery"}],"items_purged_floors":[],"is_endless":false,"potions_floor_spawned":[3,11,14,16],"killed_by":"Spheric Guardian","ascension_level":3}