{"gold_per_floor":[19,19,19,37,47,47,75,75,156,181,199,199],"floor_reached":12,"playtime":735,"items_purged":[],"score":101,"play_id":"b19a6e95-c4e8-4e98-a162-e5f2bfd52da8","local_time":"20190310164437","is_ascension_mode":true,"campfire_choices":[{"data":"Armaments","floor":6,"key":"SMITH"}],"neow_cost":"NO_GOLD","seed_source_timestamp":0,"circlet_count":0,"master_deck":["Strike_R","Strike_R","Strike_R","Defend_R","Defend_R","Defend_R","Defend_R","Bash","Spot Weakness","Shockwave","Battle Trance","Clumsy","Bash","Dropkick","Searing Blow","Armaments+1","Inflame+1","Brutality+1"],"special_seed":0,"relics":["Burning Blood","Smiling Mask","Frozen Egg 2","Sundial"],"potions_floor_usage":[10,12],"damage_taken":[{"damage":3.0,"enemies":"Small Slimes","floor":1.0,"turns":5.0},{"damage":1.0,"enemies":"Cultist","floor":4.0,"turns":3.0},{"damage":14,"enemies":"2 Louse","floor":5,"turns":3},{"damage":40,"enemies":"Gremlin Nob","floor":7,"turns":5},{"damage":32,"enemies":"3 Sentries","floor":10,"turns":6},{"damage":4,"enemies":"Exordium Wildlife","floor":11,"turns":3},{"damage":54,"enemies":"Gremlin Nob","floor":12,"turns":4}],"seed_played":"5226461358748423472","potions_obtained":[{"floor":1.0,"key":"BloodPotion"},{"floor":7,"key":"Dexterity Potion"},{"floor":10,"key":"PowerPotion"}],"is_trial":false,"path_per_floor":["M","$","?","M","M","R","E","?","T","E","M","E"],"character_chosen":"IRONCLAD","items_purchased":[],"campfire_rested":0,"item_purchase_floors":[],"current_hp_per_floor":[80,80,80,80,72,72,38,38,38,20,22,0],"gold":199,"neow_bonus":"TRANSFORM_TWO_CARDS","is_prod":false,"is_daily":false,"chose_seed":false,"campfire_upgraded":1,"win_rate":0,"timestamp":1552250677,"path_taken":["M","$","?","M","M","R","E","?","T","E","M","E"],"build_version":"2019-01-23","purchased_purges":0,"victory":false,"max_hp_per_floor":[80,80,80,80,80,80,80,80,80,80,80,80],"card_choices":[{"not_picked":["Whirlwind","Headbutt"],"picked":"Battle Trance","floor":1.0},{"not_picked":["Twin Strike","Anger"],"picked":"Searing Blow","floor":4},{"not_picked":["Anger","Feel No Pain"],"picked":"Armaments","floor":5},{"not_picked":["Twin Strike","True Grit","Sentinel"],"picked":"SKIP","floor":7},{"not_picked":["Sever Soul","Iron Wave"],"picked":"Inflame+1","floor":10},{"not_picked":["Thunderclap","Perfected Strike"],"picked":"Brutality+1","floor":11}],"player_experience":113738,"relics_obtained":[{"floor":7,"key":"Smiling Mask"},{"floor":9,"key":"Frozen Egg 2"},{"floor":10,"key":"Sundial"}],"event_choices":[{"damage_healed":0.0,"max_hp_gain":0.0,"max_hp_loss":0.0,"gold_gain":0.0,"event_name":"Match and Keep!","player_choice":"3 cards matched","floor":3.0,"gold_loss":0.0,"damage_taken":0.0,"cards_obtained":["Clumsy","Bash","Dropkick"]},{"damage_healed":0,"gold_gain":0,"player_choice":"0 cards matched","damage_taken":0,"max_hp_gain":0,"max_hp_loss":0,"event_name":"Match and Keep!","floor":8,"gold_loss":0,"cards_obtained":[]}],"is_beta":false,"boss_relics":[],"items_purged_floors":[],"is_endless":false,"potions_floor_spawned":[1,7,10],"killed_by":"Gremlin Nob","ascension_level":3}