{"gold_per_floor":[364,378,378,397,412,412,428,459,513,513,527,149,160,14,14,14],"floor_reached":16,"playtime":485,"items_purged":["Doubt"],"score":104,"play_id":"34a617da-bca5-4797-b52c-1966a5ce2117","local_time":"20190413002815","is_ascension_mode":false,"campfire_choices":[{"data":"Bash","floor":6,"key":"SMITH"},{"data":"Armaments","floor":10,"key":"SMITH"},{"data":"Inflame","floor":15,"key":"SMITH"}],"neow_cost":"CURSE","seed_source_timestamp":33481916373125,"circlet_count":0,"master_deck":["Strike_R","Strike_R","Strike_R","Strike_R","Strike_R","Defend_R","Defend_R","Defend_R","Defend_R","Bash+1","Headbutt","Sword Boomerang","Infernal Blade","Armaments+1","Inflame+1","Immolate","Offering"],"relics":["Burning Blood","FaceOfCleric","Happy Flower","Regal Pillow","PreservedInsect"],"potions_floor_usage":[16],"damage_taken":[{"damage":11,"enemies":"Jaw Worm","floor":1,"turns":5},{"damage":1,"enemies":"Cultist","floor":2,"turns":3},{"damage":7,"enemies":"Small Slimes","floor":4,"turns":4},{"damage":6,"enemies":"2 Fungi Beasts","floor":5,"turns":5},{"damage":5,"enemies":"Looter","floor":7,"turns":3},{"damage":43,"enemies":"3 Sentries","floor":8,"turns":9},{"damage":2,"enemies":"Blue Slaver","floor":11,"turns":4},{"damage":10,"enemies":"2 Fungi Beasts","floor":13,"turns":3},{"damage":56,"enemies":"Slime Boss","floor":16,"turns":5}],"seed_played":"81992347157738127","potions_obtained":[{"floor":8,"key":"SteroidPotion"},{"floor":11,"key":"AttackPotion"}],"is_trial":false,"path_per_floor":["M","M","?","M","M","R","M","E","T","R","M","$","M","$","R","B"],"character_chosen":"IRONCLAD","items_purchased":["Immolate","Offering","PreservedInsect"],"campfire_rested":0,"item_purchase_floors":[12,12,14],"current_hp_per_floor":[75,80,80,80,81,81,83,47,47,47,52,52,49,49,49,0],"gold":14,"neow_bonus":"TWO_FIFTY_GOLD","is_prod":false,"is_daily":false,"chose_seed":false,"campfire_upgraded":3,"win_rate":0,"timestamp":1555136895,"path_taken":["M","M","?","M","?","R","M","E","T","R","M","$","M","$","R","BOSS"],"build_version":"2019-01-23","purchased_purges":1,"victory":false,"max_hp_per_floor":[80,80,80,81,82,82,83,84,84,84,85,85,86,86,86,86],"card_choices":[{"not_picked":["True Grit","Hemokinesis"],"picked":"Headbutt","floor":1},{"not_picked":["True Grit","Thunderclap"],"picked":"Sword Boomerang","floor":2},{"not_picked":["True Grit","Pommel Strike","Iron Wave"],"picked":"SKIP","floor":4},{"not_picked":["Sever Soul","Impervious"],"picked":"Infernal Blade","floor":5},{"not_picked":["Body Slam","Clash","Cleave"],"picked":"SKIP","floor":7},{"not_picked":["Bloodletting","Searing Blow"],"picked":"Armaments","floor":8},{"not_picked":["Heavy Blade","Cleave"],"picked":"Inflame","floor":11},{"not_picked":["Dual Wield","Body Slam","Feel No Pain"],"picked":"SKIP","floor":13}],"player_experience":1204462,"relics_obtained":[{"floor":8,"key":"Happy Flower"},{"floor":9,"key":"Regal Pillow"}],"event_choices":[{"damage_healed":0,"gold_gain":0,"player_choice":"Trade","damage_taken":0,"relics_obtained":["FaceOfCleric"],"max_hp_gain":0,"max_hp_loss":0,"event_name":"FaceTrader","floor":3,"gold_loss":0}],"is_beta":false,"boss_relics":[],"items_purged_floors":[12],"is_endless":false,"potions_floor_spawned":[8,11],"killed_by":"Slime Boss","ascension_level":0}