{"gold_per_floor":[118,138,158,172,172,192,192,207,207,225,225,240,240,250,250,324,324,341,361,78,91,108,108,108],"floor_reached":24,"playtime":1263,"items_purged":["Strike_B"],"score":353,"play_id":"105a7f29-5efc-4965-a444-11e93f5f13c5","local_time":"20190416130134","is_ascension_mode":true,"campfire_choices":[{"floor":7.0,"key":"REST"},{"floor":11.0,"key":"REST"},{"floor":13.0,"key":"REST"},{"data":"Buffer","floor":15.0,"key":"SMITH"},{"floor":23,"key":"REST"}],"neow_cost":"PERCENT_DAMAGE","seed_source_timestamp":10926886729530,"circlet_count":0,"master_deck":["AscendersBane","Strike_B","Strike_B","Defend_B","Defend_B","Defend_B","Defend_B","Zap","Dualcast","Buffer+1","White Noise","Compile Driver","Genetic Algorithm","Loop","Sweeping Beam","Ball Lightning","Leap","Glacier","Double Energy","Electrodynamics","Defragment+1","Apotheosis","Self Repair"],"special_seed":0,"relics":["Cracked Core","WingedGreaves","Calling Bell","Art of War","Kunai","Pocketwatch"],"potions_floor_usage":[22,24],"damage_taken":[{"damage":2.0,"enemies":"Jaw Worm","floor":1.0,"turns":4.0},{"damage":0.0,"enemies":"Cultist","floor":2.0,"turns":4.0},{"damage":2.0,"enemies":"2 Louse","floor":3.0,"turns":3.0},{"damage":34.0,"enemies":"Exordium Thugs","floor":4.0,"turns":8.0},{"damage":6.0,"enemies":"Blue Slaver","floor":6.0,"turns":5.0},{"damage":14.0,"enemies":"3 Louse","floor":8.0,"turns":4.0},{"damage":12.0,"enemies":"Large Slime","floor":10.0,"turns":5.0},{"damage":10.0,"enemies":"Looter","floor":12.0,"turns":4.0},{"damage":0.0,"enemies":"2 Fungi Beasts","floor":14.0,"turns":4.0},{"damage":11.0,"enemies":"Slime Boss","floor":16.0,"turns":14.0},{"damage":13.0,"enemies":"2 Thieves","floor":18.0,"turns":4.0},{"damage":1.0,"enemies":"3 Byrds","floor":19.0,"turns":2.0},{"damage":18.0,"enemies":"Snake Plant","floor":21.0,"turns":4.0},{"damage":12,"enemies":"Cultist and Chosen","floor":22,"turns":4},{"damage":43,"enemies":"Slavers","floor":24,"turns":2}],"seed_played":"-7566106019421885827","potions_obtained":[{"floor":1.0,"key":"SkillPotion"},{"floor":2.0,"key":"Regen Potion"},{"floor":12.0,"key":"Poison Potion"},{"floor":14.0,"key":"GamblersBrew"},{"floor":16.0,"key":"Explosive Potion"},{"floor":18.0,"key":"LiquidBronze"},{"floor":19.0,"key":"EssenceOfSteel"},{"floor":22,"key":"Explosive Potion"}],"is_trial":false,"path_per_floor":["M","M","M","M","?","M","R","M","T","M","R","M","R","M","R","B",null,"M","M","$","M","M","R","E"],"character_chosen":"DEFECT","items_purchased":["Apotheosis"],"campfire_rested":4,"item_purchase_floors":[20],"current_hp_per_floor":[44,44,42,23,23,17,38,24,24,12,33,23,44,44,44,33,62,49,48,48,30,18,39,0],"gold":108,"neow_bonus":"THREE_RARE_CARDS","is_prod":false,"is_daily":false,"chose_seed":false,"campfire_upgraded":1,"win_rate":0,"timestamp":1555387294,"path_taken":["M","M","M","M","?","M","R","M","T","M","R","M","R","M","R","BOSS","M","M","$","M","M","R","E"],"build_version":"2019-01-23","purchased_purges":1,"victory":false,"max_hp_per_floor":[71,71,71,71,71,71,71,71,71,71,71,71,71,71,71,71,71,71,71,71,71,71,71,71],"card_choices":[{"not_picked":["All For One","Fission"],"picked":"Buffer","floor":0.0},{"not_picked":["Scrape","Leap"],"picked":"White Noise","floor":1.0},{"not_picked":["Leap","Hologram"],"picked":"Compile Driver","floor":2.0},{"not_picked":["Turbo","Aggregate"],"picked":"Genetic Algorithm","floor":3.0},{"not_picked":["Go for the Eyes","BootSequence"],"picked":"Loop","floor":4.0},{"not_picked":["Streamline","Stack"],"picked":"Sweeping Beam","floor":6.0},{"not_picked":["Meteor Strike","Recycle"],"picked":"Ball Lightning","floor":8.0},{"not_picked":["Gash","Hello World"],"picked":"Leap","floor":10.0},{"not_picked":["Redo","Aggregate"],"picked":"Glacier","floor":12.0},{"not_picked":["Steam Power","Rebound"],"picked":"Double Energy","floor":14.0},{"not_picked":["Creative AI","All For One"],"picked":"Electrodynamics","floor":16.0},{"not_picked":["Gash","Coolheaded"],"picked":"Defragment+1","floor":18.0},{"not_picked":["Beam Cell","Go for the Eyes","Amplify"],"picked":"SKIP","floor":19.0},{"not_picked":["Gash+1","Turbo","Go for the Eyes"],"picked":"SKIP","floor":21.0},{"not_picked":["Steam Power","Stack"],"picked":"Self Repair","floor":22}],"player_experience":591529,"relics_obtained":[{"floor":9.0,"key":"WingedGreaves"},{"floor":17.0,"key":"Art of War"},{"floor":17.0,"key":"Kunai"},{"floor":17.0,"key":"Pocketwatch"}],"event_choices":[{"cards_removed":["Strike_B"],"damage_healed":0.0,"max_hp_gain":0.0,"max_hp_loss":0.0,"gold_gain":0.0,"event_name":"Purifier","player_choice":"Purged","floor":5.0,"gold_loss":0.0,"damage_taken":0.0}],"is_beta":false,"boss_relics":[{"not_picked":["Nuclear Battery","Black Star"],"picked":"Calling Bell"}],"items_purged_floors":[20],"is_endless":false,"potions_floor_spawned":[1,2,12,14,16,18,19,22],"killed_by":"Slavers","ascension_level":16}