{"gold_per_floor":[119,131,306,306,306,306,316,316,316,32,52,62,72,86,86,186,186,205,205,221,234,234,234,254,254,254,264,264,364,374,388,388,492,492,509,509,509,525,542,542,145,145,145,145,158,168,185,199,199,199],"floor_reached":51,"playtime":753,"items_purged":["Defend_R","Strike_R"],"score":697,"play_id":"fa5374a5-7734-48bd-a327-f4b3534a75d9","local_time":"20190410160430","is_ascension_mode":false,"campfire_choices":[{"data":"1","floor":6,"key":"LIFT"},{"data":"2","floor":8,"key":"LIFT"},{"data":"3","floor":15,"key":"LIFT"},{"data":"Double Tap","floor":23,"key":"SMITH"},{"data":"Heavy Blade","floor":25,"key":"SMITH"},{"data":"Bash","floor":28,"key":"SMITH"},{"data":"Shockwave","floor":32,"key":"SMITH"},{"data":"Immolate","floor":40,"key":"SMITH"},{"data":"Sword Boomerang","floor":42,"key":"SMITH"},{"data":"Sword Boomerang","floor":44,"key":"SMITH"},{"data":"Flame Barrier","floor":49,"key":"SMITH"}],"neow_cost":"PERCENT_DAMAGE","seed_source_timestamp":16620448200205,"circlet_count":0,"master_deck":["Strike_R","Strike_R","Strike_R","Strike_R","Bash+1","Clash","Flame Barrier+1","Shockwave+1","Cleave","Heavy Blade+1","Seeing Red","Double Tap+1","Sword Boomerang+1","Sword Boomerang+1","Heavy Blade+1","Thunderclap","Headbutt","Immolate+1","Sword Boomerang+1","Clash+1","Sword Boomerang+1"],"relics":["Burning Blood","Girya","Darkstone Periapt","Brimstone","Velvet Choker","Bottled Flame","Philosopher\u0027s Stone","Bronze Scales","Pen Nib","Self Forming Clay"],"potions_floor_usage":[16,16,20,33,50,50],"damage_taken":[{"damage":1,"enemies":"Jaw Worm","floor":1,"turns":5},{"damage":0,"enemies":"Small Slimes","floor":2,"turns":3},{"damage":1,"enemies":"Cultist","floor":7,"turns":3},{"damage":7,"enemies":"Looter","floor":11,"turns":3},{"damage":8,"enemies":"Gremlin Gang","floor":12,"turns":2},{"damage":8,"enemies":"Blue Slaver","floor":13,"turns":3},{"damage":5,"enemies":"Large Slime","floor":14,"turns":4},{"damage":37,"enemies":"Hexaghost","floor":16,"turns":5},{"damage":6,"enemies":"Shell Parasite","floor":18,"turns":2},{"damage":1,"enemies":"3 Byrds","floor":20,"turns":2},{"damage":8,"enemies":"3 Cultists","floor":21,"turns":3},{"damage":24,"enemies":"Snake Plant","floor":24,"turns":2},{"damage":0,"enemies":"Snecko","floor":27,"turns":2},{"damage":0,"enemies":"Sentry and Sphere","floor":30,"turns":1},{"damage":0,"enemies":"Centurion and Healer","floor":31,"turns":2},{"damage":15,"enemies":"Champ","floor":33,"turns":4},{"damage":5,"enemies":"3 Darklings","floor":35,"turns":2},{"damage":0,"enemies":"Orb Walker","floor":38,"turns":1},{"damage":0,"enemies":"Writhing Mass","floor":39,"turns":1},{"damage":8,"enemies":"Maw","floor":45,"turns":3},{"damage":0,"enemies":"Jaw Worm Horde","floor":46,"turns":2},{"damage":0,"enemies":"3 Darklings","floor":47,"turns":2},{"damage":5,"enemies":"4 Shapes","floor":48,"turns":2},{"damage":40,"enemies":"Time Eater","floor":50,"turns":3}],"seed_played":"6850177150447746813","potions_obtained":[{"floor":1,"key":"Block Potion"},{"floor":2,"key":"LiquidBronze"},{"floor":11,"key":"Swift Potion"},{"floor":16,"key":"LiquidBronze"},{"floor":21,"key":"Swift Potion"},{"floor":27,"key":"Fire Potion"},{"floor":33,"key":"SkillPotion"},{"floor":38,"key":"Strength Potion"}],"is_trial":false,"path_per_floor":["M","M","?","?","?","R","M","R","T","$","M","M","M","M","R","B",null,"M","?","M","M","?","R","M","R","T","M","R","?","M","M","R","B",null,"M","?","?","M","M","R","$","R","T","R","M","M","M","M","R","B",null],"character_chosen":"IRONCLAD","items_purchased":["Brimstone","Bronze Scales","Pen Nib"],"campfire_rested":0,"item_purchase_floors":[10,41,41],"current_hp_per_floor":[61,67,67,67,67,67,72,72,72,72,71,69,67,68,68,37,80,80,80,80,78,63,63,45,45,45,51,51,51,57,63,63,54,85,85,81,81,81,81,81,81,81,81,81,79,81,81,81,81,47],"gold":199,"neow_bonus":"ONE_RARE_RELIC","is_prod":false,"is_daily":false,"chose_seed":false,"campfire_upgraded":8,"win_rate":0,"timestamp":1554933870,"path_taken":["M","M","?","?","?","R","M","R","T","$","?","M","M","M","R","BOSS","M","?","M","?","?","R","M","R","T","M","R","?","M","?","R","BOSS","M","?","?","M","M","R","$","R","T","R","M","M","M","?","R","BOSS"],"build_version":"2019-01-23","purchased_purges":2,"victory":true,"max_hp_per_floor":[80,80,80,80,80,80,80,80,80,80,80,80,80,80,80,80,80,80,80,80,80,85,85,85,85,85,85,85,85,85,85,85,85,85,85,81,81,81,81,81,81,81,81,81,81,81,81,81,81,81],"card_choices":[{"not_picked":["Rage","Armaments"],"picked":"Clash","floor":1},{"not_picked":["Thunderclap","Body Slam"],"picked":"Flame Barrier","floor":2},{"not_picked":["Shockwave","Iron Wave","Seeing Red"],"picked":"SKIP","floor":7},{"not_picked":["Iron Wave","Seeing Red"],"picked":"Shockwave","floor":7},{"not_picked":["Body Slam","Carnage"],"picked":"Cleave","floor":11},{"not_picked":["Power Through","Rupture","Second Wind"],"picked":"SKIP","floor":12},{"not_picked":["Searing Blow","Twin Strike"],"picked":"Heavy Blade","floor":13},{"not_picked":["Shockwave","Dark Embrace"],"picked":"Seeing Red","floor":14},{"not_picked":["Feed","Brutality"],"picked":"Double Tap","floor":16},{"not_picked":["Body Slam","Seeing Red+1"],"picked":"Sword Boomerang","floor":18},{"not_picked":["Intimidate","True Grit+1"],"picked":"Sword Boomerang","floor":20},{"not_picked":["Perfected Strike+1","True Grit"],"picked":"Heavy Blade+1","floor":21},{"not_picked":["Pommel Strike","Demon Form"],"picked":"Thunderclap","floor":24},{"not_picked":["Dual Wield","Feel No Pain+1"],"picked":"Headbutt","floor":27},{"not_picked":["Iron Wave","Intimidate+1","Pommel Strike"],"picked":"SKIP","floor":30},{"not_picked":["Pommel Strike","Metallicize","Feel No Pain"],"picked":"SKIP","floor":31},{"not_picked":["Double Tap","Exhume"],"picked":"Immolate","floor":33},{"not_picked":["Second Wind","Shrug It Off+1"],"picked":"Sword Boomerang+1","floor":35},{"not_picked":["Seeing Red","Sentinel"],"picked":"Clash+1","floor":38},{"not_picked":["Sword Boomerang","Dropkick+1","Dual Wield+1"],"picked":"SKIP","floor":39},{"not_picked":["Blood for Blood+1","Anger"],"picked":"Sword Boomerang+1","floor":45},{"not_picked":["Sentinel","Armaments+1","Clothesline"],"picked":"SKIP","floor":46},{"not_picked":["Seeing Red+1","Havoc","Body Slam"],"picked":"SKIP","floor":47},{"not_picked":["Shrug It Off","True Grit+1","Pommel Strike"],"picked":"SKIP","floor":48}],"player_experience":1177387,"relics_obtained":[{"floor":9,"key":"Darkstone Periapt"},{"floor":26,"key":"Bottled Flame"},{"floor":43,"key":"Self Forming Clay"}],"event_choices":[{"damage_healed":0,"gold_gain":175,"player_choice":"AGREE","damage_taken":0,"max_hp_gain":0,"max_hp_loss":0,"event_name":"Liars Game","floor":3,"gold_loss":0,"cards_obtained":["Doubt"]},{"cards_removed":["Doubt"],"damage_healed":0,"gold_gain":0,"player_choice":"Forget","damage_taken":0,"max_hp_gain":0,"max_hp_loss":0,"event_name":"Living Wall","floor":4,"gold_loss":0},{"cards_removed":["Defend_R"],"damage_healed":0,"gold_gain":0,"player_choice":"Purged","damage_taken":0,"max_hp_gain":0,"max_hp_loss":0,"event_name":"Purifier","floor":5,"gold_loss":0},{"cards_removed":["Defend_R"],"damage_healed":0,"gold_gain":0,"player_choice":"Purged","damage_taken":0,"max_hp_gain":0,"max_hp_loss":0,"event_name":"Purifier","floor":19,"gold_loss":0},{"damage_healed":0,"gold_gain":0,"player_choice":"Shed Blood","damage_taken":20,"max_hp_gain":5,"max_hp_loss":0,"event_name":"Forgotten Altar","floor":22,"gold_loss":0},{"damage_healed":0,"gold_gain":100,"player_choice":"Pray","damage_taken":0,"max_hp_gain":0,"max_hp_loss":0,"event_name":"Golden Shrine","floor":29,"gold_loss":0},{"damage_healed":0,"gold_gain":0,"player_choice":"Max HP","damage_taken":0,"max_hp_gain":0,"max_hp_loss":4,"event_name":"Winding Halls","floor":36,"gold_loss":0},{"cards_removed":["Defend_R"],"damage_healed":0,"gold_gain":0,"player_choice":"Purged","damage_taken":0,"max_hp_gain":0,"max_hp_loss":0,"event_name":"Purifier","floor":37,"gold_loss":0}],"is_beta":false,"boss_relics":[{"not_picked":["Fusion Hammer","Calling Bell"],"picked":"Velvet Choker"},{"not_picked":["Black Star","Lizard Tail"],"picked":"Philosopher\u0027s Stone"}],"items_purged_floors":[10,41],"is_endless":false,"potions_floor_spawned":[1,2,11,16,21,27,33,38,45],"ascension_level":0}