{"gold_per_floor":[119,119,44,44,2,42,42,83,83,98,111,132,132,146,146,146],"floor_reached":16,"playtime":603,"items_purged":[],"score":320,"play_id":"322108f9-0866-4f14-a2af-5d3383ec7348","local_time":"20190210234452","is_ascension_mode":true,"campfire_choices":[{"data":"Chaos","floor":7,"key":"SMITH"},{"data":"Static Discharge","floor":13,"key":"SMITH"},{"data":"Static Discharge","floor":15,"key":"SMITH"}],"neow_cost":"NONE","seed_source_timestamp":1420203553009900,"circlet_count":0,"master_deck":["AscendersBane","Strike_B","Strike_B","Strike_B","Defend_B","Defend_B","Defend_B","Zap","Dualcast","Leap","Chaos+1","Static Discharge+1","Go for the Eyes","Genetic Algorithm","Gash","Static Discharge+1","Capacitor"],"relics":["Cracked Core","NeowsBlessing","Golden Idol","Blue Candle","Ornamental Fan","Bottled Tornado"],"potions_floor_usage":[16,16],"damage_taken":[{"damage":0,"enemies":"Small Slimes","floor":1,"turns":1},{"damage":0,"enemies":"Lagavulin","floor":6,"turns":1},{"damage":0,"enemies":"3 Sentries","floor":8,"turns":2},{"damage":1,"enemies":"2 Louse","floor":10,"turns":2},{"damage":0,"enemies":"Cultist","floor":11,"turns":4},{"damage":14,"enemies":"Lots of Slimes","floor":12,"turns":3},{"damage":8,"enemies":"Looter","floor":14,"turns":2},{"damage":43,"enemies":"The Guardian","floor":16,"turns":7}],"seed_played":"-8065295837547000213","potions_obtained":[{"floor":11,"key":"GamblersBrew"},{"floor":14,"key":"Strength Potion"}],"is_trial":false,"path_per_floor":["M","?","?","?","$","E","R","E","T","M","M","M","R","M","R","B"],"character_chosen":"DEFECT","items_purchased":["Chaos"],"campfire_rested":0,"item_purchase_floors":[5],"current_hp_per_floor":[64,64,64,64,64,64,64,64,64,63,63,49,49,41,41,0],"gold":146,"neow_bonus":"THREE_ENEMY_KILL","is_prod":false,"is_daily":false,"chose_seed":false,"campfire_upgraded":3,"win_rate":0,"timestamp":1549871092,"path_taken":["M","?","?","?","$","E","R","E","T","M","M","M","R","?","R","BOSS"],"build_version":"2019-02-06","purchased_purges":0,"victory":false,"max_hp_per_floor":[71,64,64,64,64,64,64,64,64,64,64,64,64,64,64,64],"card_choices":[{"not_picked":["Barrage","Compile Driver"],"picked":"Leap","floor":1},{"not_picked":["Stack","Hello World"],"picked":"Static Discharge","floor":6},{"not_picked":["Static Discharge","Leap"],"picked":"Go for the Eyes","floor":8},{"not_picked":["Fusion","Cold Snap"],"picked":"Genetic Algorithm","floor":10},{"not_picked":["BootSequence","Sweeping Beam"],"picked":"Gash","floor":11},{"not_picked":["Barrage","Ball Lightning"],"picked":"Static Discharge","floor":12},{"not_picked":["Redo","Reboot"],"picked":"Capacitor","floor":14}],"player_experience":3257641,"relics_obtained":[{"floor":6,"key":"Blue Candle"},{"floor":8,"key":"Ornamental Fan"},{"floor":9,"key":"Bottled Tornado"}],"event_choices":[{"damage_healed":0,"gold_gain":0,"player_choice":"Lose Max HP","damage_taken":0,"relics_obtained":["Golden Idol"],"max_hp_gain":0,"max_hp_loss":7,"event_name":"Golden Idol","floor":2,"gold_loss":0},{"cards_removed":["Strike_B"],"damage_healed":0,"gold_gain":0,"player_choice":"Card Removal","damage_taken":0,"max_hp_gain":0,"max_hp_loss":0,"event_name":"The Cleric","floor":3,"gold_loss":75},{"cards_removed":["Defend_B"],"damage_healed":0,"gold_gain":0,"player_choice":"Offered Basic","damage_taken":0,"max_hp_gain":0,"max_hp_loss":0,"event_name":"Bonfire Elementals","floor":4,"gold_loss":0}],"is_beta":true,"boss_relics":[],"items_purged_floors":[],"is_endless":false,"potions_floor_spawned":[11,14],"killed_by":"The Guardian","ascension_level":20}