{"gold_per_floor":[361,0,0,25,46,46,62,62,85,85,103,127,168,168],"floor_reached":14,"playtime":719,"items_purged":["Strike_R"],"score":184,"play_id":"3ac4ab36-d4cd-4abf-971c-1d2280e9a3db","local_time":"20190110040208","is_ascension_mode":true,"campfire_choices":[{"data":"Carnage","floor":6.0,"key":"SMITH"},{"data":"Body Slam","floor":8,"key":"SMITH"}],"neow_cost":"TEN_PERCENT_HP_LOSS","seed_source_timestamp":6316321755196500,"circlet_count":0,"master_deck":["AscendersBane","Strike_R","Strike_R","Strike_R","Strike_R","Defend_R","Defend_R","Defend_R","Defend_R","Bash","Carnage+1","Impatience","Inflame","Rage","Cleave","Ghostly Armor+1","Body Slam+1","Metallicize","Limit Break"],"special_seed":0,"relics":["Burning Blood","Membership Card","Golden Idol","Pen Nib","Blood Vial"],"potions_floor_usage":[13,14],"damage_taken":[{"damage":5.0,"enemies":"Small Slimes","floor":1.0,"turns":3.0},{"damage":8.0,"enemies":"Jaw Worm","floor":4.0,"turns":3.0},{"damage":1.0,"enemies":"Cultist","floor":5.0,"turns":3.0},{"damage":0,"enemies":"2 Fungi Beasts","floor":7,"turns":3},{"damage":9,"enemies":"Large Slime","floor":11,"turns":6},{"damage":8,"enemies":"Lots of Slimes","floor":12,"turns":2},{"damage":51,"enemies":"Gremlin Nob","floor":13,"turns":5},{"damage":18,"enemies":"Exordium Thugs","floor":14,"turns":1}],"seed_played":"5029344704969212607","potions_obtained":[{"floor":4.0,"key":"BloodPotion"},{"floor":5.0,"key":"Regen Potion"},{"floor":13,"key":"Ancient Potion"}],"is_trial":false,"path_per_floor":["M","$","?","M","M","R","M","R","T","?","M","M","E","M"],"character_chosen":"IRONCLAD","items_purchased":["Membership Card","Impatience","Inflame","Rage"],"campfire_rested":0,"item_purchase_floors":[2,2,2,2],"current_hp_per_floor":[68,68,45,43,48,48,54,54,54,54,51,49,10,0],"gold":168,"neow_bonus":"TWO_FIFTY_GOLD","is_prod":false,"is_daily":false,"chose_seed":false,"campfire_upgraded":2,"win_rate":0,"timestamp":1547121728,"path_taken":["M","$","?","M","M","R","M","R","T","?","?","M","E","M"],"build_version":"2019-01-09","purchased_purges":1,"victory":false,"max_hp_per_floor":[68,68,68,68,68,68,68,68,68,68,68,68,68,68],"card_choices":[{"not_picked":["Sword Boomerang","True Grit"],"picked":"Carnage","floor":1.0},{"not_picked":["Iron Wave","Twin Strike"],"picked":"Cleave","floor":4.0},{"not_picked":["Sword Boomerang","Cleave"],"picked":"Ghostly Armor","floor":5.0},{"not_picked":["Burning Pact","Second Wind"],"picked":"Body Slam","floor":7},{"not_picked":["Bloodletting","Reckless Charge","Anger"],"picked":"SKIP","floor":11},{"not_picked":["Wild Strike","Body Slam"],"picked":"Metallicize","floor":12},{"not_picked":["Armaments","Cleave"],"picked":"Limit Break","floor":13}],"player_experience":3202949,"relics_obtained":[{"floor":9,"key":"Pen Nib"},{"floor":13,"key":"Blood Vial"}],"event_choices":[{"damage_healed":0.0,"max_hp_gain":0.0,"max_hp_loss":0.0,"gold_gain":0.0,"event_name":"Golden Idol","player_choice":"Take Damage","floor":3.0,"gold_loss":0.0,"damage_taken":23.0,"relics_obtained":["Golden Idol"]},{"damage_healed":0,"gold_gain":0,"player_choice":"Grow","damage_taken":0,"max_hp_gain":0,"max_hp_loss":0,"event_name":"Living Wall","floor":10,"gold_loss":0,"cards_upgraded":["Ghostly Armor"]}],"is_beta":true,"boss_relics":[],"items_purged_floors":[2],"is_endless":false,"potions_floor_spawned":[4,5,13],"killed_by":"Exordium Thugs","ascension_level":20}