{"gold_per_floor":[119,119,119,119,119,144,144,174,174,190,200,213,238,190,190,190],"floor_reached":16,"playtime":477,"items_purged":[],"score":193,"play_id":"2b6726b1-abd9-4d79-9f08-1ec642139c3e","local_time":"20190310195940","is_ascension_mode":true,"campfire_choices":[{"data":"Rupture","floor":7,"key":"SMITH"},{"floor":15,"key":"REST"}],"neow_cost":"NONE","seed_source_timestamp":71700089718079,"circlet_count":0,"master_deck":["Strike_R","Strike_R","Strike_R","Strike_R","Strike_R","Defend_R","Defend_R","Defend_R","Defend_R","Bash","Rupture+1","Ghostly Armor+1","Armaments+1"],"relics":["Burning Blood","NeowsBlessing","Magic Flower","Dodecahedron","Singing Bowl","Meat on the Bone","Bird Faced Urn","Toxic Egg 2","Sundial","Juzu Bracelet"],"potions_floor_usage":[16],"damage_taken":[{"damage":0,"enemies":"Cultist","floor":1,"turns":1},{"damage":0,"enemies":"3 Sentries","floor":6,"turns":2},{"damage":0,"enemies":"Lagavulin","floor":8,"turns":1},{"damage":0,"enemies":"2 Louse","floor":10,"turns":3},{"damage":0,"enemies":"Jaw Worm","floor":11,"turns":3},{"damage":0,"enemies":"3 Louse","floor":12,"turns":3},{"damage":40,"enemies":"Gremlin Nob","floor":13,"turns":5},{"damage":88,"enemies":"The Guardian","floor":16,"turns":22}],"seed_played":"-625633111365584649","potions_obtained":[{"floor":1,"key":"SneckoOil"},{"floor":13,"key":"SkillPotion"}],"is_trial":false,"path_per_floor":["M","T","?","T","?","E","R","E","T","M","M","M","E","?","R","B"],"character_chosen":"IRONCLAD","items_purchased":[],"campfire_rested":1,"item_purchase_floors":[],"current_hp_per_floor":[80,80,68,68,68,77,77,80,80,80,82,84,55,55,80,0],"gold":190,"neow_bonus":"THREE_ENEMY_KILL","is_prod":false,"is_daily":false,"chose_seed":false,"campfire_upgraded":1,"win_rate":0,"timestamp":1552262380,"path_taken":["M","?","?","?","?","E","R","E","T","M","M","?","E","?","R","BOSS"],"build_version":"2019-01-23","purchased_purges":0,"victory":false,"max_hp_per_floor":[80,80,80,80,80,80,80,80,80,80,82,84,86,86,86,86],"card_choices":[{"not_picked":["Rampage","Anger","Havoc"],"picked":"SKIP","floor":1},{"not_picked":["Twin Strike","Feel No Pain"],"picked":"Rupture","floor":6},{"not_picked":["Wild Strike","True Grit"],"picked":"Ghostly Armor","floor":8},{"not_picked":["Headbutt","Body Slam"],"picked":"Armaments+1","floor":10},{"not_picked":["Rupture","Sword Boomerang","Bludgeon"],"picked":"Singing Bowl","floor":11},{"not_picked":["Anger","Twin Strike","Searing Blow"],"picked":"Singing Bowl","floor":12},{"not_picked":["Hemokinesis","Power Through+1","Reckless Charge"],"picked":"Singing Bowl","floor":13}],"player_experience":122974,"relics_obtained":[{"floor":2,"key":"Magic Flower"},{"floor":4,"key":"Singing Bowl"},{"floor":6,"key":"Bird Faced Urn"},{"floor":8,"key":"Toxic Egg 2"},{"floor":9,"key":"Sundial"},{"floor":13,"key":"Juzu Bracelet"}],"event_choices":[{"damage_healed":0,"gold_gain":0,"player_choice":"Success","damage_taken":12,"relics_obtained":["Dodecahedron"],"max_hp_gain":0,"max_hp_loss":0,"event_name":"Scrap Ooze","floor":3,"gold_loss":0},{"damage_healed":0,"gold_gain":0,"player_choice":"Gave Potion","damage_taken":0,"relics_obtained":["Meat on the Bone"],"max_hp_gain":0,"max_hp_loss":0,"event_name":"WeMeetAgain","floor":5,"gold_loss":0},{"damage_healed":0,"gold_gain":0,"player_choice":"Left Gold","damage_taken":0,"max_hp_gain":0,"max_hp_loss":0,"event_name":"World of Goop","floor":14,"gold_loss":48}],"is_beta":false,"boss_relics":[],"items_purged_floors":[],"is_endless":false,"potions_floor_spawned":[1,13],"killed_by":"The Guardian","ascension_level":3}