{"gold_per_floor":[112,24,24,37,49,84,84,109,132,151,180,192,203,203,203,300,300,313,313,180,195,195,195,209,209,260,260,260,89,89,99,99,99],"floor_reached":33,"playtime":1057,"items_purged":["Defend_R","Bash"],"score":267,"play_id":"ca6b2106-0b2d-4035-b26d-444b86d67c46","local_time":"20190211160957","is_ascension_mode":false,"campfire_choices":[{"floor":7,"key":"REST"},{"floor":15,"key":"REST"},{"floor":23,"key":"REST"},{"floor":25,"key":"REST"},{"data":"Hemokinesis","floor":28,"key":"SMITH"},{"data":"Inflame","floor":30,"key":"SMITH"},{"floor":32,"key":"REST"}],"neow_cost":"NONE","seed_source_timestamp":113467647112648,"circlet_count":0,"master_deck":["Strike_R","Strike_R","Strike_R","Strike_R","Strike_R","Defend_R","Defend_R","Defend_R","Hemokinesis+1","Perfected Strike+1","Pommel Strike","Inflame+1","Carnage","Fiend Fire","Madness","Inflame","Headbutt"],"relics":["Burning Blood","NeowsBlessing","Regal Pillow","Smiling Mask","Orichalcum","PreservedInsect","Lizard Tail","Dodecahedron","Potion Belt"],"potions_floor_usage":[16,16,19],"damage_taken":[{"damage":0,"enemies":"Small Slimes","floor":1,"turns":2},{"damage":0,"enemies":"Cultist","floor":4,"turns":1},{"damage":0,"enemies":"2 Louse","floor":5,"turns":1},{"damage":46,"enemies":"3 Sentries","floor":6,"turns":8},{"damage":21,"enemies":"Gremlin Nob","floor":8,"turns":4},{"damage":6,"enemies":"Red Slaver","floor":10,"turns":3},{"damage":27,"enemies":"Lagavulin","floor":11,"turns":6},{"damage":5,"enemies":"2 Fungi Beasts","floor":12,"turns":3},{"damage":13,"enemies":"Large Slime","floor":13,"turns":5},{"damage":80,"enemies":"Hexaghost","floor":16,"turns":10},{"damage":48,"enemies":"3 Byrds","floor":18,"turns":6},{"damage":0,"enemies":"Spheric Guardian","floor":19,"turns":1},{"damage":42,"enemies":"Shelled Parasite and Fungi","floor":21,"turns":7},{"damage":30,"enemies":"Snake Plant","floor":24,"turns":5},{"damage":34,"enemies":"Centurion and Healer","floor":31,"turns":4},{"damage":135,"enemies":"Automaton","floor":33,"turns":9}],"seed_played":"-4290253947407439152","potions_obtained":[{"floor":1,"key":"SkillPotion"},{"floor":3,"key":"Energy Potion"},{"floor":3,"key":"SmokeBomb"},{"floor":12,"key":"Regen Potion"}],"is_trial":false,"path_per_floor":["M","$","?","M","M","E","R","E","T","M","E","M","M","?","R","B",null,"M","M","$","M","?","R","M","R","T","?","R","$","R","M","R","B"],"character_chosen":"IRONCLAD","items_purchased":["Hemokinesis","Shrug It Off","Madness","Inflame","Headbutt"],"campfire_rested":5,"item_purchase_floors":[2,2,20,29,29],"current_hp_per_floor":[80,80,80,80,80,40,79,64,64,64,43,44,37,37,76,7,80,38,44,44,8,8,47,23,62,62,62,62,62,62,34,73,0],"gold":99,"neow_bonus":"THREE_ENEMY_KILL","is_prod":false,"is_daily":false,"chose_seed":false,"campfire_upgraded":2,"win_rate":0,"timestamp":1549919397,"path_taken":["M","$","?","?","M","E","R","E","T","M","E","M","?","?","R","BOSS","M","M","$","M","?","R","?","R","T","?","R","$","R","M","R","BOSS"],"build_version":"2019-01-23","purchased_purges":2,"victory":false,"max_hp_per_floor":[80,80,80,80,80,80,80,80,80,80,80,80,80,80,80,80,80,80,80,80,80,80,80,80,80,80,80,80,80,80,80,80,80],"card_choices":[{"not_picked":["Intimidate","Clothesline","Warcry"],"picked":"SKIP","floor":1},{"not_picked":["Evolve","Whirlwind","Sword Boomerang"],"picked":"SKIP","floor":4},{"not_picked":["Sword Boomerang","Headbutt"],"picked":"Perfected Strike","floor":5},{"not_picked":["Ghostly Armor","Clash"],"picked":"Pommel Strike","floor":6},{"not_picked":["Clash","Juggernaut"],"picked":"Inflame","floor":8},{"not_picked":["Sword Boomerang","Havoc","Flame Barrier"],"picked":"SKIP","floor":10},{"not_picked":["Hemokinesis","True Grit","Sentinel"],"picked":"SKIP","floor":11},{"not_picked":["Dropkick","Battle Trance","Entrench"],"picked":"SKIP","floor":12},{"not_picked":["Shrug It Off","Sword Boomerang"],"picked":"Carnage","floor":13},{"not_picked":["Brutality","Offering"],"picked":"Fiend Fire","floor":16},{"not_picked":["Sentinel","Second Wind","Rage"],"picked":"SKIP","floor":18},{"not_picked":["Feel No Pain","Carnage","Shockwave"],"picked":"SKIP","floor":21},{"not_picked":["Pommel Strike","Body Slam+1","Cleave"],"picked":"SKIP","floor":24},{"not_picked":["Blood for Blood","Searing Blow","Feel No Pain"],"picked":"SKIP","floor":31}],"player_experience":389579,"relics_obtained":[{"floor":6,"key":"Regal Pillow"},{"floor":8,"key":"Smiling Mask"},{"floor":9,"key":"Orichalcum"},{"floor":11,"key":"PreservedInsect"},{"floor":26,"key":"Potion Belt"}],"event_choices":[{"damage_healed":0,"gold_gain":0,"player_choice":"Got Potions","damage_taken":0,"max_hp_gain":0,"max_hp_loss":0,"event_name":"Lab","floor":3,"gold_loss":0},{"damage_healed":0,"gold_gain":0,"player_choice":"Grow","damage_taken":0,"max_hp_gain":0,"max_hp_loss":0,"event_name":"Living Wall","floor":14,"gold_loss":0,"cards_upgraded":["Perfected Strike"]},{"cards_removed":["Shrug It Off"],"damage_healed":0,"gold_gain":0,"player_choice":"Gave Card","damage_taken":0,"relics_obtained":["Dodecahedron"],"max_hp_gain":0,"max_hp_loss":0,"event_name":"WeMeetAgain","floor":22,"gold_loss":0},{"damage_healed":0,"gold_gain":0,"player_choice":"Bought 0 Potions","damage_taken":0,"max_hp_gain":0,"max_hp_loss":0,"event_name":"The Woman in Blue","floor":27,"gold_loss":0}],"is_beta":false,"boss_relics":[{"not_picked":["Orrery","Coffee Dripper"],"picked":"Lizard Tail"}],"items_purged_floors":[20,29],"is_endless":false,"potions_floor_spawned":[1,4,11,12,19],"killed_by":"Automaton","ascension_level":0}