{"gold_per_floor":[110,125,95,111,124,150,164,199,263,32,49,49,81,97,97,173,173,192,107,107,107,126,154,30,30],"floor_reached":25,"playtime":1932,"items_purged":[],"score":425,"play_id":"bafd8e2b-5869-4a31-aa78-16bd693ab34f","local_time":"20190112201218","is_ascension_mode":true,"campfire_choices":[{"data":"Body Slam","floor":12,"key":"SMITH"},{"data":"Shrug It Off","floor":15,"key":"SMITH"}],"neow_cost":"NONE","seed_source_timestamp":279925528840492,"circlet_count":0,"master_deck":["AscendersBane","Strike_R","Strike_R","Strike_R","Strike_R","Strike_R","Defend_R","Defend_R","Defend_R","Defend_R","Bash","Forethought+1","Sword Boomerang","Anger","Cleave","Hemokinesis","Headbutt","Body Slam+1","Iron Wave","Shrug It Off+1","Evolve","Battle Trance+1","Burning Pact","Double Tap","Heavy Blade","Uppercut","Barricade","Flex"],"relics":["Burning Blood","MawBank","Bag of Preparation","Lee\u0027s Waffle","Shuriken","Runic Cube","War Paint","Nloth\u0027s Gift","Ornamental Fan"],"potions_floor_usage":[5,6,7,23,23,24],"damage_taken":[{"damage":1,"enemies":"Cultist","floor":1,"turns":4},{"damage":15,"enemies":"Small Slimes","floor":2,"turns":5},{"damage":0,"enemies":"2 Louse","floor":4,"turns":3},{"damage":10,"enemies":"Lots of Slimes","floor":5,"turns":3},{"damage":33,"enemies":"Lagavulin","floor":6,"turns":7},{"damage":1,"enemies":"Gremlin Gang","floor":7,"turns":2},{"damage":38,"enemies":"Gremlin Nob","floor":8,"turns":4},{"damage":3,"enemies":"Exordium Wildlife","floor":11,"turns":3},{"damage":18,"enemies":"3 Sentries","floor":13,"turns":6},{"damage":11,"enemies":"Large Slime","floor":14,"turns":5},{"damage":23,"enemies":"Slime Boss","floor":16,"turns":8},{"damage":12,"enemies":"3 Byrds","floor":18,"turns":5},{"damage":25,"enemies":"Colosseum Slavers","floor":20,"turns":5},{"damage":8,"enemies":"Chosen","floor":22,"turns":4},{"damage":38,"enemies":"Book of Stabbing","floor":23,"turns":5},{"damage":20,"enemies":"Snecko","floor":25,"turns":4}],"seed_played":"4157125972020154300","potions_obtained":[{"floor":3,"key":"BloodPotion"},{"floor":3,"key":"Block Potion"},{"floor":6,"key":"Energy Potion"},{"floor":13,"key":"SneckoOil"},{"floor":18,"key":"Swift Potion"},{"floor":22,"key":"Energy Potion"}],"is_trial":false,"path_per_floor":["M","M","?","M","M","E","M","E","T","$","M","R","E","M","R","B",null,"M","?","?","?","M","E","$","M"],"character_chosen":"IRONCLAD","items_purchased":["Lee\u0027s Waffle","Shrug It Off","Fruit Juice","Flex"],"campfire_rested":0,"item_purchase_floors":[10,10,24,24],"current_hp_per_floor":[73,64,64,70,66,46,51,19,19,82,82,82,70,65,65,48,74,68,68,49,49,47,15,20,0],"gold":30,"neow_bonus":"RANDOM_COLORLESS","is_prod":false,"is_daily":false,"chose_seed":false,"campfire_upgraded":2,"win_rate":0,"timestamp":1547352738,"path_taken":["M","?","?","M","M","E","M","E","T","?","M","R","E","M","R","BOSS","M","?","?","?","?","E","$","M"],"build_version":"2019-01-10","purchased_purges":0,"victory":false,"max_hp_per_floor":[75,75,75,75,75,75,75,75,75,82,82,82,82,82,82,82,82,82,82,82,82,82,82,87,87],"card_choices":[{"not_picked":["Perfected Strike","Power Through"],"picked":"Sword Boomerang","floor":1},{"not_picked":["Sever Soul","Clash"],"picked":"Anger","floor":2},{"not_picked":["Brutality","Havoc"],"picked":"Cleave","floor":4},{"not_picked":["Searing Blow","Havoc"],"picked":"Hemokinesis","floor":5},{"not_picked":["Thunderclap","Wild Strike"],"picked":"Headbutt","floor":6},{"not_picked":["Twin Strike","Clothesline"],"picked":"Body Slam","floor":7},{"not_picked":["Armaments","Twin Strike"],"picked":"Iron Wave","floor":8},{"not_picked":["Clothesline","Armaments"],"picked":"Evolve","floor":11},{"not_picked":["Power Through","Fiend Fire"],"picked":"Battle Trance","floor":13},{"not_picked":["Intimidate","Armaments"],"picked":"Burning Pact","floor":14},{"not_picked":["Barricade","Impervious"],"picked":"Double Tap","floor":16},{"not_picked":["Warcry","Perfected Strike"],"picked":"Heavy Blade","floor":18},{"not_picked":["Pommel Strike","Cleave"],"picked":"Uppercut","floor":22},{"not_picked":["Juggernaut","Havoc"],"picked":"Barricade","floor":23}],"player_experience":466820,"relics_obtained":[{"floor":6,"key":"Happy Flower"},{"floor":8,"key":"MawBank"},{"floor":9,"key":"Bag of Preparation"},{"floor":13,"key":"Shuriken"},{"floor":23,"key":"Ornamental Fan"}],"event_choices":[{"damage_healed":0,"gold_gain":0,"player_choice":"Bought 2 Potions","damage_taken":0,"max_hp_gain":0,"max_hp_loss":0,"event_name":"The Woman in Blue","floor":3,"gold_loss":0},{"damage_healed":0,"gold_gain":0,"player_choice":"Obtained Relic","damage_taken":0,"relics_obtained":["War Paint"],"max_hp_gain":0,"max_hp_loss":0,"event_name":"Addict","floor":19,"gold_loss":85},{"damage_healed":0,"gold_gain":0,"player_choice":"Fight","damage_taken":0,"max_hp_gain":0,"max_hp_loss":0,"event_name":"Colosseum","floor":20,"gold_loss":0},{"damage_healed":0,"gold_gain":0,"player_choice":"Fled From Nobs","damage_taken":0,"max_hp_gain":0,"max_hp_loss":0,"event_name":"Colosseum","floor":20,"gold_loss":0},{"damage_healed":0,"gold_gain":0,"player_choice":"Traded Relic","damage_taken":0,"relics_obtained":["Nloth\u0027s Gift"],"max_hp_gain":0,"max_hp_loss":0,"event_name":"N\u0027loth","floor":21,"relics_lost":["Happy Flower"],"gold_loss":0}],"is_beta":false,"boss_relics":[{"not_picked":["Empty Cage","Mark of Pain"],"picked":"Runic Cube"}],"items_purged_floors":[],"is_endless":false,"potions_floor_spawned":[4,6,13,18,22],"killed_by":"Snecko","ascension_level":15}