{"gold_per_floor":[111,126,97,107,123,150,150,150,150,42,56,56,83,100,100,204,204,214,214,227,227,227,255,255,271,271,60,95,111,111,111,111,209,209,222,222,222,277,294,329,329,355,355,355,59,59,59,59,59,59,59,59,7,34,34],"floor_reached":55,"playtime":2855,"items_purged":["Strike_B"],"score":780,"play_id":"9a9f1155-0065-41ac-ac1a-f39ec440ddf1","local_time":"20190316032923","is_ascension_mode":true,"campfire_choices":[{"data":"Conserve Battery","floor":7,"key":"SMITH"},{"data":"Zap","floor":15,"key":"SMITH"},{"floor":24,"key":"RECALL"},{"floor":30,"key":"REST"},{"data":"Sunder","floor":32,"key":"SMITH"},{"floor":41,"key":"REST"},{"floor":44,"key":"DIG"},{"floor":46,"key":"DIG"},{"floor":49,"key":"REST"},{"data":"Apotheosis","floor":52,"key":"SMITH"}],"neow_cost":"NONE","seed_source_timestamp":196770542521951,"circlet_count":0,"master_deck":["Defend_B+1","Defend_B","Defend_B","Defend_B+1","Zap+1","Dualcast","Redo+1","Cold Snap","Double Energy","Conserve Battery+1","Defragment+1","Coolheaded","Parasite","Buffer+1","Turbo+1","All For One+1","Static Discharge+1","Tempest+1","Conserve Battery+1","Loop+1","Sunder+1","Storm+1","Defragment+1","Biased Cognition+1","Ball Lightning","Creative AI+1","Self Repair+1","Apotheosis+1","Capacitor+1"],"relics":["Cracked Core","NeowsBlessing","Frozen Egg 2","Mango","Thread and Needle","Astrolabe","NlothsMask","Blood Vial","Oddly Smooth Stone","Bronze Scales","Nuclear Battery","Calipers","Mercury Hourglass","Strawberry","Shovel","Juzu Bracelet","Bottled Lightning","War Paint","Bag of Marbles"],"potions_floor_usage":[6,16,33,38,50,50,50,50,54],"damage_taken":[{"damage":0,"enemies":"2 Louse","floor":1,"turns":1},{"damage":0,"enemies":"Jaw Worm","floor":2,"turns":1},{"damage":0,"enemies":"Cultist","floor":4,"turns":1},{"damage":16,"enemies":"Exordium Wildlife","floor":5,"turns":5},{"damage":40,"enemies":"3 Sentries","floor":6,"turns":15},{"damage":1,"enemies":"Blue Slaver","floor":11,"turns":4},{"damage":5,"enemies":"Gremlin Nob","floor":13,"turns":5},{"damage":3,"enemies":"Lots of Slimes","floor":14,"turns":4},{"damage":12,"enemies":"The Guardian","floor":16,"turns":13},{"damage":0,"enemies":"3 Byrds","floor":18,"turns":6},{"damage":0,"enemies":"Chosen","floor":20,"turns":7},{"damage":30,"enemies":"Gremlin Leader","floor":23,"turns":5},{"damage":10,"enemies":"Sentry and Sphere","floor":25,"turns":5},{"damage":17,"enemies":"Book of Stabbing","floor":28,"turns":4},{"damage":14,"enemies":"Snake Plant","floor":29,"turns":3},{"damage":16,"enemies":"Collector","floor":33,"turns":11},{"damage":3,"enemies":"3 Darklings","floor":35,"turns":3},{"damage":10,"enemies":"2 Orb Walkers","floor":38,"turns":3},{"damage":3,"enemies":"Orb Walker","floor":39,"turns":3},{"damage":46,"enemies":"Reptomancer","floor":40,"turns":5},{"damage":9,"enemies":"Giant Head","floor":42,"turns":7},{"damage":67,"enemies":"Donu and Deca","floor":50,"turns":7},{"damage":37,"enemies":"Shield and Spear","floor":54,"turns":5},{"damage":59,"enemies":"The Heart","floor":55,"turns":3}],"seed_played":"2256909503530451873","potions_obtained":[{"floor":4,"key":"Energy Potion"},{"floor":5,"key":"Block Potion"},{"floor":6,"key":"SpeedPotion"},{"floor":13,"key":"LiquidBronze"},{"floor":29,"key":"Fire Potion"},{"floor":33,"key":"Strength Potion"},{"floor":35,"key":"Block Potion"},{"floor":39,"key":"EntropicBrew"},{"floor":42,"key":"AttackPotion"}],"is_trial":false,"path_per_floor":["M","M","?","M","M","E","R","?","T","$","M","?","E","M","R","B",null,"M","?","M","?","?","E","R","M","T","$","E","M","R","T","R","B",null,"M","?","?","?","M","E","R","E","T","R","$","R","?","$","R","B",null,"R","$","E","B"],"character_chosen":"DEFECT","items_purchased":["Defragment+1","Storm+1","Oddly Smooth Stone","Bottled Lightning","Self Repair+1","SkillPotion"],"campfire_rested":3,"item_purchase_floors":[10,27,27,45,45,53],"current_hp_per_floor":[75,75,75,75,59,19,19,4,18,18,17,39,34,31,31,19,89,89,81,81,81,81,51,51,43,43,43,28,16,42,42,42,28,89,86,85,85,75,74,30,55,55,55,55,55,55,55,55,82,17,92,92,92,55,0],"gold":34,"neow_bonus":"THREE_ENEMY_KILL","is_prod":false,"is_daily":false,"chose_seed":false,"campfire_upgraded":4,"win_rate":0,"timestamp":1552721363,"path_taken":["M","M","?","M","M","E","R","?","T","$","M","?","E","M","R","BOSS","M","?","?","?","?","E","R","M","T","$","E","?","R","?","R","BOSS","M","?","?","?","M","E","R","E","T","R","$","R","?","$","R","BOSS","R","$","E","BOSS"],"build_version":"2019-01-23","purchased_purges":1,"victory":false,"max_hp_per_floor":[75,75,75,75,75,75,75,75,89,89,89,89,89,89,89,89,89,89,89,89,89,89,89,89,89,89,89,89,89,89,89,89,89,89,89,85,85,85,85,85,85,92,92,92,92,92,92,92,92,92,92,92,92,92,92],"card_choices":[{"not_picked":["Undo","Genetic Algorithm"],"picked":"Redo","floor":1},{"not_picked":["Sweeping Beam","Scrape","Steam"],"picked":"SKIP","floor":2},{"not_picked":["Streamline","Go for the Eyes"],"picked":"Cold Snap","floor":4},{"not_picked":["Undo","Darkness"],"picked":"Double Energy","floor":5},{"not_picked":["Turbo","Double Energy"],"picked":"Conserve Battery","floor":6},{"not_picked":["Steam","Gash"],"picked":"Coolheaded","floor":11},{"not_picked":["Fission","Gash","Redo"],"picked":"SKIP","floor":13},{"not_picked":["FTL","Fusion","Reprogram"],"picked":"SKIP","floor":14},{"not_picked":["Biased Cognition+1","Thunder Strike"],"picked":"Buffer+1","floor":16},{"not_picked":["Stack","Go for the Eyes"],"picked":"Tempest","floor":18},{"not_picked":["Darkness","Steam"],"picked":"Conserve Battery+1","floor":20},{"not_picked":["Gash","Coolheaded"],"picked":"Sunder","floor":23},{"not_picked":["Turbo","Lockon","Hello World+1"],"picked":"SKIP","floor":25},{"not_picked":["Hologram","Darkness","Rebound"],"picked":"SKIP","floor":28},{"not_picked":["Streamline","Barrage"],"picked":"Defragment+1","floor":29},{"not_picked":["Fission","Amplify"],"picked":"Biased Cognition+1","floor":33},{"not_picked":["Stack","Double Energy","Sweeping Beam"],"picked":"SKIP","floor":35},{"not_picked":["Gash","Hologram"],"picked":"Ball Lightning","floor":38},{"not_picked":["FTL+1","Hologram+1","Skim"],"picked":"SKIP","floor":39},{"not_picked":["Cold Snap+1","Steam"],"picked":"Creative AI+1","floor":40},{"not_picked":["Hello World+1","Turbo","Stack+1"],"picked":"SKIP","floor":42},{"not_picked":["Mind Blast","Finesse"],"picked":"Apotheosis","floor":47},{"not_picked":["Hologram+1","Sweeping Beam"],"picked":"Capacitor+1","floor":54}],"player_experience":152439,"relics_obtained":[{"floor":6,"key":"Frozen Egg 2"},{"floor":9,"key":"Mango"},{"floor":13,"key":"Thread and Needle"},{"floor":23,"key":"Blood Vial"},{"floor":28,"key":"Bronze Scales"},{"floor":38,"key":"Calipers"},{"floor":40,"key":"Mercury Hourglass"},{"floor":42,"key":"Strawberry"},{"floor":43,"key":"Shovel"},{"floor":44,"key":"Juzu Bracelet"},{"floor":46,"key":"War Paint"},{"floor":54,"key":"Bag of Marbles"}],"event_choices":[{"damage_healed":0,"gold_gain":0,"player_choice":"Left Gold","damage_taken":0,"max_hp_gain":0,"max_hp_loss":0,"event_name":"World of Goop","floor":3,"gold_loss":29},{"damage_healed":0,"gold_gain":0,"player_choice":"Entered Light","damage_taken":15,"max_hp_gain":0,"max_hp_loss":0,"event_name":"Shining Light","floor":8,"gold_loss":0,"cards_upgraded":["Defend_B","Redo"]},{"damage_healed":22,"gold_gain":0,"player_choice":"Healed and dodged fight","damage_taken":0,"max_hp_gain":0,"max_hp_loss":0,"event_name":"Mushrooms","floor":12,"gold_loss":0,"cards_obtained":["Parasite"]},{"damage_healed":0,"gold_gain":0,"player_choice":"","damage_taken":8,"max_hp_gain":0,"max_hp_loss":0,"event_name":"Knowing Skull","floor":19,"potions_obtained":[],"gold_loss":0,"cards_obtained":[]},{"damage_healed":0,"gold_gain":0,"player_choice":"Read","damage_taken":0,"max_hp_gain":0,"max_hp_loss":0,"event_name":"The Library","floor":21,"gold_loss":0,"cards_obtained":["Loop"]},{"damage_healed":0,"gold_gain":0,"player_choice":"Trade","damage_taken":0,"relics_obtained":["NlothsMask"],"max_hp_gain":0,"max_hp_loss":0,"event_name":"FaceTrader","floor":22,"gold_loss":0},{"damage_healed":0,"gold_gain":0,"player_choice":"Max HP","damage_taken":0,"max_hp_gain":0,"max_hp_loss":4,"event_name":"Winding Halls","floor":36,"gold_loss":0},{"damage_healed":0,"gold_gain":0,"player_choice":"Ignored","damage_taken":0,"max_hp_gain":0,"max_hp_loss":0,"event_name":"Tomb of Lord Red Mask","floor":37,"gold_loss":0},{"damage_healed":0,"gold_gain":0,"player_choice":"Fight","damage_taken":0,"max_hp_gain":0,"max_hp_loss":0,"event_name":"Mysterious Sphere","floor":38,"gold_loss":0},{"damage_healed":0,"gold_gain":0,"player_choice":"Memory 1","damage_taken":0,"max_hp_gain":0,"max_hp_loss":0,"event_name":"SensoryStone","floor":47,"gold_loss":0}],"is_beta":false,"boss_relics":[{"not_picked":["Lizard Tail","FrozenCore"],"picked":"Astrolabe"},{"not_picked":["Tiny House","Empty Cage"],"picked":"Nuclear Battery"}],"items_purged_floors":[10],"is_endless":false,"potions_floor_spawned":[4,5,6,13,29,33,35,39,42],"killed_by":"The Heart","ascension_level":1}