{"gold_per_floor":[118,118,132,132,153,153,193,193,193,193,214,233,36,49,49,170,170,185,185,185,204,224,224,251,284,335,260,260,280,280,306,306,407,407,420,436,436,95,111,111,139,139,165,185,185,185,237,250,250,250],"floor_reached":51,"playtime":3119,"items_purged":[],"score":723,"play_id":"94040dec-7e1e-4510-9b25-b24f03dfe879","local_time":"20190407015638","is_ascension_mode":true,"campfire_choices":[{"data":"Endless Agony","floor":6.0,"key":"SMITH"},{"floor":8.0,"key":"REST"},{"floor":10.0,"key":"REST"},{"floor":15.0,"key":"REST"},{"data":"Apotheosis","floor":23.0,"key":"SMITH"},{"floor":28.0,"key":"REST"},{"data":"Accuracy","floor":30.0,"key":"SMITH"},{"data":"Blade Dance","floor":32.0,"key":"SMITH"},{"data":"A Thousand Cuts","floor":40.0,"key":"SMITH"},{"floor":42.0,"key":"REST"},{"data":"Blade Dance","floor":46.0,"key":"SMITH"},{"data":"Adrenaline","floor":49,"key":"SMITH"}],"neow_cost":"NONE","seed_source_timestamp":0,"circlet_count":0,"master_deck":["Defend_G","Defend_G","Defend_G","Strike_G","Strike_G","Strike_G","Survivor","Neutralize","Endless Agony+1","Deflect","PiercingWail","Blade Dance+1","Apotheosis+1","Blade Dance+1","Backstab","Adrenaline+1","After Image+1","Flying Knee+1","All Out Attack+1","Sucker Punch","Accuracy+1","Tactician","Cloak And Dagger","Escape Plan","Underhanded Strike+1","Cloak And Dagger+1","Bandage Up","A Thousand Cuts+1","Outmaneuver+1"],"special_seed":0,"relics":["Ring of the Snake","NeowsBlessing","Bloody Idol","Nunchaku","Ninja Scroll","Astrolabe","Vajra","Dodecahedron","Bronze Scales","Pen Nib","Runic Pyramid","Kunai","Blood Vial","Regal Pillow","Ginger"],"potions_floor_usage":[50,50,50,50],"damage_taken":[{"damage":0.0,"enemies":"Jaw Worm","floor":1.0,"turns":1.0},{"damage":0.0,"enemies":"2 Louse","floor":3.0,"turns":1.0},{"damage":0.0,"enemies":"Small Slimes","floor":5.0,"turns":1.0},{"damage":48.0,"enemies":"Gremlin Nob","floor":7.0,"turns":6.0},{"damage":10.0,"enemies":"Exordium Thugs","floor":11.0,"turns":5.0},{"damage":12.0,"enemies":"Exordium Wildlife","floor":12.0,"turns":6.0},{"damage":0.0,"enemies":"Looter","floor":14.0,"turns":2.0},{"damage":5.0,"enemies":"The Guardian","floor":16.0,"turns":16.0},{"damage":0.0,"enemies":"Spheric Guardian","floor":18.0,"turns":3.0},{"damage":0.0,"enemies":"3 Byrds","floor":21.0,"turns":4.0},{"damage":1.0,"enemies":"3 Cultists","floor":22.0,"turns":4.0},{"damage":41.0,"enemies":"Gremlin Leader","floor":25.0,"turns":8.0},{"damage":0.0,"enemies":"Shelled Parasite and Fungi","floor":29.0,"turns":2.0},{"damage":1.0,"enemies":"Book of Stabbing","floor":31.0,"turns":3.0},{"damage":27.0,"enemies":"Collector","floor":33.0,"turns":7.0},{"damage":0.0,"enemies":"Orb Walker","floor":35.0,"turns":3.0},{"damage":0.0,"enemies":"3 Shapes","floor":36.0,"turns":2.0},{"damage":20.0,"enemies":"Sphere and 2 Shapes","floor":39.0,"turns":4.0},{"damage":31.0,"enemies":"Nemesis","floor":41.0,"turns":5.0},{"damage":2.0,"enemies":"3 Darklings","floor":44.0,"turns":4.0},{"damage":13.0,"enemies":"2 Orb Walkers","floor":47.0,"turns":4.0},{"damage":8.0,"enemies":"Maw","floor":48.0,"turns":5.0},{"damage":34,"enemies":"Donu and Deca","floor":50,"turns":9}],"seed_played":"2579891856552580904","potions_obtained":[{"floor":11.0,"key":"EntropicBrew"},{"floor":12.0,"key":"Weak Potion"},{"floor":16.0,"key":"SteroidPotion"},{"floor":22.0,"key":"LiquidBronze"},{"floor":31.0,"key":"Fire Potion"},{"floor":35.0,"key":"GamblersBrew"}],"is_trial":false,"path_per_floor":["M","?","M","?","M","R","E","R","T","R","M","M","$","M","R","B",null,"M","?","?","M","M","R","T","E","T","?","R","M","R","E","R","B",null,"M","M","?","$","M","R","E","R","T","M","$","R","?","M","R","B",null],"character_chosen":"THE_SILENT","items_purchased":["Apotheosis","Blade Dance","A Thousand Cuts","Kunai"],"campfire_rested":5,"item_purchase_floors":[13,13,38,38],"current_hp_per_floor":[70,70,70,53,53,53,5,26,26,47,37,25,25,25,46,41,70,70,70,70,70,70,70,70,34,39,39,60,65,65,69,69,47,70,70,70,70,70,55,55,35,56,61,70,70,70,62,67,67,39],"gold":250,"neow_bonus":"THREE_ENEMY_KILL","is_prod":false,"is_daily":false,"chose_seed":false,"campfire_upgraded":7,"win_rate":0,"timestamp":1554616598,"path_taken":["M","?","M","?","M","R","E","R","T","R","M","M","?","M","R","BOSS","M","?","?","?","M","R","?","E","T","?","R","M","R","E","R","BOSS","M","M","?","$","M","R","E","R","T","M","$","R","?","M","R","BOSS"],"build_version":"2019-01-23","purchased_purges":0,"victory":true,"max_hp_per_floor":[70,70,70,70,70,70,70,70,70,70,70,70,70,70,70,70,70,70,70,70,70,70,70,70,70,70,70,70,70,70,70,70,70,70,70,70,70,70,70,70,70,70,70,70,70,70,70,70,70,70],"card_choices":[{"not_picked":["Outmaneuver","Acrobatics"],"picked":"Endless Agony","floor":1.0},{"not_picked":["Underhanded Strike","Blur","Finisher"],"picked":"SKIP","floor":3.0},{"not_picked":["Underhanded Strike","Masterful Stab"],"picked":"Deflect","floor":5.0},{"not_picked":["Infinite Blades","Caltrops"],"picked":"PiercingWail","floor":7.0},{"not_picked":["Dagger Throw","Cloak And Dagger"],"picked":"Blade Dance","floor":11.0},{"not_picked":["Poisoned Stab","Blur","Flechettes"],"picked":"SKIP","floor":12.0},{"not_picked":["Poisoned Stab","Sucker Punch"],"picked":"Backstab","floor":14.0},{"not_picked":["Bullet Time","Corpse Explosion"],"picked":"Adrenaline","floor":16.0},{"not_picked":["Dagger Spray+1","Footwork"],"picked":"Sucker Punch","floor":18.0},{"not_picked":["Poisoned Stab","Dagger Spray+1"],"picked":"Tactician","floor":21.0},{"not_picked":["Expertise","Slice"],"picked":"Cloak And Dagger","floor":22.0},{"not_picked":["Bouncing Flask+1","Dagger Spray"],"picked":"Escape Plan","floor":25.0},{"not_picked":["Slice","Backstab","Blade Dance"],"picked":"SKIP","floor":29.0},{"not_picked":["Backstab","Deadly Poison","Choke+1"],"picked":"SKIP","floor":31.0},{"not_picked":["Sucker Punch+1","Quick Slash+1"],"picked":"Underhanded Strike+1","floor":35.0},{"not_picked":["Reflex","Expertise"],"picked":"Cloak And Dagger+1","floor":36.0},{"not_picked":["Discovery","Impatience"],"picked":"Bandage Up","floor":37.0},{"not_picked":["Bane+1","Endless Agony","Dagger Spray"],"picked":"SKIP","floor":39.0},{"not_picked":["Bouncing Flask","PiercingWail+1","Sucker Punch"],"picked":"SKIP","floor":41.0},{"not_picked":["Underhanded Strike","Escape Plan+1","Choke"],"picked":"SKIP","floor":44.0},{"not_picked":["Adrenaline","Deadly Poison+1"],"picked":"Outmaneuver+1","floor":48.0}],"player_experience":216610,"relics_obtained":[{"floor":7.0,"key":"Nunchaku"},{"floor":9.0,"key":"Ninja Scroll"},{"floor":24.0,"key":"Vajra"},{"floor":25.0,"key":"Dodecahedron"},{"floor":26.0,"key":"Bronze Scales"},{"floor":31.0,"key":"Pen Nib"},{"floor":41.0,"key":"Blood Vial"},{"floor":43.0,"key":"Regal Pillow"},{"floor":47.0,"key":"Ginger"}],"event_choices":[{"damage_healed":0.0,"max_hp_gain":0.0,"max_hp_loss":0.0,"gold_gain":0.0,"event_name":"Liars Game","player_choice":"Ignored","floor":2.0,"gold_loss":0.0,"damage_taken":0.0},{"damage_healed":0.0,"max_hp_gain":0.0,"max_hp_loss":0.0,"gold_gain":0.0,"event_name":"Golden Idol","player_choice":"Take Damage","floor":4.0,"gold_loss":0.0,"damage_taken":17.0,"relics_obtained":["Golden Idol"]},{"damage_healed":0.0,"max_hp_gain":0.0,"max_hp_loss":0.0,"gold_gain":0.0,"event_name":"Forgotten Altar","player_choice":"Gave Idol","floor":19.0,"relics_lost":["Golden Idol"],"gold_loss":0.0,"damage_taken":0.0,"relics_obtained":["Bloody Idol"]},{"damage_healed":0.0,"max_hp_gain":0.0,"max_hp_loss":0.0,"gold_gain":0.0,"event_name":"The Library","player_choice":"Read","floor":20.0,"gold_loss":0.0,"damage_taken":0.0,"cards_obtained":["Accuracy"]},{"cards_removed":["Defend_G"],"damage_healed":0.0,"max_hp_gain":0.0,"max_hp_loss":0.0,"gold_gain":0.0,"event_name":"Beggar","player_choice":"Gave Gold","floor":27.0,"gold_loss":75.0,"damage_taken":0.0},{"damage_healed":0.0,"max_hp_gain":0.0,"max_hp_loss":0.0,"gold_gain":0.0,"event_name":"SensoryStone","player_choice":"Memory 1","floor":37.0,"gold_loss":0.0,"damage_taken":0.0},{"damage_healed":0.0,"max_hp_gain":0.0,"max_hp_loss":0.0,"gold_gain":0.0,"event_name":"Mysterious Sphere","player_choice":"Fight","floor":47.0,"gold_loss":0.0,"damage_taken":0.0}],"is_beta":false,"boss_relics":[{"not_picked":["Sozu","Runic Dome"],"picked":"Astrolabe"},{"not_picked":["Orrery","Velvet Choker"],"picked":"Runic Pyramid"}],"items_purged_floors":[],"is_endless":false,"potions_floor_spawned":[11,12,16,22,29,31,35],"ascension_level":1}