{"gold_per_floor":[114,126,126,136,150,150,183,183,183,183,202,217,217,228,228,228],"floor_reached":16,"playtime":2506,"items_purged":[],"score":104,"play_id":"4fdf2d29-2326-4838-ba6d-0225ce9e2db5","local_time":"20180709182609","daily_mods":["Diverse","Heirloom"],"is_ascension_mode":false,"campfire_choices":[{"data":"Dash","floor":6,"key":"SMITH"},{"floor":10,"key":"REST"},{"data":"Perfected Strike","floor":13,"key":"SMITH"},{"data":"Conserve Battery","floor":15,"key":"SMITH"}],"neow_cost":"","seed_source_timestamp":0,"circlet_count":0,"master_deck":["Strike_R","Strike_R","Strike_R","Strike_R","Strike_R","Defend_R","Defend_R","Defend_R","Bash","Dash+1","Conserve Battery+1","Perfected Strike+1"],"relics":["Burning Blood","Dead Branch","Dodecahedron","Smiling Mask"],"potions_floor_usage":[7,7,16,16],"damage_taken":[{"damage":5,"enemies":"Cultist","floor":1,"turns":4},{"damage":1,"enemies":"2 Louse","floor":2,"turns":4},{"damage":5,"enemies":"Small Slimes","floor":4,"turns":4},{"damage":13,"enemies":"3 Louse","floor":5,"turns":4},{"damage":34,"enemies":"Lagavulin","floor":7,"turns":7},{"damage":10,"enemies":"Looter","floor":11,"turns":3},{"damage":20,"enemies":"Large Slime","floor":12,"turns":7},{"damage":0,"enemies":"2 Fungi Beasts","floor":14,"turns":3},{"damage":75,"enemies":"The Guardian","floor":16,"turns":10}],"seed_played":"2857806644832038500","potions_obtained":[{"floor":4,"key":"BloodPotion"},{"floor":5,"key":"Strength Potion"},{"floor":11,"key":"SkillPotion"},{"floor":12,"key":"Explosive Potion"}],"is_trial":true,"path_per_floor":["M","M","?","M","M","R","E","?","T","R","M","M","R","M","R"],"character_chosen":"IRONCLAD","items_purchased":[],"campfire_rested":1,"item_purchase_floors":[],"current_hp_per_floor":[80,80,85,85,78,78,58,58,58,83,79,65,65,71,71,0],"gold":228,"neow_bonus":"","is_prod":false,"is_daily":false,"chose_seed":false,"campfire_upgraded":3,"win_rate":0.0,"timestamp":1531175169,"path_taken":["M","?","?","M","M","R","E","?","T","R","M","M","R","M","R","BOSS"],"build_version":"2018-07-05","purchased_purges":0,"victory":false,"max_hp_per_floor":[80,80,85,85,85,85,85,85,85,85,85,85,85,85,85,85],"card_choices":[{"not_picked":["Rebound","Blizzard"],"picked":"Dash","floor":1},{"not_picked":["Iron Wave","Redo","Rip and Tear"],"picked":"SKIP","floor":2},{"not_picked":["Leap","Blizzard"],"picked":"Conserve Battery","floor":4},{"not_picked":["Feel No Pain","Accuracy","Streamline"],"picked":"SKIP","floor":5},{"not_picked":["Quick Slash","Go for the Eyes"],"picked":"Perfected Strike","floor":7},{"not_picked":["Dagger Throw","Rupture","Warcry"],"picked":"SKIP","floor":11},{"not_picked":["Anger","Cleave","Prepared"],"picked":"SKIP","floor":12},{"not_picked":["Dagger Spray","Underhanded Strike","Warcry"],"picked":"SKIP","floor":14}],"player_experience":215961,"relics_obtained":[{"floor":7,"key":"Dodecahedron"},{"floor":9,"key":"Smiling Mask"}],"event_choices":[{"event_name":"Big Fish","player_choice":"Donut","floor":3,"damage_taken":0},{"event_name":"Living Wall","player_choice":"Forget","floor":8,"damage_taken":0}],"boss_relics":[],"items_purged_floors":[],"is_endless":false,"potions_floor_spawned":[4,5,11,12],"killed_by":"The Guardian","ascension_level":0}