{"gold_per_floor":[112,124,142,67,85,85,114,142,166,166,166,182,193,203,203,300,300,317,317,342,362,362,362,362,362,443,255,255,265,265,283,283,381,381,397,410,426,648,648,648,665,665,665,696,708,730,742,773,785,797],"floor_reached":50,"playtime":3357,"items_purged":["Bouncing Flask","Skim"],"score":474,"play_id":"2f7b5300-faea-4e7a-b2e5-16754571f2bd","local_time":"20180720182458","daily_mods":["Draft","Diverse","Heirloom"],"is_ascension_mode":false,"campfire_choices":[{"data":"Endless Agony","floor":6.0,"key":"SMITH"},{"data":"Rampage","floor":15.0,"key":"SMITH"},{"data":"Seek","floor":23.0,"key":"SMITH"},{"data":"Go for the Eyes","floor":25.0,"key":"SMITH"},{"data":"Streamline","floor":28.0,"key":"SMITH"},{"data":"Slice","floor":30.0,"key":"SMITH"},{"floor":32.0,"key":"REST"},{"floor":40,"key":"REST"},{"floor":42,"key":"REST"},{"floor":47,"key":"REST"},{"floor":49,"key":"REST"}],"neow_cost":"","seed_source_timestamp":0,"circlet_count":0,"master_deck":["Go for the Eyes+1","Gash","Cloak And Dagger","Glacier","Outmaneuver","Streamline+1","Slice+1","Pommel Strike","Rampage+1","Conserve Battery","Endless Agony+1","Backflip","Dash","Shrug It Off","Headbutt","Acrobatics","Seek+1","Wild Strike+1","Dramatic Entrance"],"special_seed":0,"relics":["Black Blood","Mango","Orichalcum","Bag of Marbles","Ginger","Busted Crown","Red Mask","Nloth\u0027s Gift","Self Forming Clay","Question Card","MawBank"],"potions_floor_usage":[44,50],"damage_taken":[{"damage":5.0,"enemies":"Jaw Worm","floor":1.0,"turns":3.0},{"damage":0.0,"enemies":"Small Slimes","floor":2.0,"turns":3.0},{"damage":0.0,"enemies":"Cultist","floor":3.0,"turns":3.0},{"damage":0.0,"enemies":"3 Louse","floor":5.0,"turns":3.0},{"damage":9.0,"enemies":"3 Sentries","floor":7.0,"turns":4.0},{"damage":6.0,"floor":8.0,"turns":5.0},{"damage":0.0,"enemies":"Looter","floor":12.0,"turns":2.0},{"damage":8.0,"enemies":"Red Slaver","floor":13.0,"turns":2.0},{"damage":3.0,"enemies":"Exordium Thugs","floor":14.0,"turns":3.0},{"damage":52.0,"enemies":"Hexaghost","floor":16.0,"turns":10.0},{"damage":11.0,"enemies":"3 Byrds","floor":18.0,"turns":6.0},{"damage":14.0,"floor":20.0,"turns":4.0},{"damage":0.0,"enemies":"Spheric Guardian","floor":21.0,"turns":3.0},{"damage":9.0,"enemies":"Snake Plant","floor":29.0,"turns":3.0},{"damage":14.0,"enemies":"Sentry and Sphere","floor":31.0,"turns":4.0},{"damage":82.0,"enemies":"Collector","floor":33.0,"turns":7.0},{"damage":55,"enemies":"Flame Bruiser 1 Orb","floor":35,"turns":4},{"damage":0,"enemies":"Orb Walker","floor":36,"turns":2},{"damage":17,"enemies":"Transient","floor":37,"turns":5},{"damage":33,"enemies":"Spire Growth","floor":41,"turns":5},{"damage":43,"enemies":"2 Orb Walkers","floor":44,"turns":6},{"damage":10,"enemies":"Maw","floor":46,"turns":8},{"damage":19,"enemies":"Transient","floor":48,"turns":5},{"damage":110,"enemies":"Time Eater","floor":50,"turns":11}],"seed_played":"-2003813502160455776","potions_obtained":[{"floor":1.0,"key":"BloodPotion"},{"floor":3.0,"key":"EssenceOfSteel"},{"floor":7.0,"key":"SkillPotion"},{"floor":13.0,"key":"BloodPotion"},{"floor":18.0,"key":"GamblersBrew"},{"floor":35,"key":"SkillPotion"},{"floor":41,"key":"BloodPotion"}],"is_trial":true,"path_per_floor":["M","M","M","$","M","R","E","?","T","?","T","M","M","M","R","B",null,"M","?","?","M","?","R","?","R","T","$","R","M","R","M","R","B",null,"M","M","M","?","?","R","M","R","T","E","?","M","R","M","R"],"character_chosen":"IRONCLAD","items_purchased":["Dramatic Entrance"],"campfire_rested":5,"item_purchase_floors":[27],"current_hp_per_floor":[94,94,94,94,94,94,91,91,91,84,84,90,88,91,91,54,94,89,89,81,87,87,87,87,87,87,87,87,84,84,76,94,27,94,49,59,52,52,43,71,48,76,76,52,52,52,80,71,94,0],"gold":797,"neow_bonus":"","is_prod":false,"is_daily":false,"chose_seed":false,"campfire_upgraded":6,"win_rate":0.0,"timestamp":1532125498,"path_taken":["M","M","M","$","M","R","E","?","T","?","?","?","M","M","R","BOSS","M","?","?","M","?","R","?","R","T","$","R","?","R","M","R","BOSS","M","M","M","?","?","R","M","R","T","E","?","M","R","M","R","BOSS"],"build_version":"2018-07-19v2","purchased_purges":2,"victory":false,"max_hp_per_floor":[94,94,94,94,94,94,94,94,94,94,94,94,94,94,94,94,94,94,94,94,94,94,94,94,94,94,94,94,94,94,94,94,94,94,94,94,94,94,94,94,94,94,94,94,94,94,94,94,94,94],"card_choices":[{"not_picked":["Rupture","Body Slam"],"picked":"Bouncing Flask","floor":0.0},{"not_picked":["Lockon","Hello World"],"picked":"Dagger Throw","floor":0.0},{"not_picked":["Sucker Punch","Tactician"],"picked":"Go for the Eyes","floor":0.0},{"not_picked":["True Grit","Cold Snap"],"picked":"Gash","floor":0.0},{"not_picked":["Poisoned Stab","Blade Dance"],"picked":"Cloak And Dagger","floor":0.0},{"not_picked":["Poisoned Stab","Wild Strike"],"picked":"Glacier","floor":0.0},{"not_picked":["Choke","Barrage"],"picked":"Outmaneuver","floor":0.0},{"not_picked":["Outmaneuver","Clash"],"picked":"Streamline","floor":0.0},{"not_picked":["Deflect","FTL"],"picked":"Slice","floor":0.0},{"not_picked":["Rip and Tear","Catalyst"],"picked":"Pommel Strike","floor":0.0},{"not_picked":["Tempest","Rupture"],"picked":"Rampage","floor":0.0},{"not_picked":["Chill","Turbo"],"picked":"Conserve Battery","floor":0.0},{"not_picked":["Prepared","Heavy Blade"],"picked":"Endless Agony","floor":0.0},{"not_picked":["Compile Driver","Poisoned Stab"],"picked":"Skim","floor":0.0},{"not_picked":["Disarm","Slice"],"picked":"Backflip","floor":0.0},{"not_picked":["Prepared","Self Repair"],"picked":"Dash","floor":1.0},{"not_picked":["Disarm","Caltrops"],"picked":"Shrug It Off","floor":2.0},{"not_picked":["Bane","Dash"],"picked":"Headbutt","floor":3.0},{"not_picked":["PiercingWail","Setup","Entrench"],"picked":"SKIP","floor":5.0},{"not_picked":["Finisher","Chaos","Unload"],"picked":"SKIP","floor":7.0},{"not_picked":["Reflex","Backstab"],"picked":"Acrobatics","floor":12.0},{"not_picked":["Setup","Reprogram","Prepared"],"picked":"SKIP","floor":13.0},{"not_picked":["Outmaneuver","PiercingWail","Dropkick"],"picked":"SKIP","floor":14.0},{"not_picked":["Creative AI","Meteor Strike"],"picked":"Seek","floor":16.0},{"not_picked":[],"picked":"Wild Strike+1","floor":18.0},{"not_picked":["Acrobatics+1"],"picked":"SKIP","floor":21.0},{"not_picked":["Storm+1"],"picked":"SKIP","floor":29.0},{"not_picked":["Conserve Battery"],"picked":"SKIP","floor":31.0},{"not_picked":["Turbo+1"],"picked":"SKIP","floor":35},{"not_picked":["PiercingWail"],"picked":"SKIP","floor":36},{"not_picked":["Shrug It Off+1"],"picked":"SKIP","floor":37},{"not_picked":["Conserve Battery+1"],"picked":"SKIP","floor":41},{"not_picked":["Beam Cell+1","Berserk"],"picked":"SKIP","floor":44},{"not_picked":["Anger","Shockwave"],"picked":"SKIP","floor":46},{"not_picked":["Quick Slash","Heatsinks"],"picked":"SKIP","floor":48}],"player_experience":281252,"relics_obtained":[{"floor":7.0,"key":"Orichalcum"},{"floor":8.0,"key":"Odd Mushroom"},{"floor":9.0,"key":"Bag of Marbles"},{"floor":11.0,"key":"Ginger"},{"floor":20.0,"key":"Red Mask"},{"floor":26.0,"key":"Self Forming Clay"},{"floor":43,"key":"Question Card"},{"floor":44,"key":"MawBank"}],"event_choices":[{"event_name":"Mushrooms","player_choice":"Fought Mushrooms","floor":8.0,"damage_taken":0.0},{"event_name":"Golden Wing","player_choice":"Card Removal","floor":10.0,"damage_taken":0.0},{"event_name":"Vampires","player_choice":"Ignored","floor":19.0,"damage_taken":0.0},{"event_name":"Masked Bandits","player_choice":"Fought over 317 gold","floor":20.0,"damage_taken":0.0},{"event_name":"Ghosts","player_choice":"Ignored","floor":22.0,"damage_taken":0.0},{"event_name":"N\u0027loth","player_choice":"Traded a Odd Mushroom","floor":24.0,"damage_taken":0.0},{"event_name":"Tomb of Lord Red Mask","player_choice":"Wore Mask","floor":38,"damage_taken":0},{"event_name":"Wheel of Change","player_choice":"Damage","floor":39,"damage_taken":0},{"event_name":"Mysterious Sphere","player_choice":"Ignore","floor":45,"damage_taken":0}],"is_beta":false,"boss_relics":[{"not_picked":["Empty Cage","Snecko Eye"],"picked":"Busted Crown"},{"not_picked":["Runic Dome","Mark of Pain"],"picked":"Black Blood"}],"items_purged_floors":[4,27],"is_endless":false,"potions_floor_spawned":[1,3,7,12,13,18,20,31,35,37,41,48],"killed_by":"Time Eater","ascension_level":0}