{"gold_per_floor":[117,117,21,37,37,37,62,62,85,101,101,12,12,62,62,136,136,152,169,59,79,51,85,85,0,0,0,25,59,74,84,84,161,161,180,180,280,297,316,341,341,359,359,391,24,40,40,51,51,51,51,51,51,17,43,43],"floor_reached":57,"playtime":3872,"items_purged":["Strike_R"],"score":2871,"play_id":"bf3f91c9-c5e4-4b7e-9252-864a1d9660f4","local_time":"20190111041426","is_ascension_mode":true,"campfire_choices":[{"data":"Perfected Strike","floor":6.0,"key":"SMITH"},{"data":"Wild Strike","floor":8.0,"key":"SMITH"},{"data":"Perfected Strike","floor":11.0,"key":"SMITH"},{"data":"Enlightenment","floor":13.0,"key":"SMITH"},{"data":"Offering","floor":15.0,"key":"SMITH"},{"floor":24.0,"key":"RECALL"},{"floor":27.0,"key":"REST"},{"floor":32.0,"key":"REST"},{"floor":41.0,"key":"REST"},{"floor":49.0,"key":"REST"},{"floor":53.0,"key":"REST"}],"neow_cost":"NONE","seed_source_timestamp":6398685841561800,"circlet_count":0,"master_deck":["AscendersBane","Strike_R","Strike_R","Strike_R","Strike_R","Defend_R","Defend_R+1","Defend_R","Bash","Perfected Strike+1","Shrug It Off+1","Evolve","Wild Strike+1","Offering+1","Perfected Strike+1","Enlightenment+1","Immolate+1","Uppercut+1","Perfected Strike","Iron Wave+1","Warcry","Feed","Rage","Shrug It Off","Double Tap","Shrug It Off+1","Dual Wield","Barricade","Headbutt+1","Madness","Madness","Entrench","Body Slam+1","Entrench+1","Havoc+1","Impervious","Uppercut+1","Intimidate","Warcry+1","Warcry","Corruption"],"special_seed":0,"relics":["Burning Blood","NeowsBlessing","Mercury Hourglass","Oddly Smooth Stone","Fusion Hammer","Bronze Scales","Pear","Dream Catcher","Red Mask","The Courier","Black Star","Magic Flower","Dead Branch","Charon\u0027s Ashes","Gremlin Horn","War Paint","Orichalcum","DollysMirror","Paper Frog","Thread and Needle"],"potions_floor_usage":[56],"damage_taken":[{"damage":0.0,"enemies":"Small Slimes","floor":1.0,"turns":1.0},{"damage":0.0,"enemies":"Cultist","floor":4.0,"turns":1.0},{"damage":0.0,"enemies":"Lagavulin","floor":7.0,"turns":1.0},{"damage":0.0,"enemies":"2 Louse","floor":10.0,"turns":1.0},{"damage":36.0,"enemies":"Hexaghost","floor":16.0,"turns":6.0},{"damage":6.0,"enemies":"Spheric Guardian","floor":18.0,"turns":2.0},{"damage":6.0,"enemies":"3 Byrds","floor":19.0,"turns":4.0},{"damage":17.0,"enemies":"Centurion and Healer","floor":21.0,"turns":3.0},{"damage":6.0,"enemies":"Gremlin Leader","floor":23.0,"turns":4.0},{"damage":6.0,"enemies":"Masked Bandits","floor":28.0,"turns":1.0},{"damage":9.0,"enemies":"Book of Stabbing","floor":29.0,"turns":3.0},{"damage":3.0,"enemies":"Snecko","floor":30.0,"turns":3.0},{"damage":6.0,"enemies":"Snake Plant","floor":31.0,"turns":2.0},{"damage":70.0,"enemies":"Champ","floor":33.0,"turns":8.0},{"damage":20.0,"enemies":"3 Darklings","floor":35.0,"turns":3.0},{"damage":0.0,"enemies":"Mind Bloom Boss Battle","floor":37.0,"turns":4.0},{"damage":0.0,"enemies":"Orb Walker","floor":38.0,"turns":2.0},{"damage":6.0,"enemies":"4 Shapes","floor":39.0,"turns":3.0},{"damage":27.0,"enemies":"Nemesis","floor":40.0,"turns":7.0},{"damage":3.0,"enemies":"Sphere and 2 Shapes","floor":42.0,"turns":3.0},{"damage":38.0,"enemies":"Reptomancer","floor":44.0,"turns":5.0},{"damage":25.0,"enemies":"Spire Growth","floor":46.0,"turns":4.0},{"damage":6.0,"enemies":"3 Darklings","floor":48.0,"turns":1.0},{"damage":30.0,"enemies":"Awakened One","floor":50.0,"turns":4.0},{"damage":40.0,"enemies":"Time Eater","floor":51.0,"turns":10.0},{"damage":9.0,"enemies":"Shield and Spear","floor":55.0,"turns":5.0},{"damage":83,"enemies":"The Heart","floor":56,"turns":9}],"seed_played":"2344596629195595223","potions_obtained":[{"floor":5.0,"key":"Swift Potion"},{"floor":5.0,"key":"Energy Potion"},{"floor":16.0,"key":"AttackPotion"},{"floor":18.0,"key":"PowerPotion"},{"floor":23.0,"key":"LiquidBronze"},{"floor":28.0,"key":"FearPotion"},{"floor":29.0,"key":"PowerPotion"},{"floor":35.0,"key":"Explosive Potion"},{"floor":40.0,"key":"PowerPotion"}],"is_trial":false,"path_per_floor":["M","?","$","M","?","R","E","R","T","M","R","$","R","?","R","B",null,"M","M","?","M","$","E","R","?","T","R","?","E","M","M","R","B",null,"M","?","?","M","M","E","R","M","T","E","$","M","$","M","R","B","B",null,"R","$","E","B",null],"character_chosen":"IRONCLAD","items_purchased":["Shrug It Off","Evolve","Enlightenment","Warcry","Orichalcum","DollysMirror","Corruption"],"campfire_rested":5,"item_purchase_floors":[3,3,12,22,45,45,54],"current_hp_per_floor":[74,63,63,69,69,69,75,75,75,75,75,75,75,75,75,45,68,68,68,68,57,57,57,57,67,67,85,85,82,85,88,88,24,72,58,42,48,57,65,47,74,80,80,51,51,35,35,38,65,44,13,72,91,91,91,17],"gold":43,"neow_bonus":"THREE_ENEMY_KILL","is_prod":false,"is_daily":false,"chose_seed":false,"campfire_upgraded":5,"win_rate":0,"timestamp":1547208866,"path_taken":["M","?","$","?","?","R","E","R","T","M","R","?","R","?","R","BOSS","M","?","?","M","?","E","R","?","T","R","?","E","?","M","R","BOSS","M","?","?","M","M","E","R","M","T","E","$","M","?","M","R","BOSS","BOSS","R","$","E","BOSS"],"build_version":"2019-01-10","purchased_purges":1,"victory":true,"max_hp_per_floor":[75,75,75,75,75,75,75,75,75,75,75,75,75,75,75,75,75,75,75,75,75,75,75,75,85,85,85,85,85,85,88,88,88,88,88,88,88,88,91,91,91,91,91,91,91,91,91,91,91,91,91,91,91,91,91,91],"card_choices":[{"not_picked":["Flex","Rupture"],"picked":"Perfected Strike","floor":1.0},{"not_picked":["Power Through","Iron Wave"],"picked":"Wild Strike","floor":4.0},{"not_picked":["Clash","Feed"],"picked":"Offering","floor":7.0},{"not_picked":["Wild Strike","Anger"],"picked":"Perfected Strike","floor":10.0},{"not_picked":["Brutality","Impervious"],"picked":"Immolate","floor":16.0},{"not_picked":["Shrug It Off","Perfected Strike"],"picked":"Uppercut+1","floor":18.0},{"not_picked":["Pommel Strike","Heavy Blade"],"picked":"Perfected Strike","floor":19.0},{"not_picked":["Bloodletting","Thunderclap"],"picked":"Iron Wave+1","floor":21.0},{"not_picked":["Exhume","Uppercut"],"picked":"Feed","floor":23.0},{"not_picked":["Twin Strike","Body Slam"],"picked":"Rage","floor":27.0},{"not_picked":["Body Slam","Pommel Strike"],"picked":"Shrug It Off","floor":28.0},{"not_picked":["Body Slam","Armaments"],"picked":"Double Tap","floor":29.0},{"not_picked":["Sentinel","Flex","Havoc"],"picked":"SKIP","floor":30.0},{"not_picked":["Armaments","Sword Boomerang+1"],"picked":"Shrug It Off+1","floor":31.0},{"not_picked":["Perfected Strike","Twin Strike+1"],"picked":"Dual Wield","floor":32.0},{"not_picked":["Reaper","Demon Form"],"picked":"Barricade","floor":33.0},{"not_picked":["Wild Strike","Rampage"],"picked":"Headbutt+1","floor":35.0},{"not_picked":["Flex","Thunderclap+1"],"picked":"Entrench","floor":37.0},{"not_picked":["Reckless Charge","Havoc+1"],"picked":"Body Slam+1","floor":38.0},{"not_picked":["Corruption","Burning Pact"],"picked":"Entrench+1","floor":39.0},{"not_picked":["Carnage","Feed"],"picked":"Havoc+1","floor":40.0},{"not_picked":["Body Slam","Clothesline","Flex+1"],"picked":"SKIP","floor":42.0},{"not_picked":["Armaments","Reckless Charge"],"picked":"Impervious","floor":44.0},{"not_picked":["Sever Soul","Headbutt+1","Flex"],"picked":"SKIP","floor":46.0},{"not_picked":["Clothesline","Iron Wave"],"picked":"Intimidate","floor":48.0},{"not_picked":["Body Slam","Spot Weakness+1"],"picked":"Warcry+1","floor":49.0},{"not_picked":["Limit Break","Havoc"],"picked":"Warcry","floor":53.0},{"not_picked":["Iron Wave","Armaments","Immolate"],"picked":"SKIP","floor":55.0}],"player_experience":3203668,"relics_obtained":[{"floor":7.0,"key":"Mercury Hourglass"},{"floor":9.0,"key":"Oddly Smooth Stone"},{"floor":23.0,"key":"Bronze Scales"},{"floor":26.0,"key":"Dream Catcher"},{"floor":28.0,"key":"Red Mask"},{"floor":29.0,"key":"The Courier"},{"floor":37.0,"key":"Magic Flower"},{"floor":40.0,"key":"Dead Branch"},{"floor":40.0,"key":"Charon\u0027s Ashes"},{"floor":44.0,"key":"Gremlin Horn"},{"floor":44.0,"key":"War Paint"},{"floor":55.0,"key":"Paper Frog"},{"floor":55.0,"key":"Thread and Needle"}],"event_choices":[{"damage_healed":0.0,"max_hp_gain":0.0,"max_hp_loss":0.0,"gold_gain":0.0,"event_name":"Wheel of Change","player_choice":"Damaged","floor":2.0,"gold_loss":0.0,"damage_taken":11.0},{"damage_healed":0.0,"max_hp_gain":0.0,"max_hp_loss":0.0,"gold_gain":0.0,"event_name":"Lab","player_choice":"Got Potions","floor":5.0,"gold_loss":0.0,"damage_taken":0.0},{"damage_healed":0.0,"max_hp_gain":0.0,"max_hp_loss":0.0,"gold_gain":50.0,"event_name":"Golden Shrine","player_choice":"Pray","floor":14.0,"gold_loss":0.0,"damage_taken":0.0},{"cards_removed":["Defend_R"],"damage_healed":0.0,"max_hp_gain":0.0,"max_hp_loss":0.0,"gold_gain":0.0,"event_name":"Designer","player_choice":"Upgrade and Remove","floor":20.0,"gold_loss":110.0,"damage_taken":0.0,"cards_upgraded":["Immolate"]},{"damage_healed":0.0,"max_hp_gain":0.0,"max_hp_loss":0.0,"gold_gain":0.0,"event_name":"Addict","player_choice":"Obtained Relic","floor":25.0,"gold_loss":85.0,"damage_taken":0.0,"relics_obtained":["Pear"]},{"damage_healed":0.0,"max_hp_gain":0.0,"max_hp_loss":0.0,"gold_gain":0.0,"event_name":"Masked Bandits","player_choice":"Fought Bandits","floor":28.0,"gold_loss":0.0,"damage_taken":0.0},{"damage_healed":0.0,"max_hp_gain":0.0,"max_hp_loss":0.0,"gold_gain":0.0,"event_name":"Winding Halls","player_choice":"Embrace Madness","floor":36.0,"gold_loss":0.0,"damage_taken":16.0,"cards_obtained":["Madness","Madness"]},{"damage_healed":0.0,"max_hp_gain":0.0,"max_hp_loss":0.0,"gold_gain":0.0,"event_name":"MindBloom","player_choice":"Fight","floor":37.0,"gold_loss":0.0,"damage_taken":0.0}],"is_beta":true,"boss_relics":[{"not_picked":["Runic Pyramid","Black Blood"],"picked":"Fusion Hammer"},{"not_picked":["Philosopher\u0027s Stone","Runic Cube"],"picked":"Black Star"}],"items_purged_floors":[45],"is_endless":false,"potions_floor_spawned":[7,16,18,23,28,29,35,40,42,44,48],"ascension_level":20}