{"gold_per_floor":[118,129,10,10,27,62,62,62,62,74,74],"floor_reached":11,"playtime":339,"items_purged":[],"score":77,"play_id":"61159217-73a6-4331-b87d-cea116e59671","local_time":"20190316022919","is_ascension_mode":true,"campfire_choices":[],"neow_cost":"NONE","seed_source_timestamp":195682258094554,"circlet_count":0,"master_deck":["Strike_B","Strike_B","Strike_B","Defend_B","Defend_B","Defend_B","Defend_B","Zap","Dualcast","Cold Snap","Capacitor","Coolheaded","Chaos","White Noise+1","Double Energy+1"],"relics":["Cracked Core","NeowsBlessing","Toxic Egg 2"],"potions_floor_usage":[6,6,11],"damage_taken":[{"damage":0,"enemies":"Cultist","floor":1,"turns":1},{"damage":0,"enemies":"Small Slimes","floor":2,"turns":1},{"damage":0,"enemies":"2 Louse","floor":5,"turns":1},{"damage":64,"enemies":"Gremlin Nob","floor":6,"turns":6},{"damage":7,"enemies":"Large Slime","floor":10,"turns":5},{"damage":4,"enemies":"Gremlin Gang","floor":11,"turns":1}],"seed_played":"6658281381778936830","potions_obtained":[{"floor":2,"key":"EssenceOfSteel"},{"floor":5,"key":"Block Potion"},{"floor":6,"key":"Poison Potion"}],"is_trial":false,"path_per_floor":["M","M","$","?","M","E","?","?","T","M","M"],"character_chosen":"DEFECT","items_purchased":["Capacitor","Coolheaded"],"campfire_rested":0,"item_purchase_floors":[3,3],"current_hp_per_floor":[75,75,75,75,75,11,11,11,11,4,0],"gold":74,"neow_bonus":"THREE_ENEMY_KILL","is_prod":false,"is_daily":false,"chose_seed":false,"campfire_upgraded":0,"win_rate":0,"timestamp":1552717759,"path_taken":["M","?","$","?","M","E","?","?","T","M","M"],"build_version":"2019-01-23","purchased_purges":0,"victory":false,"max_hp_per_floor":[75,75,75,75,75,75,75,75,75,75,75],"card_choices":[{"not_picked":["Beam Cell","Leap"],"picked":"Cold Snap","floor":1},{"not_picked":["Stack","Steam","Barrage"],"picked":"SKIP","floor":2},{"not_picked":["BootSequence","Go for the Eyes"],"picked":"Chaos","floor":5},{"not_picked":["Go for the Eyes","Gash"],"picked":"White Noise","floor":6},{"not_picked":["Turbo+1","Sweeping Beam"],"picked":"Double Energy+1","floor":10}],"player_experience":151381,"relics_obtained":[{"floor":6,"key":"Toxic Egg 2"}],"event_choices":[{"damage_healed":0,"gold_gain":0,"player_choice":"Ignored","damage_taken":0,"max_hp_gain":0,"max_hp_loss":0,"event_name":"Liars Game","floor":4,"gold_loss":0},{"damage_healed":0,"gold_gain":0,"player_choice":"Ignored","damage_taken":0,"max_hp_gain":0,"max_hp_loss":0,"event_name":"Golden Idol","floor":7,"gold_loss":0},{"cards_removed":["Strike_B"],"damage_healed":0,"gold_gain":0,"player_choice":"Purged","damage_taken":0,"max_hp_gain":0,"max_hp_loss":0,"event_name":"Purifier","floor":8,"gold_loss":0}],"is_beta":false,"boss_relics":[],"items_purged_floors":[],"is_endless":false,"potions_floor_spawned":[2,5,6],"killed_by":"Gremlin Gang","ascension_level":1}