{"gold_per_floor":[215,215,228,153,167,187,187,205,205,205,219,219,219,237,237,237],"floor_reached":16,"playtime":321,"items_purged":["Regret"],"score":94,"play_id":"cdca8f00-87e6-44a2-b455-05e46323e782","local_time":"20190410195006","is_ascension_mode":false,"campfire_choices":[{"data":"Searing Blow","floor":7,"key":"SMITH"},{"data":"Searing Blow+1","floor":10,"key":"SMITH"},{"data":"Searing Blow+2","floor":13,"key":"SMITH"},{"data":"Searing Blow+3","floor":15,"key":"SMITH"}],"neow_cost":"NONE","seed_source_timestamp":0,"circlet_count":0,"master_deck":["Strike_R","Strike_R","Strike_R","Strike_R","Strike_R","Defend_R","Defend_R","Defend_R","Defend_R","Bash","Searing Blow+4","Headbutt","Uppercut"],"special_seed":0,"relics":["Burning Blood","Red Skull","Omamori","FaceOfCleric"],"potions_floor_usage":[16,16],"damage_taken":[{"damage":1.0,"enemies":"2 Louse","floor":1.0,"turns":3.0},{"damage":4,"enemies":"Cultist","floor":3,"turns":3},{"damage":15,"enemies":"Jaw Worm","floor":5,"turns":5},{"damage":20,"enemies":"3 Louse","floor":6,"turns":4},{"damage":9,"enemies":"Blue Slaver","floor":8,"turns":4},{"damage":8,"enemies":"Red Slaver","floor":11,"turns":4},{"damage":4,"enemies":"2 Fungi Beasts","floor":14,"turns":3},{"damage":66,"enemies":"The Guardian","floor":16,"turns":8}],"seed_played":"3880643629996651422","potions_obtained":[{"floor":6,"key":"BloodPotion"},{"floor":11,"key":"LiquidBronze"},{"floor":14,"key":"AttackPotion"}],"is_trial":false,"path_per_floor":["M","?","M","$","M","M","R","M","T","R","M","?","R","M","R","B"],"character_chosen":"IRONCLAD","items_purchased":[],"campfire_rested":0,"item_purchase_floors":[],"current_hp_per_floor":[80,80,80,80,71,57,57,54,54,54,52,52,52,55,55,0],"gold":237,"neow_bonus":"HUNDRED_GOLD","is_prod":false,"is_daily":false,"chose_seed":false,"campfire_upgraded":4,"win_rate":0,"timestamp":1554947406,"path_taken":["M","?","M","$","M","M","R","M","T","R","M","?","R","M","R","BOSS"],"build_version":"2019-01-23","purchased_purges":1,"victory":false,"max_hp_per_floor":[80,80,80,80,80,80,80,80,80,80,80,80,80,81,81,81],"card_choices":[{"not_picked":["Sword Boomerang","Ghostly Armor"],"picked":"Searing Blow","floor":1},{"not_picked":["Perfected Strike","Clash","Sentinel"],"picked":"SKIP","floor":3},{"not_picked":["Anger","Iron Wave"],"picked":"Headbutt","floor":5},{"not_picked":["Wild Strike","Second Wind","Flex"],"picked":"SKIP","floor":6},{"not_picked":["Heavy Blade","Juggernaut"],"picked":"Uppercut","floor":8},{"not_picked":["Havoc","Heavy Blade","Clash"],"picked":"SKIP","floor":11},{"not_picked":["Fire Breathing","Pommel Strike","Entrench"],"picked":"SKIP","floor":14}],"player_experience":1181653,"relics_obtained":[{"floor":9,"key":"Omamori"}],"event_choices":[{"damage_healed":0,"gold_gain":0,"player_choice":"Box","damage_taken":0,"relics_obtained":["Red Skull"],"max_hp_gain":0,"max_hp_loss":0,"event_name":"Big Fish","floor":2,"gold_loss":0,"cards_obtained":["Regret"]},{"damage_healed":0,"gold_gain":0,"player_choice":"Trade","damage_taken":0,"relics_obtained":["FaceOfCleric"],"max_hp_gain":0,"max_hp_loss":0,"event_name":"FaceTrader","floor":12,"gold_loss":0}],"is_beta":false,"boss_relics":[],"items_purged_floors":[4],"is_endless":false,"potions_floor_spawned":[6,11,14],"killed_by":"The Guardian","ascension_level":0}