{"gold_per_floor":[111,125,50,67,83,83,83,101,101,101,117,137,157,213,213,317,317,328,348,271,271,271,271,14,14,14,26,26,42,67,67,67,67],"floor_reached":33,"playtime":1526,"items_purged":["Strike_B","Defend_B"],"score":289,"play_id":"dc5433bf-c8ea-43e8-b66b-cc579ff56aa4","local_time":"20180713203737","is_ascension_mode":false,"campfire_choices":[{"floor":6,"key":"REST"},{"data":"Zap","floor":10,"key":"SMITH"},{"floor":15,"key":"REST"},{"data":"Sunder","floor":23,"key":"SMITH"},{"floor":25,"key":"REST"},{"floor":32,"key":"REST"}],"neow_cost":"NONE","seed_source_timestamp":216354449986834,"circlet_count":0,"master_deck":["Strike_B","Strike_B","Defend_B","Defend_B","Zap+1","Dualcast","Auto Shields","Ball Lightning","Streamline","Ball Lightning","Leap","Biased Cognition","J.A.X.","Sunder+1"],"relics":["Cracked Core","Singing Bowl","Shuriken","Lizard Tail","Juzu Bracelet","Pear","Red Mask"],"potions_floor_usage":[16,33,33,33],"damage_taken":[{"damage":6,"enemies":"2 Louse","floor":1,"turns":2},{"damage":0,"enemies":"Cultist","floor":2,"turns":4},{"damage":0,"enemies":"Small Slimes","floor":4,"turns":3},{"damage":7,"enemies":"Blue Slaver","floor":5,"turns":3},{"damage":14,"enemies":"2 Fungi Beasts","floor":8,"turns":3},{"damage":18,"enemies":"Exordium Wildlife","floor":11,"turns":3},{"damage":7,"enemies":"Exordium Thugs","floor":12,"turns":3},{"damage":4,"enemies":"Gremlin Gang","floor":13,"turns":3},{"damage":16,"enemies":"Gremlin Nob","floor":14,"turns":3},{"damage":40,"enemies":"Hexaghost","floor":16,"turns":8},{"damage":5,"enemies":"Spheric Guardian","floor":18,"turns":3},{"damage":42,"enemies":"2 Thieves","floor":19,"turns":4},{"damage":26,"enemies":"Centurion and Healer","floor":27,"turns":7},{"damage":40,"enemies":"Snake Plant","floor":29,"turns":4},{"damage":58,"floor":30,"turns":4},{"damage":80,"enemies":"Automaton","floor":33,"turns":6}],"seed_played":"4301548035528925217","potions_obtained":[{"floor":2,"key":"Energy Potion"},{"floor":5,"key":"SpeedPotion"},{"floor":11,"key":"Swift Potion"},{"floor":16,"key":"FearPotion"}],"is_trial":false,"path_per_floor":["M","M","$","M","M","R","?","M","T","R","M","M","M","?","R","B",null,"M","M","?","?","?","R","$","R","T","M","$","M","?","?","R"],"character_chosen":"DEFECT","items_purchased":["Juzu Bracelet"],"campfire_rested":4,"item_purchase_floors":[24],"current_hp_per_floor":[76,76,76,76,69,82,82,68,68,68,52,47,45,31,58,18,90,87,47,47,47,47,47,47,75,85,61,61,23,22,22,55,0],"gold":67,"neow_bonus":"TEN_PERCENT_HP_BONUS","is_prod":false,"is_daily":false,"chose_seed":false,"campfire_upgraded":2,"win_rate":0.0,"timestamp":1531528657,"path_taken":["M","M","$","M","M","R","?","?","T","R","M","M","M","?","R","BOSS","M","M","?","?","?","R","$","R","T","M","$","M","?","?","R","BOSS"],"build_version":"2018-07-12","purchased_purges":2,"victory":false,"max_hp_per_floor":[82,82,82,82,82,82,82,82,82,82,84,86,88,90,90,90,90,92,94,94,94,94,94,94,94,104,106,106,108,110,110,110,110],"card_choices":[{"not_picked":["Go for the Eyes","Leap"],"picked":"Auto Shields","floor":1},{"not_picked":["Force Field","Heatsinks"],"picked":"Ball Lightning","floor":2},{"not_picked":["Conserve Battery","Hologram"],"picked":"Streamline","floor":4},{"not_picked":["Storm","Sweeping Beam"],"picked":"Ball Lightning","floor":5},{"not_picked":["Gash","Undo"],"picked":"Leap","floor":8},{"not_picked":["Steam","Gash","Compile Driver"],"picked":"Singing Bowl","floor":11},{"not_picked":["Heatsinks","Thunder Strike","Redo"],"picked":"Singing Bowl","floor":12},{"not_picked":["Conserve Battery","Aggregate","Genetic Algorithm"],"picked":"Singing Bowl","floor":13},{"not_picked":["Sunder","Beam Cell","Sweeping Beam"],"picked":"Singing Bowl","floor":14},{"not_picked":["Buffer","Core Surge"],"picked":"Biased Cognition","floor":16},{"not_picked":["Barrage","Rebound","Coolheaded"],"picked":"Singing Bowl","floor":18},{"not_picked":["Beam Cell+1","Ball Lightning","White Noise"],"picked":"Singing Bowl","floor":19},{"not_picked":["Gash","Steam","Conserve Battery"],"picked":"Singing Bowl","floor":27},{"not_picked":["Conserve Battery","Redo","Force Field"],"picked":"Singing Bowl","floor":29},{"not_picked":["Force Field+1","Static Discharge","Leap"],"picked":"Singing Bowl","floor":30}],"player_experience":242772,"relics_obtained":[{"floor":9,"key":"Singing Bowl"},{"floor":14,"key":"Shuriken"},{"floor":26,"key":"Pear"},{"floor":30,"key":"Red Mask"}],"event_choices":[{"event_name":"Living Wall","player_choice":"Forget","floor":7,"damage_taken":0},{"event_name":"Dead Adventurer","player_choice":"Searched \u00272\u0027 times","floor":14,"damage_taken":0},{"event_name":"Drug Dealer","player_choice":"Got JAXXED","floor":20,"damage_taken":0},{"event_name":"The Mausoleum","player_choice":"No","floor":21,"damage_taken":0},{"event_name":"Transmorgrifier","player_choice":"Transform","floor":22,"damage_taken":0},{"event_name":"Masked Bandits","player_choice":"Fought over 42 gold","floor":30,"damage_taken":0},{"event_name":"Beggar","player_choice":"Ignored","floor":31,"damage_taken":0}],"boss_relics":[{"not_picked":["Cursed Key","Astrolabe"],"picked":"Lizard Tail"}],"items_purged_floors":[3,24],"is_endless":false,"potions_floor_spawned":[2,5,11,14,16,19,27,30],"killed_by":"Automaton","ascension_level":0}