{"gold_per_floor":[110,35,47,47,64,64,80,80,80,98,130,130,155,176,176,275,275,289,289,303,303],"floor_reached":21,"playtime":1014,"items_purged":["Strike_B"],"score":198,"play_id":"cf0c02fc-a442-40ed-82e9-82518759a524","local_time":"20190211144417","is_ascension_mode":true,"campfire_choices":[{"data":"Zap","floor":6,"key":"SMITH"},{"data":"Streamline","floor":8,"key":"SMITH"},{"floor":12,"key":"REST"},{"data":"Static Discharge","floor":15,"key":"SMITH"}],"neow_cost":"NONE","seed_source_timestamp":108373033319265,"circlet_count":0,"master_deck":["Strike_B","Strike_B","Strike_B","Defend_B","Defend_B","Defend_B","Defend_B","Zap+1","Dualcast","Streamline+1","Leap","Ball Lightning","Static Discharge+1","Echo Form","Regret","Shame","Injury","Conserve Battery+1"],"relics":["Cracked Core","Blue Candle","Bag of Marbles","Pantograph","Odd Mushroom","Calling Bell","Pen Nib","Molten Egg 2","Nunchaku","MutagenicStrength"],"potions_floor_usage":[11,16,16],"damage_taken":[{"damage":0,"enemies":"Small Slimes","floor":1,"turns":3},{"damage":1,"enemies":"Cultist","floor":3,"turns":3},{"damage":0,"enemies":"2 Louse","floor":5,"turns":2},{"damage":11,"enemies":"Large Slime","floor":7,"turns":4},{"damage":4,"enemies":"2 Fungi Beasts","floor":10,"turns":3},{"damage":17,"enemies":"3 Sentries","floor":11,"turns":6},{"damage":12,"enemies":"Lagavulin","floor":13,"turns":4},{"damage":18,"enemies":"The Mushroom Lair","floor":14,"turns":3},{"damage":33,"enemies":"Hexaghost","floor":16,"turns":7},{"damage":40,"enemies":"Shell Parasite","floor":18,"turns":5},{"damage":38,"enemies":"2 Thieves","floor":20,"turns":5},{"damage":8,"enemies":"Colosseum Slavers","floor":21,"turns":2}],"seed_played":"-9157815346531155857","potions_obtained":[{"floor":3,"key":"Regen Potion"},{"floor":10,"key":"Dexterity Potion"},{"floor":11,"key":"SteroidPotion"},{"floor":14,"key":"EssenceOfSteel"}],"is_trial":false,"path_per_floor":["M","$","M","?","M","R","M","R","T","M","E","R","E","?","R","B",null,"M","?","M","?"],"character_chosen":"DEFECT","items_purchased":[],"campfire_rested":1,"item_purchase_floors":[],"current_hp_per_floor":[75,75,74,85,85,85,74,74,74,70,67,85,73,55,55,47,85,45,45,7,0],"gold":303,"neow_bonus":"ONE_RANDOM_RARE_CARD","is_prod":false,"is_daily":false,"chose_seed":false,"campfire_upgraded":3,"win_rate":0,"timestamp":1549914257,"path_taken":["M","$","M","?","M","R","M","R","T","?","E","R","E","?","R","BOSS","M","?","M","?"],"build_version":"2019-01-23","purchased_purges":1,"victory":false,"max_hp_per_floor":[75,75,75,85,85,85,85,85,85,85,85,85,85,85,85,85,85,85,85,85,85],"card_choices":[{"not_picked":["Redo","Coolheaded"],"picked":"Streamline","floor":1},{"not_picked":["Beam Cell","FTL"],"picked":"Leap","floor":3},{"not_picked":["BootSequence","Sweeping Beam"],"picked":"Ball Lightning","floor":5},{"not_picked":["Static Discharge","Steam","Reinforced Body"],"picked":"SKIP","floor":7},{"not_picked":["Go for the Eyes","Rebound","Stack"],"picked":"SKIP","floor":10},{"not_picked":["Turbo","Streamline"],"picked":"Static Discharge","floor":11},{"not_picked":["Undo","Reboot","Stack"],"picked":"SKIP","floor":13},{"not_picked":["Buffer","Fission"],"picked":"Echo Form","floor":16},{"not_picked":["Coolheaded","Streamline+1","Rebound+1"],"picked":"SKIP","floor":18},{"not_picked":["Force Field","Lockon+1"],"picked":"Conserve Battery+1","floor":20}],"player_experience":386010,"relics_obtained":[{"floor":9,"key":"Blue Candle"},{"floor":11,"key":"Bag of Marbles"},{"floor":13,"key":"Pantograph"},{"floor":14,"key":"Odd Mushroom"},{"floor":17,"key":"Pen Nib"},{"floor":17,"key":"Molten Egg 2"},{"floor":17,"key":"Nunchaku"}],"event_choices":[{"cards_removed":["Fission"],"damage_healed":1,"gold_gain":0,"player_choice":"Offered Rare","damage_taken":0,"max_hp_gain":10,"max_hp_loss":0,"event_name":"Bonfire Elementals","floor":4,"gold_loss":0},{"damage_healed":0,"gold_gain":0,"player_choice":"Fought Mushrooms","damage_taken":0,"max_hp_gain":0,"max_hp_loss":0,"event_name":"Mushrooms","floor":14,"gold_loss":0},{"damage_healed":0,"gold_gain":0,"player_choice":"Inject Mutagens","damage_taken":0,"relics_obtained":["MutagenicStrength"],"max_hp_gain":0,"max_hp_loss":0,"event_name":"Drug Dealer","floor":19,"gold_loss":0},{"damage_healed":0,"gold_gain":0,"player_choice":"Fight","damage_taken":0,"max_hp_gain":0,"max_hp_loss":0,"event_name":"Colosseum","floor":21,"gold_loss":0}],"is_beta":false,"boss_relics":[{"not_picked":["Runic Dome","Ectoplasm"],"picked":"Calling Bell"}],"items_purged_floors":[2],"is_endless":false,"potions_floor_spawned":[3,10,11,14],"killed_by":"Colosseum Slavers","ascension_level":1}