{"gold_per_floor":[119,138,63,63,63,63,98,98,121,145,163,163,27,45,45,173,173,173],"floor_reached":18,"playtime":897,"items_purged":["Strike_R","Strike_R"],"score":213,"play_id":"a838aabb-b405-4ab5-a4a3-0e055d467f3d","local_time":"20190314165553","is_ascension_mode":true,"campfire_choices":[{"data":"Shrug It Off","floor":6,"key":"SMITH"},{"data":"Armaments","floor":8,"key":"SMITH"},{"data":"Flex","floor":12,"key":"SMITH"},{"data":"Metallicize","floor":15,"key":"SMITH"}],"neow_cost":"NONE","seed_source_timestamp":74314517393750,"circlet_count":0,"master_deck":["Strike_R","Strike_R","Strike_R","Defend_R+1","Defend_R","Defend_R","Defend_R+1","Bash","Shrug It Off+1","Metallicize+1","Armaments+1","Headbutt","Flex+1","Metallicize+1","Entrench","Barricade"],"relics":["Burning Blood","NeowsBlessing","Golden Idol","Bag of Preparation","War Paint","Black Star"],"potions_floor_usage":[16],"damage_taken":[{"damage":0,"enemies":"Cultist","floor":1,"turns":1},{"damage":0,"enemies":"2 Louse","floor":2,"turns":1},{"damage":0,"enemies":"Gremlin Nob","floor":7,"turns":1},{"damage":0,"enemies":"Small Slimes","floor":10,"turns":4},{"damage":4,"enemies":"Gremlin Gang","floor":11,"turns":10},{"damage":0,"enemies":"2 Fungi Beasts","floor":14,"turns":4},{"damage":16,"enemies":"The Guardian","floor":16,"turns":13},{"damage":75,"enemies":"3 Byrds","floor":18,"turns":11}],"seed_played":"-3960464309597931744","potions_obtained":[{"floor":2,"key":"SpeedPotion"},{"floor":7,"key":"Weak Potion"},{"floor":10,"key":"Poison Potion"}],"is_trial":false,"path_per_floor":["M","M","$","?","?","R","E","R","T","M","M","R","$","M","R","B",null,"M"],"character_chosen":"IRONCLAD","items_purchased":["Metallicize"],"campfire_rested":0,"item_purchase_floors":[13],"current_hp_per_floor":[80,80,80,74,74,74,74,74,74,74,74,74,74,74,74,64,74,0],"gold":173,"neow_bonus":"THREE_ENEMY_KILL","is_prod":false,"is_daily":false,"chose_seed":false,"campfire_upgraded":4,"win_rate":0,"timestamp":1552596953,"path_taken":["M","?","$","?","?","R","E","R","T","M","M","R","$","?","R","BOSS","M"],"build_version":"2019-01-23","purchased_purges":2,"victory":false,"max_hp_per_floor":[80,80,80,74,74,74,74,74,74,74,74,74,74,74,74,74,74,74],"card_choices":[{"not_picked":["Headbutt","Iron Wave"],"picked":"Shrug It Off","floor":1},{"not_picked":["Searing Blow","Dual Wield"],"picked":"Metallicize","floor":2},{"not_picked":["True Grit","Flex"],"picked":"Armaments","floor":7},{"not_picked":["Whirlwind","Thunderclap"],"picked":"Headbutt","floor":10},{"not_picked":["Combust","Headbutt"],"picked":"Flex","floor":11},{"not_picked":["Clash","Infernal Blade"],"picked":"Entrench","floor":14},{"not_picked":["Offering","Reaper"],"picked":"Barricade","floor":16}],"player_experience":139364,"relics_obtained":[{"floor":7,"key":"Bag of Preparation"},{"floor":9,"key":"War Paint"}],"event_choices":[{"damage_healed":0,"gold_gain":0,"player_choice":"Lose Max HP","damage_taken":0,"relics_obtained":["Golden Idol"],"max_hp_gain":0,"max_hp_loss":6,"event_name":"Golden Idol","floor":4,"gold_loss":0},{"damage_healed":0,"gold_gain":0,"player_choice":"Upgraded","damage_taken":0,"max_hp_gain":0,"max_hp_loss":0,"event_name":"Upgrade Shrine","floor":5,"gold_loss":0,"cards_upgraded":["Metallicize"]}],"is_beta":false,"boss_relics":[{"not_picked":["Tiny House","Mark of Pain"],"picked":"Black Star"}],"items_purged_floors":[3,13],"is_endless":false,"potions_floor_spawned":[2,7,10],"killed_by":"3 Byrds","ascension_level":3}