{"gold_per_floor":[115,130,130,305,380,380,43,72,72,72,72,86,86,86,86,211,211,235,235,235,235],"floor_reached":21,"playtime":1456,"items_purged":[],"score":173,"play_id":"3c33c0ed-a874-4ddd-adc4-f1cac8598fb1","local_time":"20190218035919","is_ascension_mode":false,"campfire_choices":[{"data":"Armaments","floor":6,"key":"SMITH"},{"data":"Pommel Strike","floor":10,"key":"SMITH"},{"floor":13,"key":"REST"},{"data":"Heavy Blade","floor":15,"key":"SMITH"}],"neow_cost":"NONE","seed_source_timestamp":175170785098191,"circlet_count":0,"master_deck":["Strike_R","Strike_R","Strike_R","Strike_R","Strike_R","Defend_R","Defend_R","Defend_R","Defend_R","Bash","Armaments+1","Uppercut","Doubt","Heavy Blade+1","Pommel Strike+1","Uppercut","Injury","Flex","Juggernaut","Clumsy","Doubt","Body Slam","Iron Wave"],"relics":["Burning Blood","Sundial","Champion Belt","Magic Flower","Golden Idol","Calling Bell","Potion Belt","Shuriken","Incense Burner","Pocketwatch"],"potions_floor_usage":[16,16],"damage_taken":[{"damage":6,"enemies":"2 Louse","floor":1,"turns":3},{"damage":2,"enemies":"Small Slimes","floor":2,"turns":4},{"damage":28,"enemies":"Lagavulin","floor":8,"turns":7},{"damage":1,"enemies":"Cultist","floor":12,"turns":4},{"damage":78,"enemies":"Hexaghost","floor":16,"turns":12},{"damage":81,"enemies":"3 Byrds","floor":18,"turns":9},{"damage":17,"enemies":"Shell Parasite","floor":21,"turns":4}],"seed_played":"3115993522447518300","potions_obtained":[{"floor":2,"key":"Fire Potion"},{"floor":8,"key":"Regen Potion"},{"floor":12,"key":"Explosive Potion"},{"floor":14,"key":"SteroidPotion"}],"is_trial":false,"path_per_floor":["M","M","?","?","?","R","$","E","T","R","?","M","R","?","R","B",null,"M","?","?","M"],"character_chosen":"IRONCLAD","items_purchased":["Heavy Blade","Sundial","Pommel Strike"],"campfire_rested":1,"item_purchase_floors":[7,7,7],"current_hp_per_floor":[88,88,88,88,77,77,77,55,55,55,55,63,88,88,88,19,88,16,16,16,0],"gold":235,"neow_bonus":"TEN_PERCENT_HP_BONUS","is_prod":false,"is_daily":false,"chose_seed":false,"campfire_upgraded":3,"win_rate":0.0,"timestamp":1550480359,"path_taken":["M","M","?","?","?","R","$","E","T","R","?","M","R","?","R","BOSS","M","?","?","M"],"build_version":"2019-01-23","purchased_purges":0,"victory":false,"max_hp_per_floor":[88,88,88,88,88,88,88,88,88,88,88,88,88,88,88,88,88,88,88,88,88],"card_choices":[{"not_picked":["Seeing Red","Warcry"],"picked":"Armaments","floor":1},{"not_picked":["Heavy Blade","Warcry"],"picked":"Uppercut","floor":2},{"not_picked":["Warcry","Clash"],"picked":"Uppercut","floor":8},{"not_picked":["Hemokinesis","Rampage"],"picked":"Flex","floor":12},{"not_picked":["Bludgeon","Impervious"],"picked":"Juggernaut","floor":16},{"not_picked":["Reckless Charge","Hemokinesis"],"picked":"Body Slam","floor":18}],"player_experience":6075,"relics_obtained":[{"floor":8,"key":"Champion Belt"},{"floor":9,"key":"Magic Flower"},{"floor":17,"key":"Potion Belt"},{"floor":17,"key":"Shuriken"},{"floor":17,"key":"Incense Burner"}],"event_choices":[{"damage_healed":0,"gold_gain":0,"player_choice":"Leave","damage_taken":0,"max_hp_gain":0,"max_hp_loss":0,"event_name":"The Cleric","floor":3,"gold_loss":0},{"damage_healed":0,"gold_gain":175,"player_choice":"AGREE","damage_taken":0,"max_hp_gain":0,"max_hp_loss":0,"event_name":"Liars Game","floor":4,"gold_loss":0,"cards_obtained":["Doubt"]},{"damage_healed":0,"gold_gain":75,"player_choice":"Gather Gold","damage_taken":11,"max_hp_gain":0,"max_hp_loss":0,"event_name":"World of Goop","floor":5,"gold_loss":0},{"damage_healed":0,"gold_gain":0,"player_choice":"Take Wound","damage_taken":0,"relics_obtained":["Golden Idol"],"max_hp_gain":0,"max_hp_loss":0,"event_name":"Golden Idol","floor":11,"gold_loss":0,"cards_obtained":["Injury"]},{"damage_healed":0,"gold_gain":0,"player_choice":"Got Potions","damage_taken":0,"max_hp_gain":0,"max_hp_loss":0,"event_name":"Lab","floor":14,"gold_loss":0},{"damage_healed":0,"gold_gain":0,"player_choice":"Opened","damage_taken":0,"relics_obtained":["Pocketwatch"],"max_hp_gain":0,"max_hp_loss":0,"event_name":"The Mausoleum","floor":19,"gold_loss":0},{"cards_removed":["Decay"],"damage_healed":0,"gold_gain":0,"player_choice":"Took Card","damage_taken":0,"max_hp_gain":0,"max_hp_loss":0,"event_name":"NoteForYourself","floor":20,"gold_loss":0,"cards_obtained":["Iron Wave"]}],"is_beta":false,"boss_relics":[{"not_picked":["Snecko Eye","Velvet Choker"],"picked":"Calling Bell"}],"items_purged_floors":[],"is_endless":false,"potions_floor_spawned":[2,8,12],"killed_by":"Shell Parasite","ascension_level":0}