{"gold_per_floor":[359,23,35,45,120,137,137,164,189,208,218,238,238,252,252,328,328,298,298,298,198,198,198,198,198,198,198,47,47,47,47,47,47,47,47,47,47,47,47,47,47,47,47,47,47,2,2],"floor_reached":47,"playtime":966,"items_purged":["Defend_R","Defend_R"],"score":968,"play_id":"a1daa4dd-6be1-40a8-834a-fa206cb474e8","local_time":"20190315011107","is_ascension_mode":true,"campfire_choices":[{"data":"Inflame","floor":7,"key":"SMITH"},{"floor":13,"key":"REST"},{"data":"Whirlwind","floor":15,"key":"SMITH"},{"floor":23,"key":"REST"},{"data":"Flex","floor":25,"key":"SMITH"},{"data":"Flex","floor":27,"key":"SMITH"},{"floor":32,"key":"REST"},{"data":"Heavy Blade","floor":40,"key":"SMITH"},{"data":"Mind Blast","floor":42,"key":"SMITH"}],"neow_cost":"PERCENT_DAMAGE","seed_source_timestamp":223514657890473,"circlet_count":0,"master_deck":["AscendersBane","Strike_R","Strike_R","Strike_R","Strike_R","Strike_R","Defend_R+1","Defend_R","Bash","Pommel Strike","Inflame+1","Flex+1","Offering","Whirlwind+1","Flex+1","Twin Strike","Limit Break+1","Headbutt","Heavy Blade+1","Mind Blast+1","Flex"],"relics":["Burning Blood","Sling","Odd Mushroom","Potion Belt","Ectoplasm","Red Skull","War Paint","Paper Frog","Happy Flower","Self Forming Clay","Coffee Dripper","Dream Catcher","Question Card","Calipers"],"potions_floor_usage":[6,6,10,18,24,30,33,38,38],"damage_taken":[{"damage":4,"enemies":"Small Slimes","floor":1,"turns":4},{"damage":7,"enemies":"Jaw Worm","floor":3,"turns":3},{"damage":1,"enemies":"Cultist","floor":4,"turns":3},{"damage":8,"enemies":"Red Slaver","floor":6,"turns":4},{"damage":25,"enemies":"The Mushroom Lair","floor":8,"turns":4},{"damage":6,"enemies":"Looter","floor":10,"turns":2},{"damage":6,"enemies":"Large Slime","floor":11,"turns":2},{"damage":12,"enemies":"Exordium Wildlife","floor":12,"turns":3},{"damage":19,"enemies":"Red Slaver","floor":14,"turns":4},{"damage":6,"enemies":"Slime Boss","floor":16,"turns":4},{"damage":16,"enemies":"2 Thieves","floor":18,"turns":2},{"damage":26,"enemies":"Shell Parasite","floor":19,"turns":4},{"damage":18,"enemies":"Cultist and Chosen","floor":22,"turns":2},{"damage":6,"enemies":"Slavers","floor":24,"turns":1},{"damage":24,"enemies":"3 Cultists","floor":29,"turns":3},{"damage":6,"enemies":"Gremlin Leader","floor":30,"turns":1},{"damage":35,"enemies":"Automaton","floor":33,"turns":6},{"damage":31,"enemies":"3 Shapes","floor":35,"turns":3},{"damage":12,"enemies":"Orb Walker","floor":38,"turns":2},{"damage":0,"enemies":"Mind Bloom Boss Battle","floor":44,"turns":3},{"damage":38,"enemies":"Writhing Mass","floor":47,"turns":1}],"seed_played":"5966645181388629624","potions_obtained":[{"floor":1,"key":"Ancient Potion"},{"floor":4,"key":"SkillPotion"},{"floor":8,"key":"SkillPotion"},{"floor":14,"key":"Block Potion"},{"floor":22,"key":"Swift Potion"},{"floor":29,"key":"SkillPotion"},{"floor":30,"key":"Poison Potion"},{"floor":33,"key":"Weak Potion"},{"floor":35,"key":"AttackPotion"},{"floor":44,"key":"Dexterity Potion"}],"is_trial":false,"path_per_floor":["M","$","M","M","?","M","R","?","T","M","M","M","R","M","R","B",null,"M","M","?","$","M","R","E","R","T","R","$","M","E","$","R","B",null,"M","T","?","M","$","R","?","R","T","?","$","$","M"],"character_chosen":"IRONCLAD","items_purchased":["Inflame","Sling","Happy Flower","Flex"],"campfire_rested":3,"item_purchase_floors":[2,2,28,46],"current_hp_per_floor":[52,52,51,56,45,43,43,24,24,24,24,18,40,27,27,27,63,53,33,33,33,21,43,43,43,43,43,43,25,25,25,47,18,61,36,36,36,30,30,30,30,30,30,36,36,36,0],"gold":2,"neow_bonus":"TWO_FIFTY_GOLD","is_prod":false,"is_daily":false,"chose_seed":false,"campfire_upgraded":6,"win_rate":0,"timestamp":1552597867,"path_taken":["M","$","M","M","?","M","R","?","T","M","M","M","R","M","R","BOSS","M","M","?","$","?","R","E","R","T","R","$","M","E","?","R","BOSS","M","?","?","?","$","R","?","R","T","?","?","$","M"],"build_version":"2019-01-23","purchased_purges":2,"victory":false,"max_hp_per_floor":[75,75,75,75,75,75,75,75,75,75,75,75,75,75,75,75,75,75,75,75,75,75,75,75,75,75,75,75,75,75,75,75,75,75,75,75,75,75,75,75,75,75,75,75,75,75,75],"card_choices":[{"not_picked":["Burning Pact","Shrug It Off"],"picked":"Pommel Strike","floor":1},{"not_picked":["Burning Pact","Havoc","Anger"],"picked":"SKIP","floor":3},{"not_picked":["Warcry","True Grit"],"picked":"Flex","floor":4},{"not_picked":["Shrug It Off","Warcry"],"picked":"Offering","floor":6},{"not_picked":["Anger","Clash"],"picked":"Whirlwind","floor":10},{"not_picked":["Infernal Blade","Shrug It Off","Carnage"],"picked":"SKIP","floor":11},{"not_picked":["Second Wind","Entrench"],"picked":"Flex","floor":12},{"not_picked":["Headbutt","Dual Wield"],"picked":"Twin Strike","floor":14},{"not_picked":["Impervious","Double Tap"],"picked":"Limit Break","floor":16},{"not_picked":["Iron Wave","Ghostly Armor","Evolve"],"picked":"SKIP","floor":18},{"not_picked":["Rupture","Whirlwind","Fire Breathing"],"picked":"SKIP","floor":19},{"not_picked":["Warcry","Armaments","Havoc"],"picked":"SKIP","floor":22},{"not_picked":["Warcry","Combust"],"picked":"Headbutt","floor":24},{"not_picked":["Perfected Strike","Body Slam","Warcry"],"picked":"SKIP","floor":29},{"not_picked":["Iron Wave","Demon Form"],"picked":"Heavy Blade","floor":30},{"not_picked":["Anger+1","Sword Boomerang","Cleave"],"picked":"SKIP","floor":35},{"not_picked":["Anger","Rupture+1","Heavy Blade"],"picked":"SKIP","floor":38},{"not_picked":["Jack Of All Trades","HandOfGreed"],"picked":"Mind Blast","floor":41}],"player_experience":718819,"relics_obtained":[{"floor":8,"key":"Odd Mushroom"},{"floor":9,"key":"Potion Belt"},{"floor":20,"key":"Red Skull"},{"floor":24,"key":"War Paint"},{"floor":26,"key":"Paper Frog"},{"floor":30,"key":"Self Forming Clay"},{"floor":36,"key":"Dream Catcher"},{"floor":43,"key":"Question Card"},{"floor":44,"key":"Calipers"}],"event_choices":[{"damage_healed":0,"gold_gain":75,"player_choice":"Gather Gold","damage_taken":11,"max_hp_gain":0,"max_hp_loss":0,"event_name":"World of Goop","floor":5,"gold_loss":0},{"damage_healed":0,"gold_gain":0,"player_choice":"Fought Mushrooms","damage_taken":0,"max_hp_gain":0,"max_hp_loss":0,"event_name":"Mushrooms","floor":8,"gold_loss":0},{"damage_healed":0,"gold_gain":0,"player_choice":"Relic","damage_taken":0,"max_hp_gain":0,"max_hp_loss":0,"event_name":"Wheel of Change","floor":20,"gold_loss":0},{"damage_healed":0,"gold_gain":50,"player_choice":"Pray","damage_taken":0,"max_hp_gain":0,"max_hp_loss":0,"event_name":"Golden Shrine","floor":37,"gold_loss":0},{"damage_healed":0,"gold_gain":0,"player_choice":"Memory 1","damage_taken":0,"max_hp_gain":0,"max_hp_loss":0,"event_name":"SensoryStone","floor":41,"gold_loss":0},{"damage_healed":0,"gold_gain":0,"player_choice":"Fight","damage_taken":0,"max_hp_gain":0,"max_hp_loss":0,"event_name":"MindBloom","floor":44,"gold_loss":0}],"is_beta":false,"boss_relics":[{"not_picked":["Cursed Key","Runic Pyramid"],"picked":"Ectoplasm"},{"not_picked":["Black Blood","Orrery"],"picked":"Coffee Dripper"}],"items_purged_floors":[2,21],"is_endless":false,"potions_floor_spawned":[1,4,8,14,22,29,30,33,35,44],"killed_by":"Writhing Mass","ascension_level":15}