{"gold_per_floor":[115,132,156,243,255,267,279,291,329,341,392,427,474,500,512,652,664,694,706,743,755,790,802,739,751,763,775,823,848,860,242,242,367,367,382,715,715,468,479,490,490,490],"floor_reached":42,"playtime":2393,"items_purged":["Defend_B","Defend_B"],"score":445,"play_id":"e83b1510-bd1f-4470-93ba-ea98564c5174","local_time":"20190308113518","is_ascension_mode":false,"campfire_choices":[{"data":"Zap","floor":6,"key":"SMITH"},{"floor":8,"key":"REST"},{"data":"Loop","floor":10,"key":"SMITH"},{"floor":15,"key":"REST"},{"data":"Consume","floor":23,"key":"SMITH"},{"data":"Dualcast","floor":27,"key":"SMITH"},{"data":"Heatsinks","floor":30,"key":"SMITH"},{"floor":32,"key":"REST"},{"floor":41,"key":"REST"}],"neow_cost":"NONE","seed_source_timestamp":343019799106211,"circlet_count":0,"master_deck":["Strike_B+1","Defend_B","Defend_B","Zap+1","Dualcast+1","Loop+1","Self Repair","Consume+1","Electrodynamics","Reboot","Leap+1","Heatsinks+1","Finesse","Zap+1"],"relics":["Cracked Core","MawBank","Pen Nib","Omamori","Bag of Preparation","Sozu","Smiling Mask","Nilry\u0027s Codex","Whetstone","Orichalcum","Shovel","DollysMirror","Black Star","PrismaticShard"],"potions_floor_usage":[16,16],"damage_taken":[{"damage":0,"enemies":"Cultist","floor":1,"turns":2},{"damage":8,"enemies":"Small Slimes","floor":2,"turns":2},{"damage":16,"enemies":"Lagavulin","floor":11,"turns":5},{"damage":0,"enemies":"2 Louse","floor":12,"turns":2},{"damage":20,"enemies":"Gremlin Nob","floor":13,"turns":4},{"damage":5,"enemies":"Looter","floor":14,"turns":3},{"damage":56,"enemies":"The Guardian","floor":16,"turns":9},{"damage":20,"enemies":"2 Thieves","floor":18,"turns":3},{"damage":0,"enemies":"Chosen","floor":22,"turns":4},{"damage":32,"enemies":"Slavers","floor":28,"turns":4},{"damage":6,"enemies":"3 Cultists","floor":29,"turns":4},{"damage":43,"enemies":"Collector","floor":33,"turns":10},{"damage":38,"enemies":"3 Darklings","floor":35,"turns":5},{"damage":0,"enemies":"3 Shapes","floor":39,"turns":2},{"damage":19,"enemies":"3 Darklings","floor":40,"turns":3},{"damage":71,"enemies":"Nemesis","floor":42,"turns":10}],"seed_played":"6357827829958503841","potions_obtained":[{"floor":1,"key":"Explosive Potion"},{"floor":12,"key":"FearPotion"},{"floor":16,"key":"SmokeBomb"}],"is_trial":false,"path_per_floor":["M","M","T","?","?","R","?","R","T","R","E","M","E","M","R","B",null,"M","?","T","$","M","R","?","?","T","R","E","M","R","$","R","B",null,"M","?","?","$","M","M","R","E"],"character_chosen":"DEFECT","items_purchased":["Finesse","Shovel","DollysMirror","PrismaticShard"],"campfire_rested":4,"item_purchase_floors":[31,31,31,38],"current_hp_per_floor":[82,74,74,63,56,56,36,60,60,60,44,44,31,33,57,1,82,69,69,69,69,76,76,76,60,60,60,35,36,36,36,60,24,82,51,51,51,51,58,46,70,0],"gold":490,"neow_bonus":"TEN_PERCENT_HP_BONUS","is_prod":false,"is_daily":false,"chose_seed":false,"campfire_upgraded":5,"win_rate":0.0,"timestamp":1552041318,"path_taken":["M","M","?","?","?","R","?","R","T","R","E","M","E","?","R","BOSS","M","?","?","$","M","R","?","?","T","R","E","M","R","?","R","BOSS","M","?","?","?","?","M","R","E"],"build_version":"2019-01-23","purchased_purges":2,"victory":false,"max_hp_per_floor":[82,82,82,82,82,82,82,82,82,82,82,82,82,82,82,82,82,82,82,82,82,82,82,82,82,82,82,82,82,82,82,82,82,82,82,82,82,82,82,82,82,82],"card_choices":[{"not_picked":["Skim","Redo"],"picked":"Loop","floor":1},{"not_picked":["Conserve Battery","Steam Power","Ball Lightning"],"picked":"SKIP","floor":2},{"not_picked":["Conserve Battery","Rip and Tear","Static Discharge"],"picked":"SKIP","floor":11},{"not_picked":["Cold Snap","Genetic Algorithm"],"picked":"Self Repair","floor":12},{"not_picked":["Redo","Tempest"],"picked":"Consume","floor":13},{"not_picked":["Barrage","Rebound"],"picked":"Electrodynamics","floor":14},{"not_picked":["Thunder Strike","Hyperbeam"],"picked":"Reboot","floor":16},{"not_picked":["Tempest","Rebound"],"picked":"Leap+1","floor":18},{"not_picked":["Scrape","Rip and Tear","Rebound"],"picked":"SKIP","floor":22},{"not_picked":["Storm","Rebound"],"picked":"Heatsinks","floor":28},{"not_picked":["Compile Driver+1","Leap","Streamline+1"],"picked":"SKIP","floor":29},{"not_picked":["Conserve Battery","Barrage+1","Turbo+1"],"picked":"SKIP","floor":35},{"not_picked":["Beam Cell","Mind Blast","Chaos"],"picked":"SKIP","floor":39},{"not_picked":["Turbo+1","Coolheaded","Blade Dance"],"picked":"SKIP","floor":40}],"player_experience":30088,"relics_obtained":[{"floor":3,"key":"MawBank"},{"floor":9,"key":"Pen Nib"},{"floor":11,"key":"Omamori"},{"floor":13,"key":"Bag of Preparation"},{"floor":20,"key":"Smiling Mask"},{"floor":25,"key":"Nilry\u0027s Codex"},{"floor":26,"key":"Whetstone"},{"floor":28,"key":"Orichalcum"}],"event_choices":[{"damage_healed":0,"gold_gain":75,"player_choice":"Gather Gold","damage_taken":11,"max_hp_gain":0,"max_hp_loss":0,"event_name":"World of Goop","floor":4,"gold_loss":0},{"cards_removed":["Strike_B"],"damage_healed":0,"gold_gain":0,"player_choice":"Card Removal","damage_taken":7,"max_hp_gain":0,"max_hp_loss":0,"event_name":"Golden Wing","floor":5,"gold_loss":0},{"damage_healed":0,"gold_gain":0,"player_choice":"Take Damage","damage_taken":20,"relics_obtained":["Golden Idol"],"max_hp_gain":0,"max_hp_loss":0,"event_name":"Golden Idol","floor":7,"gold_loss":0},{"damage_healed":0,"gold_gain":0,"player_choice":"Ignored","damage_taken":0,"max_hp_gain":0,"max_hp_loss":0,"event_name":"Ghosts","floor":19,"gold_loss":0},{"cards_removed":["Strike_B"],"damage_healed":0,"gold_gain":0,"player_choice":"Gave Gold","damage_taken":0,"max_hp_gain":0,"max_hp_loss":0,"event_name":"Beggar","floor":24,"gold_loss":75},{"damage_healed":0,"gold_gain":0,"player_choice":"Obtained Book","damage_taken":16,"max_hp_gain":0,"max_hp_loss":0,"event_name":"Cursed Tome","floor":25,"gold_loss":0},{"damage_healed":0,"gold_gain":333,"player_choice":"Gave Idol","damage_taken":0,"max_hp_gain":0,"max_hp_loss":0,"event_name":"The Moai Head","floor":36,"relics_lost":["Golden Idol"],"gold_loss":0},{"cards_removed":["Strike_B"],"damage_healed":0,"gold_gain":0,"player_choice":"Removed Attack","damage_taken":0,"max_hp_gain":0,"max_hp_loss":0,"event_name":"Falling","floor":37,"gold_loss":0}],"is_beta":false,"boss_relics":[{"not_picked":["Ectoplasm","Velvet Choker"],"picked":"Sozu"},{"not_picked":["Orrery","Empty Cage"],"picked":"Black Star"}],"items_purged_floors":[31,38],"is_endless":false,"potions_floor_spawned":[1,12,16,18,33,39],"killed_by":"Nemesis","ascension_level":0}