{"gold_per_floor":[111,123,123,123,72,104,115,19,19,19],"floor_reached":10,"playtime":562,"items_purged":[],"score":116,"play_id":"5e384959-3d0f-40f0-9c98-e65da0a0f4c8","local_time":"20190115191206","is_ascension_mode":true,"campfire_choices":[],"neow_cost":"NONE","seed_source_timestamp":318964987339934,"circlet_count":0,"master_deck":["AscendersBane","Strike_R","Strike_R","Strike_R","Strike_R","Strike_R","Defend_R","Defend_R","Defend_R","Defend_R","Bash","Deep Breath","Shrug It Off","Perfected Strike","Cleave","Hemokinesis","Trip"],"relics":["Burning Blood","Pear","Pantograph","Letter Opener"],"potions_floor_usage":[10,10],"damage_taken":[{"damage":1,"enemies":"Cultist","floor":1,"turns":4},{"damage":2,"enemies":"Small Slimes","floor":2,"turns":5},{"damage":56,"enemies":"Lagavulin","floor":6,"turns":8},{"damage":7,"enemies":"Jaw Worm","floor":7,"turns":3},{"damage":23,"enemies":"Gremlin Nob","floor":10,"turns":3}],"seed_played":"-4309423199171615493","potions_obtained":[{"floor":2,"key":"SpeedPotion"}],"is_trial":false,"path_per_floor":["M","M","?","?","$","E","M","$","T","E"],"character_chosen":"IRONCLAD","items_purchased":["Explosive Potion","Trip"],"campfire_rested":0,"item_purchase_floors":[5,8],"current_hp_per_floor":[73,75,80,72,72,22,21,21,21,0],"gold":19,"neow_bonus":"RANDOM_COLORLESS","is_prod":false,"is_daily":false,"chose_seed":false,"campfire_upgraded":0,"win_rate":0,"timestamp":1547608326,"path_taken":["M","M","?","?","?","E","?","$","T","E"],"build_version":"2019-01-10","purchased_purges":0,"victory":false,"max_hp_per_floor":[75,75,80,90,90,90,90,90,90,90],"card_choices":[{"not_picked":["Second Wind","Body Slam"],"picked":"Shrug It Off","floor":1},{"not_picked":["True Grit","Burning Pact"],"picked":"Perfected Strike","floor":2},{"not_picked":["Battle Trance","Fire Breathing"],"picked":"Cleave","floor":6},{"not_picked":["Twin Strike","Whirlwind"],"picked":"Hemokinesis","floor":7}],"player_experience":485708,"relics_obtained":[{"floor":6,"key":"Pantograph"},{"floor":9,"key":"Letter Opener"}],"event_choices":[{"damage_healed":0,"gold_gain":0,"player_choice":"Donut","damage_taken":0,"max_hp_gain":5,"max_hp_loss":0,"event_name":"Big Fish","floor":3,"gold_loss":0},{"damage_healed":0,"gold_gain":0,"player_choice":"Success","damage_taken":18,"relics_obtained":["Pear"],"max_hp_gain":0,"max_hp_loss":0,"event_name":"Scrap Ooze","floor":4,"gold_loss":0}],"is_beta":false,"boss_relics":[],"items_purged_floors":[],"is_endless":false,"potions_floor_spawned":[2,6],"killed_by":"Gremlin Nob","ascension_level":15}