{"gold_per_floor":[118,118,131,147,147,147,175,193,193,193,226,241,253,265,265,368,368,387,387,405,88,88,88,116,69,69,69,0,0],"floor_reached":29,"playtime":2185,"items_purged":["Static Discharge"],"score":278,"play_id":"6f95f737-2a66-471b-90c0-9cbf345ec219","local_time":"20190331123903","is_ascension_mode":true,"campfire_choices":[{"data":"Loop","floor":6.0,"key":"SMITH"},{"floor":10.0,"key":"REST"},{"floor":15,"key":"REST"},{"data":"Capacitor","floor":23,"key":"SMITH"},{"floor":27,"key":"REST"}],"neow_cost":"NONE","seed_source_timestamp":0,"circlet_count":0,"master_deck":["Dualcast","Blizzard","Glacier","Loop+1","BootSequence","Conserve Battery","Tempest+1","Glacier+1","Capacitor+1","Biased Cognition","Reprogram+1","Double Energy+1","Stack+1","Genetic Algorithm+1","Multi-Cast+1","Rebound","Core Surge","Conserve Battery+1","Self Repair","Conserve Battery+1","Cold Snap","Coolheaded+1"],"special_seed":0,"relics":["Cracked Core","NeowsBlessing","Anchor","Toxic Egg 2","Mercury Hourglass","Pandora\u0027s Box","Tiny Chest","MutagenicStrength","Thread and Needle","Gremlin Horn"],"potions_floor_usage":[16,16,16,24,24],"damage_taken":[{"damage":0.0,"enemies":"Cultist","floor":1.0,"turns":1.0},{"damage":0.0,"enemies":"2 Louse","floor":3.0,"turns":1.0},{"damage":0.0,"enemies":"Small Slimes","floor":4.0,"turns":1.0},{"damage":51.0,"enemies":"Gremlin Nob","floor":7.0,"turns":5.0},{"damage":7.0,"enemies":"Exordium Thugs","floor":8.0,"turns":3.0},{"damage":16.0,"enemies":"3 Sentries","floor":11.0,"turns":9.0},{"damage":0,"enemies":"Blue Slaver","floor":12,"turns":2},{"damage":0,"enemies":"3 Louse","floor":13,"turns":3},{"damage":3,"enemies":"Exordium Thugs","floor":14,"turns":6},{"damage":20,"enemies":"Slime Boss","floor":16,"turns":5},{"damage":9,"enemies":"Spheric Guardian","floor":18,"turns":4},{"damage":25,"enemies":"Shell Parasite","floor":20,"turns":5},{"damage":33,"enemies":"Book of Stabbing","floor":24,"turns":7},{"damage":40,"enemies":"Cultist and Chosen","floor":29,"turns":6}],"seed_played":"-6154568591215348874","potions_obtained":[{"floor":4.0,"key":"SpeedPotion"},{"floor":5.0,"key":"Strength Potion"},{"floor":5.0,"key":"AttackPotion"},{"floor":5.0,"key":"Fire Potion"},{"floor":13,"key":"FocusPotion"},{"floor":16,"key":"Explosive Potion"},{"floor":20,"key":"FearPotion"},{"floor":24,"key":"Poison Potion"}],"is_trial":false,"path_per_floor":["M","$","M","M","?","R","E","M","T","R","E","M","M","M","R","B",null,"M","?","M","$","?","R","E","$","T","R","?","M"],"character_chosen":"DEFECT","items_purchased":["Self Repair","Tiny Chest","Conserve Battery+1","Coolheaded+1"],"campfire_rested":3,"item_purchase_floors":[21,21,21,25],"current_hp_per_floor":[75,75,75,75,75,75,24,17,17,39,23,23,23,20,42,22,75,66,66,41,41,41,41,15,15,15,37,37,0],"gold":0,"neow_bonus":"THREE_ENEMY_KILL","is_prod":false,"is_daily":false,"chose_seed":false,"campfire_upgraded":2,"win_rate":0,"timestamp":1554050343,"path_taken":["M","$","M","M","?","R","E","M","T","R","E","?","M","M","R","BOSS","M","?","?","$","?","R","E","$","T","R","?","M"],"build_version":"2019-01-23","purchased_purges":1,"victory":false,"max_hp_per_floor":[75,75,75,75,75,75,75,75,75,75,75,75,75,75,75,75,75,75,75,75,75,75,75,75,75,75,75,75,75],"card_choices":[{"not_picked":["Beam Cell","Streamline"],"picked":"Blizzard","floor":1.0},{"not_picked":["Go for the Eyes","Force Field"],"picked":"Glacier","floor":3.0},{"not_picked":["Barrage","Compile Driver"],"picked":"Loop","floor":4.0},{"not_picked":["Gash","Storm"],"picked":"BootSequence","floor":7.0},{"not_picked":["Cold Snap","Gash"],"picked":"Conserve Battery","floor":8.0},{"not_picked":["Lockon","Rip and Tear"],"picked":"Tempest+1","floor":11.0},{"not_picked":["Ball Lightning","Sweeping Beam"],"picked":"Glacier+1","floor":12},{"not_picked":["Aggregate+1","Undo+1","Echo Form"],"picked":"SKIP","floor":13},{"not_picked":["Hologram+1","Beam Cell"],"picked":"Capacitor","floor":14},{"not_picked":["Hyperbeam","Machine Learning"],"picked":"Biased Cognition","floor":16},{"not_picked":["Compile Driver","Leap+1"],"picked":"Conserve Battery+1","floor":18},{"not_picked":["Go for the Eyes","Rip and Tear+1","Ball Lightning+1"],"picked":"SKIP","floor":20},{"not_picked":["Creative AI","Reinforced Body+1"],"picked":"Cold Snap","floor":24}],"player_experience":182363,"relics_obtained":[{"floor":7.0,"key":"Anchor"},{"floor":9.0,"key":"Toxic Egg 2"},{"floor":11.0,"key":"Mercury Hourglass"},{"floor":24,"key":"Thread and Needle"},{"floor":26,"key":"Gremlin Horn"}],"event_choices":[{"damage_healed":0.0,"max_hp_gain":0.0,"max_hp_loss":0.0,"gold_gain":0.0,"event_name":"Lab","player_choice":"Got Potions","floor":5.0,"gold_loss":0.0,"damage_taken":0.0},{"cards_removed":["Zap"],"damage_healed":0,"gold_gain":0,"player_choice":"Purged","damage_taken":0,"max_hp_gain":0,"max_hp_loss":0,"event_name":"Purifier","floor":19,"gold_loss":0},{"damage_healed":0,"gold_gain":0,"player_choice":"Inject Mutagens","damage_taken":0,"relics_obtained":["MutagenicStrength"],"max_hp_gain":0,"max_hp_loss":0,"event_name":"Drug Dealer","floor":22,"gold_loss":0},{"damage_healed":0,"gold_gain":0,"player_choice":"Paid Fearfully","damage_taken":0,"max_hp_gain":0,"max_hp_loss":0,"event_name":"Masked Bandits","floor":28,"gold_loss":69}],"is_beta":false,"boss_relics":[{"not_picked":["Eternal Feather","Philosopher\u0027s Stone"],"picked":"Pandora\u0027s Box"}],"items_purged_floors":[21],"is_endless":false,"potions_floor_spawned":[4,8,13,14,16,20,24],"killed_by":"Cultist and Chosen","ascension_level":2}