{"gold_per_floor":[111,128,128,146,146,179,179,179,205,205,230,230,246,258,258,258],"floor_reached":16,"playtime":738,"items_purged":[],"score":220,"play_id":"3ff2a1d4-a2f2-4f41-8367-82cb73d354ac","local_time":"20190416204917","is_ascension_mode":true,"campfire_choices":[{"floor":8,"key":"REST"},{"data":"Pummel","floor":12,"key":"SMITH"},{"floor":15,"key":"REST"}],"neow_cost":"NONE","seed_source_timestamp":342692001780391,"circlet_count":0,"master_deck":["AscendersBane","Strike_R","Strike_R","Strike_R","Strike_R","Strike_R","Defend_R","Defend_R","Defend_R","Defend_R","Bash+1","Pummel+1","Iron Wave","Twin Strike","Dropkick","Warcry","Body Slam"],"relics":["Burning Blood","NeowsBlessing","Regal Pillow","Boot","Potion Belt"],"potions_floor_usage":[13,16,16,16],"damage_taken":[{"damage":0,"enemies":"Cultist","floor":1,"turns":1},{"damage":0,"enemies":"2 Louse","floor":2,"turns":2},{"damage":0,"enemies":"Small Slimes","floor":4,"turns":1},{"damage":50,"enemies":"3 Sentries","floor":6,"turns":12},{"damage":25,"enemies":"Lagavulin","floor":11,"turns":6},{"damage":21,"enemies":"Exordium Wildlife","floor":13,"turns":4},{"damage":3,"enemies":"3 Louse","floor":14,"turns":4},{"damage":83,"enemies":"The Guardian","floor":16,"turns":15}],"seed_played":"-273241702494604745","potions_obtained":[{"floor":1,"key":"FearPotion"},{"floor":2,"key":"Weak Potion"},{"floor":11,"key":"Explosive Potion"},{"floor":13,"key":"Fruit Juice"}],"is_trial":false,"path_per_floor":["M","M","?","M","$","E","?","R","T","?","E","R","M","M","R","B"],"character_chosen":"IRONCLAD","items_purchased":[],"campfire_rested":2,"item_purchase_floors":[],"current_hp_per_floor":[74,75,75,75,75,31,31,68,68,68,49,49,39,42,80,0],"gold":258,"neow_bonus":"THREE_ENEMY_KILL","is_prod":false,"is_daily":false,"chose_seed":false,"campfire_upgraded":1,"win_rate":0,"timestamp":1555472957,"path_taken":["M","?","?","M","$","E","?","R","T","?","E","R","M","M","R","BOSS"],"build_version":"2019-01-23","purchased_purges":0,"victory":false,"max_hp_per_floor":[75,75,75,75,75,75,75,75,75,75,75,75,80,80,80,80],"card_choices":[{"not_picked":["Sever Soul","Blood for Blood"],"picked":"Pummel","floor":1},{"not_picked":["Heavy Blade","Reckless Charge"],"picked":"Iron Wave","floor":2},{"not_picked":["Flex","Perfected Strike"],"picked":"Twin Strike","floor":4},{"not_picked":["Impervious","Body Slam"],"picked":"Dropkick","floor":6},{"not_picked":["True Grit","Rupture"],"picked":"Warcry","floor":11},{"not_picked":["Pommel Strike","Sentinel","Perfected Strike"],"picked":"SKIP","floor":13},{"not_picked":["Blood for Blood","Anger"],"picked":"Body Slam","floor":14}],"player_experience":671521,"relics_obtained":[{"floor":6,"key":"Regal Pillow"},{"floor":9,"key":"Boot"},{"floor":11,"key":"Potion Belt"}],"event_choices":[{"damage_healed":0,"gold_gain":0,"player_choice":"Leave","damage_taken":0,"max_hp_gain":0,"max_hp_loss":0,"event_name":"The Cleric","floor":3,"gold_loss":0},{"damage_healed":0,"gold_gain":0,"player_choice":"Grow","damage_taken":0,"max_hp_gain":0,"max_hp_loss":0,"event_name":"Living Wall","floor":7,"gold_loss":0,"cards_upgraded":["Bash"]},{"damage_healed":0,"gold_gain":0,"player_choice":"Ignored","damage_taken":0,"max_hp_gain":0,"max_hp_loss":0,"event_name":"Shining Light","floor":10,"gold_loss":0}],"is_beta":false,"boss_relics":[],"items_purged_floors":[],"is_endless":false,"potions_floor_spawned":[1,2,11,13],"killed_by":"The Guardian","ascension_level":20}