{"gold_per_floor":[112,112,112,37,55,55,89,109,180,180,80,110,127,160,160,261,261,280,155,155,155,155,190,190,225,274,274,289,352,368,468,468,569,569,582,93,103,103,115,115,36,48,97,97,109,121,121,140,140,140],"floor_reached":51,"playtime":1792,"items_purged":["Strike_B","Strike_B","Defend_B","Defend_B"],"score":773,"play_id":"da61f317-5f81-4fcf-8176-2230fe7d06b5","local_time":"20190411151221","daily_mods":["Heirloom","Time Dilation","Elite Swarm"],"is_ascension_mode":false,"campfire_choices":[{"data":"Strike_B","floor":6,"key":"PURGE"},{"floor":10,"key":"REST"},{"data":"Strike_B","floor":15,"key":"PURGE"},{"data":"Defend_B","floor":24,"key":"PURGE"},{"floor":27,"key":"REST"},{"floor":32,"key":"REST"},{"data":"All For One","floor":40,"key":"PURGE"},{"floor":47,"key":"REST"},{"data":"Defend_B+1","floor":49,"key":"PURGE"}],"neow_cost":"","seed_source_timestamp":0,"circlet_count":0,"master_deck":["Zap+1","Dualcast","Gash","Electrodynamics","Ball Lightning","Biased Cognition","Thunder Strike","Gash","Streamline","Defragment","Gash+1"],"relics":["Cracked Core","Peace Pipe","CultistMask","Regal Pillow","Singing Bowl","Omamori","Art of War","Mummified Hand","Du-Vu Doll","Matryoshka","Blue Candle","Bag of Preparation","Tiny Chest","Fusion Hammer","Mango","Bronze Scales","Happy Flower"],"potions_floor_usage":[16,25,25,42,44,48,50,50],"damage_taken":[{"damage":1,"enemies":"Cultist","floor":1,"turns":3},{"damage":3,"enemies":"2 Louse","floor":5,"turns":3},{"damage":25,"enemies":"Lagavulin","floor":7,"turns":7},{"damage":0,"enemies":"Small Slimes","floor":8,"turns":3},{"damage":10,"enemies":"3 Sentries","floor":12,"turns":3},{"damage":0,"enemies":"3 Louse","floor":13,"turns":1},{"damage":13,"enemies":"Lagavulin","floor":14,"turns":5},{"damage":30,"enemies":"Hexaghost","floor":16,"turns":11},{"damage":7,"enemies":"3 Byrds","floor":18,"turns":3},{"damage":26,"enemies":"Book of Stabbing","floor":23,"turns":4},{"damage":23,"enemies":"Gremlin Leader","floor":25,"turns":4},{"damage":10,"enemies":"Chosen","floor":28,"turns":2},{"damage":33,"enemies":"Slavers","floor":29,"turns":3},{"damage":28,"enemies":"Shelled Parasite and Fungi","floor":30,"turns":4},{"damage":34,"enemies":"Automaton","floor":33,"turns":6},{"damage":0,"enemies":"3 Darklings","floor":35,"turns":2},{"damage":6,"enemies":"3 Shapes","floor":37,"turns":3},{"damage":24,"enemies":"Spire Growth","floor":39,"turns":3},{"damage":18,"enemies":"4 Shapes","floor":42,"turns":3},{"damage":10,"enemies":"Sphere and 2 Shapes","floor":45,"turns":3},{"damage":0,"enemies":"Jaw Worm Horde","floor":46,"turns":1},{"damage":13,"enemies":"Transient","floor":48,"turns":5},{"damage":104,"enemies":"Donu and Deca","floor":50,"turns":6}],"seed_played":"-575849952437201938","potions_obtained":[{"floor":1,"key":"Explosive Potion"},{"floor":8,"key":"Swift Potion"},{"floor":13,"key":"Block Potion"},{"floor":18,"key":"SpeedPotion"},{"floor":28,"key":"Ancient Potion"},{"floor":29,"key":"Strength Potion"},{"floor":39,"key":"Regen Potion"},{"floor":44,"key":"Fruit Juice"},{"floor":45,"key":"EssenceOfSteel"},{"floor":46,"key":"Fruit Juice"}],"is_trial":true,"path_per_floor":["M","?","?","$","M","R","E","M","T","R","$","E","M","E","R","B",null,"M","$","T","?","?","E","R","E","T","R","M","E","M","?","R","B",null,"M","$","M","$","M","R","$","M","T","?","M","M","R","M","R","B",null],"character_chosen":"DEFECT","items_purchased":["Mango","Streamline","Defragment"],"campfire_rested":4,"item_purchase_floors":[36,36,41],"current_hp_per_floor":[74,59,59,59,56,56,31,31,31,68,68,60,62,49,49,19,79,74,74,74,81,81,55,55,34,34,73,65,34,8,8,49,17,91,93,107,103,103,81,81,81,70,70,75,67,67,118,112,112,8],"gold":140,"neow_bonus":"","is_prod":false,"is_daily":false,"chose_seed":false,"campfire_upgraded":0,"win_rate":0,"timestamp":1555009941,"path_taken":["M","?","?","$","?","R","E","M","T","R","$","E","M","E","R","BOSS","M","$","?","?","?","E","R","E","T","R","M","E","?","?","R","BOSS","M","$","M","$","M","R","?","?","T","?","?","M","R","M","R","BOSS"],"build_version":"2019-01-23","purchased_purges":4,"victory":true,"max_hp_per_floor":[75,75,75,75,75,75,75,75,75,75,75,77,79,79,79,79,79,81,81,81,81,81,81,81,83,83,83,85,87,89,89,89,91,91,93,107,109,109,111,111,111,113,113,118,120,120,120,127,127,127],"card_choices":[{"not_picked":["Double Energy","FTL","Redo"],"picked":"SKIP","floor":1},{"not_picked":["Genetic Algorithm","Coolheaded"],"picked":"Gash","floor":5},{"not_picked":["Core Surge","Machine Learning"],"picked":"Electrodynamics","floor":7},{"not_picked":["Glacier","Turbo"],"picked":"Ball Lightning","floor":8},{"not_picked":["Multi-Cast","Buffer","Core Surge"],"picked":"Singing Bowl","floor":12},{"not_picked":["Cold Snap","Ball Lightning","Beam Cell"],"picked":"Singing Bowl","floor":13},{"not_picked":["Creative AI","Buffer"],"picked":"Biased Cognition","floor":14},{"not_picked":["Hyperbeam","Meteor Strike"],"picked":"Thunder Strike","floor":16},{"not_picked":["Stack+1","Go for the Eyes","Beam Cell"],"picked":"Singing Bowl","floor":18},{"not_picked":["Core Surge","Amplify"],"picked":"All For One","floor":23},{"not_picked":["Thunder Strike","Rainbow","Buffer"],"picked":"Singing Bowl","floor":25},{"not_picked":["Steam","Consume+1","Heatsinks"],"picked":"Singing Bowl","floor":28},{"not_picked":["Fission","Machine Learning","Amplify"],"picked":"Singing Bowl","floor":29},{"not_picked":["Redo","Compile Driver","Melter"],"picked":"Singing Bowl","floor":30},{"not_picked":["Rainbow","Core Surge","Biased Cognition"],"picked":"Singing Bowl","floor":33},{"not_picked":["Aggregate","Hologram+1","Darkness"],"picked":"Singing Bowl","floor":35},{"not_picked":["Redo","Steam Power+1","Rebound+1"],"picked":"Singing Bowl","floor":37},{"not_picked":["Force Field","Hologram","Stack"],"picked":"Singing Bowl","floor":39},{"not_picked":["Sweeping Beam","Recycle+1","Defragment+1"],"picked":"Singing Bowl","floor":42},{"not_picked":["Stack+1","Hologram","Steam+1"],"picked":"Singing Bowl","floor":45},{"not_picked":["Beam Cell+1","Reinforced Body"],"picked":"Gash+1","floor":46},{"not_picked":["Skim","Go for the Eyes","Lockon"],"picked":"Singing Bowl","floor":48}],"player_experience":476894,"relics_obtained":[{"floor":7,"key":"Regal Pillow"},{"floor":9,"key":"Singing Bowl"},{"floor":12,"key":"Omamori"},{"floor":14,"key":"Art of War"},{"floor":20,"key":"Mummified Hand"},{"floor":23,"key":"Du-Vu Doll"},{"floor":25,"key":"Matryoshka"},{"floor":26,"key":"Blue Candle"},{"floor":26,"key":"Bag of Preparation"},{"floor":29,"key":"Tiny Chest"},{"floor":43,"key":"Bronze Scales"},{"floor":43,"key":"Happy Flower"}],"event_choices":[{"damage_healed":0,"gold_gain":0,"player_choice":"Entered Light","damage_taken":15,"max_hp_gain":0,"max_hp_loss":0,"event_name":"Shining Light","floor":2,"gold_loss":0,"cards_upgraded":["Defend_B","Zap"]},{"damage_healed":0,"gold_gain":0,"player_choice":"Trade","damage_taken":0,"relics_obtained":["CultistMask"],"max_hp_gain":0,"max_hp_loss":0,"event_name":"FaceTrader","floor":3,"gold_loss":0},{"damage_healed":27,"gold_gain":0,"player_choice":"Heal","damage_taken":0,"max_hp_gain":0,"max_hp_loss":0,"event_name":"The Library","floor":21,"gold_loss":0},{"damage_healed":0,"gold_gain":0,"player_choice":"1 cards matched","damage_taken":0,"max_hp_gain":0,"max_hp_loss":0,"event_name":"Match and Keep!","floor":22,"gold_loss":0,"cards_obtained":["Gash"]},{"damage_healed":0,"gold_gain":100,"player_choice":"Pray","damage_taken":0,"max_hp_gain":0,"max_hp_loss":0,"event_name":"Golden Shrine","floor":31,"gold_loss":0},{"damage_healed":0,"gold_gain":0,"player_choice":"Got Potions","damage_taken":0,"max_hp_gain":0,"max_hp_loss":0,"event_name":"Lab","floor":44,"gold_loss":0}],"is_beta":false,"boss_relics":[{"not_picked":["Ectoplasm","Busted Crown","Astrolabe"]},{"not_picked":["Philosopher\u0027s Stone","Snecko Eye"],"picked":"Fusion Hammer"}],"items_purged_floors":[4,11,19,36],"is_endless":false,"potions_floor_spawned":[1,8,13,18,28,29,35,39,45,46],"ascension_level":0}