{"gold_per_floor":[142,142,217,392,392,392,407,407,481,494,517,535,475,39,39,39],"floor_reached":16,"playtime":304,"items_purged":["Doubt","Strike_R"],"score":90,"play_id":"a77cc886-4c22-4fab-b148-a31f7134cd89","local_time":"20190411231753","is_ascension_mode":false,"campfire_choices":[{"data":"Bash","floor":6,"key":"SMITH"},{"data":"Iron Wave","floor":8,"key":"SMITH"},{"data":"Rampage","floor":15,"key":"SMITH"}],"neow_cost":"NONE","seed_source_timestamp":28534562979525,"circlet_count":0,"master_deck":["Strike_R","Strike_R","Strike_R","Strike_R+1","Defend_R","Defend_R+1","Defend_R","Defend_R","Bash+1","Iron Wave+1","Thunderclap","Sword Boomerang","Rampage+1"],"relics":["Burning Blood","Tiny Chest","Golden Idol","The Courier","PrismaticShard","Question Card"],"potions_floor_usage":[16],"damage_taken":[{"damage":3,"enemies":"Small Slimes","floor":1,"turns":3},{"damage":9,"enemies":"2 Louse","floor":7,"turns":3},{"damage":6,"enemies":"Jaw Worm","floor":10,"turns":3},{"damage":14,"enemies":"Red Slaver","floor":11,"turns":6},{"damage":0,"enemies":"Large Slime","floor":12,"turns":5},{"damage":28,"enemies":"Hexaghost","floor":16,"turns":9}],"seed_played":"-8145544265923504054","potions_obtained":[{"floor":11,"key":"EssenceOfSteel"}],"is_trial":false,"path_per_floor":["M","?","?","?","?","R","M","R","T","M","M","M","$","$","R","B"],"character_chosen":"IRONCLAD","items_purchased":["PrismaticShard","Question Card"],"campfire_rested":0,"item_purchase_floors":[14,14],"current_hp_per_floor":[80,64,53,53,33,33,30,30,30,30,22,28,28,28,28,0],"gold":39,"neow_bonus":"RANDOM_COMMON_RELIC","is_prod":false,"is_daily":false,"chose_seed":false,"campfire_upgraded":3,"win_rate":0,"timestamp":1555046273,"path_taken":["M","?","?","?","?","R","M","R","T","?","M","M","?","$","R","BOSS"],"build_version":"2019-01-23","purchased_purges":2,"victory":false,"max_hp_per_floor":[80,80,80,80,80,80,80,80,80,80,80,80,80,80,80,80],"card_choices":[{"not_picked":["Wild Strike","Havoc"],"picked":"Iron Wave","floor":1},{"not_picked":["Cleave","Body Slam"],"picked":"Thunderclap","floor":7},{"not_picked":["Havoc","Perfected Strike","Feel No Pain"],"picked":"SKIP","floor":10},{"not_picked":["Combust","Fiend Fire"],"picked":"Sword Boomerang","floor":11},{"not_picked":["Thunderclap","Intimidate"],"picked":"Rampage","floor":12}],"player_experience":1201786,"relics_obtained":[{"floor":9,"key":"The Courier"}],"event_choices":[{"damage_healed":0,"gold_gain":0,"player_choice":"Entered Light","damage_taken":16,"max_hp_gain":0,"max_hp_loss":0,"event_name":"Shining Light","floor":2,"gold_loss":0,"cards_upgraded":["Strike_R","Defend_R"]},{"damage_healed":0,"gold_gain":75,"player_choice":"Gather Gold","damage_taken":11,"max_hp_gain":0,"max_hp_loss":0,"event_name":"World of Goop","floor":3,"gold_loss":0},{"damage_healed":0,"gold_gain":175,"player_choice":"AGREE","damage_taken":0,"max_hp_gain":0,"max_hp_loss":0,"event_name":"Liars Game","floor":4,"gold_loss":0,"cards_obtained":["Doubt"]},{"damage_healed":0,"gold_gain":0,"player_choice":"Take Damage","damage_taken":20,"relics_obtained":["Golden Idol"],"max_hp_gain":0,"max_hp_loss":0,"event_name":"Golden Idol","floor":5,"gold_loss":0}],"is_beta":false,"boss_relics":[],"items_purged_floors":[13,14],"is_endless":false,"potions_floor_spawned":[11],"killed_by":"Hexaghost","ascension_level":0}