{"gold_per_floor":[110,110,122,122,122,122,147,172,172,172,186,225,225,239,239,362,362,385,398,398,418,418,418],"floor_reached":23,"playtime":1173,"items_purged":[],"score":267,"play_id":"3e3575bf-fd80-40af-a72c-9377f9374302","local_time":"20190314092414","is_ascension_mode":true,"campfire_choices":[{"data":"Neutralize","floor":6.0,"key":"SMITH"},{"data":"Sucker Punch","floor":10,"key":"SMITH"},{"floor":13,"key":"REST"},{"floor":15,"key":"REST"}],"neow_cost":"NONE","seed_source_timestamp":0,"circlet_count":0,"master_deck":["Defend_G","Defend_G","Defend_G","Defend_G","Defend_G","Strike_G","Strike_G","Strike_G","Survivor","Neutralize+1","Dagger Throw","PiercingWail","Sucker Punch+1","Dash","Die Die Die+1","Skewer+1","Corpse Explosion","Cloak And Dagger","Dodge and Roll","Backstab+1","Crippling Poison","Catalyst","Prepared+1","Bouncing Flask","RitualDagger+1"],"special_seed":0,"relics":["Runic Pyramid","Golden Idol","Gremlin Horn","Molten Egg 2","Orrery"],"potions_floor_usage":[16,16],"damage_taken":[{"damage":0.0,"enemies":"Cultist","floor":1.0,"turns":4.0},{"damage":0.0,"enemies":"2 Louse","floor":3.0,"turns":4.0},{"damage":0.0,"enemies":"Small Slimes","floor":7.0,"turns":4.0},{"damage":2,"enemies":"Exordium Wildlife","floor":8,"turns":3},{"damage":2,"enemies":"Large Slime","floor":11,"turns":7},{"damage":22,"enemies":"Gremlin Nob","floor":12,"turns":5},{"damage":0,"enemies":"Lots of Slimes","floor":14,"turns":1},{"damage":0,"enemies":"Hexaghost","floor":16,"turns":9},{"damage":15,"enemies":"3 Byrds","floor":18,"turns":3},{"damage":17,"enemies":"Spheric Guardian","floor":19,"turns":4},{"damage":11,"enemies":"3 Cultists","floor":21,"turns":5},{"damage":26,"enemies":"Slavers","floor":23,"turns":1}],"seed_played":"1528796417949182602","potions_obtained":[{"floor":1.0,"key":"LiquidBronze"},{"floor":11,"key":"Weak Potion"},{"floor":12,"key":"Explosive Potion"},{"floor":14,"key":"LiquidBronze"}],"is_trial":false,"path_per_floor":["M","?","M","?","?","R","M","M","T","R","M","E","R","M","R","B",null,"M","M","?","M","?","E"],"character_chosen":"THE_SILENT","items_purchased":[],"campfire_rested":2,"item_purchase_floors":[],"current_hp_per_floor":[70,70,70,70,53,53,53,51,51,51,49,27,48,48,69,69,70,55,38,38,27,21,0],"gold":418,"neow_bonus":"BOSS_RELIC","is_prod":false,"is_daily":false,"chose_seed":false,"campfire_upgraded":2,"win_rate":0,"timestamp":1552551854,"path_taken":["M","?","M","?","?","R","?","M","T","R","M","E","R","M","R","BOSS","M","M","?","?","?","E"],"build_version":"2019-01-23","purchased_purges":0,"victory":false,"max_hp_per_floor":[70,70,70,70,70,70,70,70,70,70,70,70,70,70,70,70,70,70,70,70,70,70,70],"card_choices":[{"not_picked":["Distraction","Deadly Poison","Acrobatics"],"picked":"SKIP","floor":1.0},{"not_picked":["Expertise","Bane"],"picked":"Dagger Throw","floor":3.0},{"not_picked":["Slice","Distraction"],"picked":"PiercingWail","floor":7},{"not_picked":["Poisoned Stab","Phantasmal Killer"],"picked":"Sucker Punch","floor":8},{"not_picked":["Dagger Spray","All Out Attack"],"picked":"Dash","floor":11},{"not_picked":["Quick Slash","Tactician"],"picked":"Die Die Die","floor":12},{"not_picked":["Dagger Spray+1","Cloak And Dagger"],"picked":"Skewer+1","floor":14},{"not_picked":["Tools of the Trade","Storm of Steel"],"picked":"Corpse Explosion","floor":16},{"not_picked":["Acrobatics","Dodge and Roll"],"picked":"Cloak And Dagger","floor":17},{"not_picked":["Prepared","PiercingWail"],"picked":"Dodge and Roll","floor":17},{"not_picked":["Endless Agony+1","Dodge and Roll"],"picked":"Backstab+1","floor":17},{"not_picked":["Calculated Gamble","Reflex"],"picked":"Crippling Poison","floor":17},{"not_picked":["Slice+1","Acrobatics"],"picked":"Catalyst","floor":17},{"not_picked":["Caltrops","Outmaneuver"],"picked":"Prepared+1","floor":18},{"not_picked":["Accuracy+1","Outmaneuver+1"],"picked":"Bouncing Flask","floor":19},{"not_picked":["Bouncing Flask","Choke+1","Poisoned Stab+1"],"picked":"SKIP","floor":21}],"player_experience":66201,"relics_obtained":[{"floor":9,"key":"Gremlin Horn"},{"floor":12,"key":"Molten Egg 2"}],"event_choices":[{"cards_removed":["Strike_G"],"damage_healed":0.0,"max_hp_gain":0.0,"max_hp_loss":0.0,"gold_gain":0.0,"event_name":"Living Wall","player_choice":"Forget","floor":2.0,"gold_loss":0.0,"damage_taken":0.0},{"damage_healed":0.0,"max_hp_gain":0.0,"max_hp_loss":0.0,"gold_gain":0.0,"event_name":"Liars Game","player_choice":"Ignored","floor":4.0,"gold_loss":0.0,"damage_taken":0.0},{"damage_healed":0.0,"max_hp_gain":0.0,"max_hp_loss":0.0,"gold_gain":0.0,"event_name":"Golden Idol","player_choice":"Take Damage","floor":5.0,"gold_loss":0.0,"damage_taken":17.0,"relics_obtained":["Golden Idol"]},{"cards_removed":["Strike_G"],"damage_healed":0,"gold_gain":0,"player_choice":"Purged","damage_taken":0,"max_hp_gain":0,"max_hp_loss":0,"event_name":"Purifier","floor":20,"gold_loss":0},{"damage_healed":0,"gold_gain":0,"player_choice":"Joined the Cult","damage_taken":6,"max_hp_gain":0,"max_hp_loss":0,"event_name":"Nest","floor":22,"gold_loss":0,"cards_obtained":["RitualDagger"]}],"is_beta":false,"boss_relics":[{"not_picked":["Tiny House","Runic Dome"],"picked":"Orrery"}],"items_purged_floors":[],"is_endless":false,"potions_floor_spawned":[1,11,12,14],"killed_by":"Slavers","ascension_level":2}