{"gold_per_floor":[129,141,173,185,272,312,324,363,375,407,438,450,482,504,516,630,642,664,696,708,720,744,789,818,412,412,110,110,110],"floor_reached":29,"playtime":1918,"items_purged":["Strike_R"],"score":331,"play_id":"2664e237-9719-41de-9f35-4ed5d2d6bd95","local_time":"20190331193520","is_ascension_mode":true,"campfire_choices":[{"floor":7,"key":"REST"},{"data":"Armaments","floor":12,"key":"SMITH"},{"floor":15,"key":"REST"},{"floor":28,"key":"REST"}],"neow_cost":"NONE","seed_source_timestamp":510104417916514,"circlet_count":0,"master_deck":["Strike_R","Strike_R","Strike_R","Strike_R","Defend_R","Defend_R","Defend_R","Defend_R","Bash","Rampage","Infernal Blade","Carnage","Intimidate","Armaments+1","Rage","Battle Trance","Double Tap","Intimidate","Pommel Strike+1","Headbutt","Flame Barrier","Armaments","Carnage","Berserk","Violence","Bludgeon"],"relics":["Burning Blood","MawBank","Gambling Chip","Juzu Bracelet","Peace Pipe","Snecko Eye","Calipers","Membership Card","Mango","Prayer Wheel","Thread and Needle"],"potions_floor_usage":[16,16,16,19,22,23],"damage_taken":[{"damage":5,"enemies":"Cultist","floor":1,"turns":5},{"damage":0,"enemies":"Small Slimes","floor":3,"turns":3},{"damage":55,"enemies":"3 Sentries","floor":6,"turns":11},{"damage":42,"enemies":"Gremlin Nob","floor":8,"turns":5},{"damage":0,"enemies":"Jaw Worm","floor":10,"turns":3},{"damage":7,"enemies":"2 Fungi Beasts","floor":11,"turns":3},{"damage":3,"enemies":"Looter","floor":13,"turns":3},{"damage":5,"enemies":"Large Slime","floor":14,"turns":5},{"damage":40,"enemies":"Hexaghost","floor":16,"turns":9},{"damage":25,"enemies":"Spheric Guardian","floor":18,"turns":4},{"damage":8,"enemies":"Chosen","floor":19,"turns":4},{"damage":49,"enemies":"Sentry and Sphere","floor":22,"turns":6},{"damage":11,"enemies":"Slavers","floor":23,"turns":3},{"damage":0,"enemies":"Centurion and Healer","floor":24,"turns":5},{"damage":77,"enemies":"Gremlin Leader","floor":29,"turns":3}],"seed_played":"-9197330610158802766","potions_obtained":[{"floor":10,"key":"LiquidBronze"},{"floor":11,"key":"Poison Potion"},{"floor":13,"key":"Weak Potion"},{"floor":18,"key":"Weak Potion"},{"floor":19,"key":"Regen Potion"},{"floor":23,"key":"Fruit Juice"}],"is_trial":false,"path_per_floor":["M","$","M","?","?","E","R","E","T","M","M","R","M","M","R","B",null,"M","M","?","?","M","E","M","$","T","$","R","E"],"character_chosen":"IRONCLAD","items_purchased":["Membership Card","Berserk","Mango","Thread and Needle","Violence","Bludgeon"],"campfire_rested":3,"item_purchase_floors":[25,25,25,27,27,27],"current_hp_per_floor":[80,80,80,85,74,25,50,14,14,20,19,19,22,23,48,14,85,66,64,64,48,20,20,26,40,40,40,72,0],"gold":110,"neow_bonus":"RANDOM_COMMON_RELIC","is_prod":false,"is_daily":false,"chose_seed":false,"campfire_upgraded":1,"win_rate":0,"timestamp":1554075320,"path_taken":["M","?","?","?","?","E","R","E","T","M","M","R","M","M","R","BOSS","M","M","?","?","M","E","M","$","T","$","R","E"],"build_version":"2019-01-23","purchased_purges":1,"victory":false,"max_hp_per_floor":[80,80,80,85,85,85,85,85,85,85,85,85,85,85,85,85,85,85,85,85,90,90,95,95,109,109,109,109,109],"card_choices":[{"not_picked":["True Grit","Sword Boomerang"],"picked":"Rampage","floor":1},{"not_picked":["Disarm","Power Through"],"picked":"Infernal Blade","floor":3},{"not_picked":["Body Slam","Sword Boomerang"],"picked":"Carnage","floor":6},{"not_picked":["Dual Wield","Thunderclap"],"picked":"Intimidate","floor":8},{"not_picked":["Iron Wave","True Grit","Havoc"],"picked":"SKIP","floor":10},{"not_picked":["Warcry","Fire Breathing"],"picked":"Armaments","floor":11},{"not_picked":["Fire Breathing","Clash"],"picked":"Rage","floor":13},{"not_picked":["Burning Pact","True Grit"],"picked":"Battle Trance","floor":14},{"not_picked":["Dark Embrace","Brutality"],"picked":"Double Tap","floor":16},{"not_picked":["Feel No Pain","Iron Wave"],"picked":"Intimidate","floor":18},{"not_picked":["Heavy Blade","Sword Boomerang+1"],"picked":"Pommel Strike+1","floor":19},{"not_picked":["Anger","Warcry"],"picked":"Flame Barrier","floor":22},{"not_picked":["Sever Soul","Iron Wave"],"picked":"Armaments","floor":23},{"not_picked":["Clash","Wild Strike+1"],"picked":"Carnage","floor":24}],"player_experience":196871,"relics_obtained":[{"floor":6,"key":"Gambling Chip"},{"floor":8,"key":"Juzu Bracelet"},{"floor":9,"key":"Peace Pipe"},{"floor":23,"key":"Calipers"},{"floor":26,"key":"Prayer Wheel"}],"event_choices":[{"damage_healed":0,"gold_gain":0,"player_choice":"Donut","damage_taken":0,"max_hp_gain":5,"max_hp_loss":0,"event_name":"Big Fish","floor":4,"gold_loss":0},{"damage_healed":0,"gold_gain":75,"player_choice":"Gather Gold","damage_taken":11,"max_hp_gain":0,"max_hp_loss":0,"event_name":"World of Goop","floor":5,"gold_loss":0},{"damage_healed":0,"gold_gain":0,"player_choice":"Read","damage_taken":0,"max_hp_gain":0,"max_hp_loss":0,"event_name":"The Library","floor":20,"gold_loss":0,"cards_obtained":["Headbutt"]},{"damage_healed":0,"gold_gain":0,"player_choice":"Shed Blood","damage_taken":21,"max_hp_gain":5,"max_hp_loss":0,"event_name":"Forgotten Altar","floor":21,"gold_loss":0}],"is_beta":false,"boss_relics":[{"not_picked":["Runic Cube","Calling Bell"],"picked":"Snecko Eye"}],"items_purged_floors":[25],"is_endless":false,"potions_floor_spawned":[10,11,13,18,19,23],"killed_by":"Gremlin Leader","ascension_level":4}