{"gold_per_floor":[116,6,6,6,81,109,120,120,167,159,201,213,257,285,297,309],"floor_reached":16,"playtime":413,"items_purged":[],"score":282,"play_id":"a970731c-5293-43c6-ba2a-3c1e0a9e9676","local_time":"20190404221954","is_ascension_mode":true,"campfire_choices":[{"data":"Uppercut","floor":8,"key":"SMITH"},{"floor":12,"key":"REST"},{"floor":15,"key":"REST"}],"neow_cost":"NONE","seed_source_timestamp":29128826027289,"circlet_count":0,"master_deck":["AscendersBane","Strike_R","Strike_R","Strike_R","Strike_R","Strike_R","Defend_R","Defend_R","Defend_R","Defend_R","Bash+1","Bloodletting","Shrug It Off","Uppercut+1","Sentinel","True Grit","Dropkick"],"relics":["Burning Blood","NeowsBlessing","Blood Vial","MawBank","Centennial Puzzle","Smiling Mask"],"potions_floor_usage":[11,16,16],"damage_taken":[{"damage":0,"enemies":"Small Slimes","floor":1,"turns":1},{"damage":0,"enemies":"Lagavulin","floor":6,"turns":1},{"damage":0,"enemies":"2 Louse","floor":7,"turns":2},{"damage":42,"enemies":"Gremlin Nob","floor":11,"turns":5},{"damage":42,"enemies":"Lagavulin","floor":13,"turns":8},{"damage":10,"enemies":"Jaw Worm","floor":14,"turns":3},{"damage":61,"enemies":"Hexaghost","floor":16,"turns":11}],"seed_played":"6152994200525262382","potions_obtained":[{"floor":1,"key":"Fire Potion"},{"floor":7,"key":"Block Potion"},{"floor":10,"key":"LiquidBronze"},{"floor":13,"key":"BloodPotion"}],"is_trial":false,"path_per_floor":["M","$","?","?","?","E","M","R","T","?","E","R","E","M","R","B"],"character_chosen":"IRONCLAD","items_purchased":["Shrug It Off","Swift Potion"],"campfire_rested":2,"item_purchase_floors":[2,2],"current_hp_per_floor":[74,74,74,74,63,69,75,75,75,75,39,61,27,25,47,0],"gold":309,"neow_bonus":"THREE_ENEMY_KILL","is_prod":false,"is_daily":false,"chose_seed":false,"campfire_upgraded":1,"win_rate":0,"timestamp":1554441594,"path_taken":["M","$","?","?","?","E","?","R","T","?","E","R","E","M","R","BOSS"],"build_version":"2019-01-23","purchased_purges":0,"victory":false,"max_hp_per_floor":[75,75,75,75,75,75,75,75,75,75,75,75,75,75,75,75],"card_choices":[{"not_picked":["Shockwave","Armaments"],"picked":"Bloodletting","floor":1},{"not_picked":["Reckless Charge","Twin Strike"],"picked":"Uppercut","floor":6},{"not_picked":["Searing Blow","Clash"],"picked":"Sentinel","floor":7},{"not_picked":["Clothesline","Cleave"],"picked":"True Grit","floor":11},{"not_picked":["Burning Pact","Whirlwind"],"picked":"Dropkick","floor":13},{"not_picked":["Thunderclap","Clothesline","Anger"],"picked":"SKIP","floor":14}],"player_experience":658368,"relics_obtained":[{"floor":6,"key":"Blood Vial"},{"floor":9,"key":"MawBank"},{"floor":11,"key":"Centennial Puzzle"},{"floor":13,"key":"Smiling Mask"}],"event_choices":[{"damage_healed":0,"gold_gain":0,"player_choice":"Leave","damage_taken":0,"max_hp_gain":0,"max_hp_loss":0,"event_name":"The Cleric","floor":3,"gold_loss":0},{"damage_healed":0,"gold_gain":0,"player_choice":"Grow","damage_taken":0,"max_hp_gain":0,"max_hp_loss":0,"event_name":"Living Wall","floor":4,"gold_loss":0,"cards_upgraded":["Bash"]},{"damage_healed":0,"gold_gain":75,"player_choice":"Gather Gold","damage_taken":11,"max_hp_gain":0,"max_hp_loss":0,"event_name":"World of Goop","floor":5,"gold_loss":0},{"damage_healed":0,"gold_gain":0,"player_choice":"Bought 1 Potion","damage_taken":0,"max_hp_gain":0,"max_hp_loss":0,"event_name":"The Woman in Blue","floor":10,"gold_loss":0}],"is_beta":false,"boss_relics":[],"items_purged_floors":[],"is_endless":false,"potions_floor_spawned":[1,7,13],"killed_by":"Hexaghost","ascension_level":20}