{"gold_per_floor":[217,62,82,5,22,22,49,9,36,12,12,45,58,75,75,172,172,185,200,10,21,21,21,41,41,41,41,41,74,74,36,36,133,133,148,196,296,0,19,19,36,70,116,116,134,134,153,171,171,171],"floor_reached":51,"playtime":4215,"items_purged":[],"score":790,"play_id":"49824a13-58b2-4c46-bf49-7a06a890c85c","local_time":"20190209020833","is_ascension_mode":true,"campfire_choices":[{"data":"Sunder","floor":6.0,"key":"SMITH"},{"floor":15.0,"key":"REST"},{"data":"Double Energy","floor":23.0,"key":"SMITH"},{"data":"Darkness","floor":25.0,"key":"SMITH"},{"data":"Biased Cognition","floor":28.0,"key":"SMITH"},{"data":"Hello World","floor":30.0,"key":"SMITH"},{"data":"Hologram","floor":32.0,"key":"SMITH"},{"data":"Lockon","floor":40.0,"key":"SMITH"},{"data":"Electrodynamics","floor":46.0,"key":"SMITH"},{"data":"Zap","floor":49,"key":"SMITH"}],"neow_cost":"NONE","seed_source_timestamp":1252324227484200,"circlet_count":0,"master_deck":["Strike_B","Strike_B","Strike_B","Defend_B","Defend_B","Defend_B","Defend_B","Zap+1","Dualcast","Undo","Sunder+1","Hello World+1","Hologram+1","Lockon+1","Doom and Gloom","Electrodynamics+1","Doom and Gloom","Genetic Algorithm","Cold Snap","Stack","Biased Cognition+1","Coolheaded+1","Coolheaded","Darkness+1","Melter","Double Energy+1","Ball Lightning","Chill+1","Darkness+1","White Noise+1","Multi-Cast+1","Stack+1","Conserve Battery+1","Go for the Eyes+1","Darkness+1","Conserve Battery+1","Steam+1","Echo Form","Madness+1","Madness+1","Darkness+1","Parasite","Double Energy+1"],"special_seed":0,"relics":["Cracked Core","DataDisk","Gremlin Horn","Boot","Du-Vu Doll","Nuclear Battery","Toxic Egg 2","Meat on the Bone","Eternal Feather","Unceasing Top","Pocketwatch","HandDrill","Regal Pillow"],"potions_floor_usage":[50],"damage_taken":[{"damage":2.0,"enemies":"2 Louse","floor":1.0,"turns":2.0},{"damage":1.0,"enemies":"Cultist","floor":3.0,"turns":3.0},{"damage":4.0,"enemies":"Small Slimes","floor":5.0,"turns":3.0},{"damage":12.0,"enemies":"3 Sentries","floor":7.0,"turns":5.0},{"damage":30.0,"enemies":"Gremlin Nob","floor":12.0,"turns":4.0},{"damage":12.0,"enemies":"Red Slaver","floor":13.0,"turns":2.0},{"damage":4.0,"enemies":"Blue Slaver","floor":14.0,"turns":3.0},{"damage":8.0,"enemies":"The Guardian","floor":16.0,"turns":9.0},{"damage":7.0,"enemies":"Shell Parasite","floor":18.0,"turns":6.0},{"damage":0.0,"enemies":"Chosen","floor":19.0,"turns":4.0},{"damage":15.0,"enemies":"Centurion and Healer","floor":21.0,"turns":3.0},{"damage":13.0,"enemies":"Shelled Parasite and Fungi","floor":24.0,"turns":4.0},{"damage":0.0,"enemies":"Gremlin Leader","floor":29.0,"turns":5.0},{"damage":34.0,"enemies":"Automaton","floor":33.0,"turns":8.0},{"damage":3.0,"enemies":"3 Shapes","floor":35.0,"turns":2.0},{"damage":28.0,"enemies":"2 Orb Walkers","floor":36.0,"turns":5.0},{"damage":0.0,"enemies":"Mind Bloom Boss Battle","floor":37.0,"turns":6.0},{"damage":7.0,"enemies":"Orb Walker","floor":39.0,"turns":4.0},{"damage":0.0,"enemies":"Sphere and 2 Shapes","floor":41.0,"turns":3.0},{"damage":0.0,"enemies":"Giant Head","floor":42.0,"turns":5.0},{"damage":0.0,"enemies":"Transient","floor":45.0,"turns":5.0},{"damage":1,"enemies":"Writhing Mass","floor":47,"turns":5},{"damage":0,"enemies":"4 Shapes","floor":48,"turns":3},{"damage":5,"enemies":"Donu and Deca","floor":50,"turns":9}],"seed_played":"-5673042500425792260","potions_obtained":[{"floor":1.0,"key":"SkillPotion"},{"floor":5.0,"key":"LiquidBronze"},{"floor":12.0,"key":"Energy Potion"},{"floor":21.0,"key":"SneckoOil"},{"floor":29.0,"key":"SpeedPotion"},{"floor":35.0,"key":"Explosive Potion"},{"floor":36.0,"key":"Block Potion"},{"floor":39.0,"key":"Dexterity Potion"}],"is_trial":false,"path_per_floor":["M","$","M","?","M","R","E","$","T","?","?","E","M","M","R","B",null,"M","M","$","M","?","R","M","R","T","?","R","E","R","$","R","B",null,"M","?","?","$","M","R","M","E","T","?","M","R","M","M","R","B",null],"character_chosen":"DEFECT","items_purchased":["Sunder","Hello World","Hologram","Doom and Gloom","Darkness","Melter","Double Energy","White Noise+1","HandDrill","Darkness+1","Conserve Battery+1"],"campfire_rested":1,"item_purchase_floors":[2,2,2,8,20,20,20,31,38,38,38],"current_hp_per_floor":[73,73,72,72,68,68,56,56,56,56,56,26,14,10,32,24,75,68,68,68,53,53,53,40,40,40,65,65,65,65,65,65,43,75,72,44,44,44,49,70,70,70,70,61,61,75,74,74,75,70],"gold":171,"neow_bonus":"HUNDRED_GOLD","is_prod":false,"is_daily":false,"chose_seed":false,"campfire_upgraded":9,"win_rate":0,"timestamp":1549706913,"path_taken":["M","$","M","?","?","R","E","$","T","?","?","E","?","M","R","BOSS","M","M","$","M","?","R","M","R","T","?","R","E","R","?","R","BOSS","M","?","?","$","M","R","M","E","T","?","M","R","M","M","R","BOSS"],"build_version":"2019-02-06","purchased_purges":0,"victory":true,"max_hp_per_floor":[75,75,75,75,75,75,75,75,75,75,75,75,75,75,75,75,75,75,75,75,75,75,75,75,75,75,75,75,75,75,75,75,75,75,75,75,75,75,75,75,75,75,75,75,75,75,75,75,75,75],"card_choices":[{"not_picked":["Steam","Capacitor"],"picked":"Undo","floor":1.0},{"not_picked":["Redo","Capacitor"],"picked":"Lockon","floor":3.0},{"not_picked":["Steam","Rebound"],"picked":"Doom and Gloom","floor":5.0},{"not_picked":["Beam Cell","Steam"],"picked":"Electrodynamics","floor":7.0},{"not_picked":["Beam Cell","Heatsinks"],"picked":"Genetic Algorithm","floor":12.0},{"not_picked":["Defragment","Barrage"],"picked":"Cold Snap","floor":13.0},{"not_picked":["Rip and Tear","Lockon"],"picked":"Stack","floor":14.0},{"not_picked":["Seek","Creative AI"],"picked":"Biased Cognition","floor":16.0},{"not_picked":["Genetic Algorithm+1","Compile Driver"],"picked":"Coolheaded+1","floor":18.0},{"not_picked":["Blizzard","Streamline"],"picked":"Coolheaded","floor":19.0},{"not_picked":["Lockon","Sweeping Beam+1"],"picked":"Ball Lightning","floor":21.0},{"not_picked":["Compile Driver","Turbo"],"picked":"Chill+1","floor":24.0},{"not_picked":["Coolheaded+1","Static Discharge"],"picked":"Darkness+1","floor":29.0},{"not_picked":["All For One","Biased Cognition"],"picked":"Multi-Cast+1","floor":33.0},{"not_picked":["Heatsinks","Gash+1"],"picked":"Stack+1","floor":35.0},{"not_picked":["Recycle+1","Doom and Gloom+1"],"picked":"Conserve Battery+1","floor":36.0},{"not_picked":["Stack+1","Consume+1"],"picked":"Go for the Eyes+1","floor":37.0},{"not_picked":["Streamline+1","Heatsinks+1","Darkness+1"],"picked":"SKIP","floor":39.0},{"not_picked":["Force Field+1","Cold Snap"],"picked":"Steam+1","floor":41.0},{"not_picked":["Creative AI","Cold Snap"],"picked":"Echo Form","floor":42.0},{"not_picked":["Streamline+1","Leap+1"],"picked":"Darkness+1","floor":45.0},{"not_picked":["Darkness+1","Coolheaded+1"],"picked":"Double Energy+1","floor":47},{"not_picked":["Compile Driver","Beam Cell","Coolheaded+1"],"picked":"SKIP","floor":48}],"player_experience":3249904,"relics_obtained":[{"floor":7.0,"key":"Gremlin Horn"},{"floor":9.0,"key":"Boot"},{"floor":12.0,"key":"Du-Vu Doll"},{"floor":26.0,"key":"Toxic Egg 2"},{"floor":29.0,"key":"Meat on the Bone"},{"floor":36.0,"key":"Unceasing Top"},{"floor":37.0,"key":"Pocketwatch"},{"floor":42.0,"key":"Regal Pillow"}],"event_choices":[{"damage_healed":0.0,"max_hp_gain":0.0,"max_hp_loss":0.0,"gold_gain":0.0,"event_name":"WeMeetAgain","player_choice":"Paid Gold","floor":4.0,"gold_loss":77.0,"damage_taken":0.0,"relics_obtained":["DataDisk"]},{"damage_healed":0.0,"max_hp_gain":0.0,"max_hp_loss":0.0,"gold_gain":0.0,"event_name":"World of Goop","player_choice":"Left Gold","floor":10.0,"gold_loss":24.0,"damage_taken":0.0},{"cards_removed":["Strike_B"],"damage_healed":0.0,"max_hp_gain":0.0,"max_hp_loss":0.0,"gold_gain":0.0,"event_name":"Bonfire Elementals","player_choice":"Offered Basic","floor":11.0,"gold_loss":0.0,"damage_taken":0.0},{"damage_healed":0.0,"max_hp_gain":0.0,"max_hp_loss":0.0,"gold_gain":0.0,"event_name":"Beggar","player_choice":"Ignored","floor":22.0,"gold_loss":0.0,"damage_taken":0.0},{"damage_healed":25.0,"max_hp_gain":0.0,"max_hp_loss":0.0,"gold_gain":0.0,"event_name":"The Library","player_choice":"Heal","floor":27.0,"gold_loss":0.0,"damage_taken":0.0},{"damage_healed":0.0,"max_hp_gain":0.0,"max_hp_loss":0.0,"gold_gain":0.0,"event_name":"Mysterious Sphere","player_choice":"Fight","floor":36.0,"gold_loss":0.0,"damage_taken":0.0},{"damage_healed":0.0,"max_hp_gain":0.0,"max_hp_loss":0.0,"gold_gain":0.0,"event_name":"MindBloom","player_choice":"Fight","floor":37.0,"gold_loss":0.0,"damage_taken":0.0},{"damage_healed":0.0,"max_hp_gain":0.0,"max_hp_loss":0.0,"gold_gain":0.0,"event_name":"Winding Halls","player_choice":"Embrace Madness","floor":44.0,"gold_loss":0.0,"damage_taken":9.0,"cards_obtained":["Madness","Madness"]}],"is_beta":true,"boss_relics":[{"not_picked":["Inserter","FrozenCore"],"picked":"Nuclear Battery"},{"not_picked":["White Beast Statue","Orrery"],"picked":"Eternal Feather"}],"items_purged_floors":[],"is_endless":false,"potions_floor_spawned":[1,5,12,21,29,35,36,39,45,48],"ascension_level":1}