{"gold_per_floor":[113,113,113,125,48,78,78,106,158,158,176,176,196,230,230,303,303,315,51,51,87,87,120,64,64,64,98,158,208,224,224,224,224],"floor_reached":33,"playtime":1717,"items_purged":["Heavy Blade"],"score":652,"play_id":"4a3b9f90-0283-4dcb-8de6-47f27ce734dd","local_time":"20190413235619","is_ascension_mode":true,"campfire_choices":[{"data":"Uppercut","floor":7,"key":"SMITH"},{"data":"True Grit","floor":12,"key":"SMITH"},{"data":"Headbutt","floor":15,"key":"SMITH"},{"floor":25,"key":"REST"},{"floor":32,"key":"REST"}],"neow_cost":"NONE","seed_source_timestamp":262631417954899,"circlet_count":0,"master_deck":["AscendersBane","Strike_R+1","Strike_R+1","Strike_R+1","Strike_R+1","Strike_R+1","Defend_R+1","Defend_R+1","Defend_R+1","Defend_R+1","Bash+1","Cleave+1","Feel No Pain","Uppercut+1","Power Through","True Grit+1","Headbutt+1","Inflame","Impervious","HandOfGreed","Pummel","Perfected Strike","Dropkick+1","Twin Strike+1","Anger","Ghostly","Ghostly","Ghostly"],"relics":["Burning Blood","NeowsBlessing","Orichalcum","Bag of Preparation","Whetstone","Pen Nib","Runic Pyramid","Omamori","Nunchaku","Regal Pillow"],"potions_floor_usage":[16,21,23,27,33,33],"damage_taken":[{"damage":0,"enemies":"Cultist","floor":1,"turns":1},{"damage":0,"enemies":"2 Louse","floor":4,"turns":1},{"damage":0,"enemies":"Lagavulin","floor":6,"turns":1},{"damage":18,"enemies":"Gremlin Nob","floor":8,"turns":4},{"damage":0,"enemies":"Small Slimes","floor":11,"turns":2},{"damage":6,"enemies":"Exordium Wildlife","floor":13,"turns":4},{"damage":22,"enemies":"Lagavulin","floor":14,"turns":8},{"damage":14,"enemies":"Slime Boss","floor":16,"turns":10},{"damage":16,"enemies":"Shell Parasite","floor":18,"turns":7},{"damage":15,"enemies":"3 Byrds","floor":21,"turns":5},{"damage":34,"enemies":"Book of Stabbing","floor":23,"turns":7},{"damage":17,"enemies":"Slavers","floor":27,"turns":5},{"damage":1,"enemies":"Centurion and Healer","floor":28,"turns":5},{"damage":27,"enemies":"Snake Plant","floor":30,"turns":3},{"damage":48,"enemies":"Automaton","floor":33,"turns":8}],"seed_played":"-2952012586442652525","potions_obtained":[{"floor":1,"key":"Block Potion"},{"floor":4,"key":"SteroidPotion"},{"floor":6,"key":"SkillPotion"},{"floor":16,"key":"PowerPotion"},{"floor":21,"key":"Fruit Juice"},{"floor":28,"key":"Explosive Potion"},{"floor":30,"key":"SkillPotion"}],"is_trial":false,"path_per_floor":["M","?","?","M","$","E","R","E","T","?","M","R","M","E","R","B",null,"M","$","?","M","?","E","$","R","T","E","M","?","M","?","R","B"],"character_chosen":"IRONCLAD","items_purchased":["Uppercut","HandOfGreed","Energy Potion"],"campfire_rested":2,"item_purchase_floors":[5,19,24],"current_hp_per_floor":[74,74,51,57,57,63,63,51,51,51,57,57,57,41,41,33,65,55,55,55,51,51,23,23,47,47,36,41,41,20,20,40,0],"gold":224,"neow_bonus":"THREE_ENEMY_KILL","is_prod":false,"is_daily":false,"chose_seed":false,"campfire_upgraded":3,"win_rate":0,"timestamp":1555224979,"path_taken":["M","?","?","M","$","E","R","E","T","?","M","R","M","E","R","BOSS","M","$","?","M","?","E","$","R","T","E","M","?","M","?","R","BOSS"],"build_version":"2019-01-23","purchased_purges":1,"victory":false,"max_hp_per_floor":[75,75,75,75,75,75,75,75,75,75,75,75,75,75,75,75,75,75,75,75,80,80,80,80,80,80,80,80,80,80,40,40,40],"card_choices":[{"not_picked":["Corruption","Headbutt"],"picked":"Cleave","floor":1},{"not_picked":["Second Wind","Armaments"],"picked":"Feel No Pain","floor":4},{"not_picked":["Reckless Charge","Bloodletting"],"picked":"Heavy Blade","floor":6},{"not_picked":["Intimidate","Perfected Strike"],"picked":"Power Through","floor":8},{"not_picked":["Heavy Blade","Flex"],"picked":"True Grit","floor":11},{"not_picked":["Armaments","Thunderclap"],"picked":"Headbutt","floor":13},{"not_picked":["Fiend Fire","Double Tap"],"picked":"Inflame","floor":14},{"not_picked":["Fiend Fire","Double Tap"],"picked":"Impervious","floor":16},{"not_picked":["Thunderclap","Havoc","Pommel Strike"],"picked":"SKIP","floor":18},{"not_picked":["Cleave+1","Anger"],"picked":"Pummel","floor":21},{"not_picked":["Rupture","Rampage"],"picked":"Perfected Strike","floor":23},{"not_picked":["Searing Blow","Pommel Strike"],"picked":"Dropkick+1","floor":27},{"not_picked":["Sever Soul+1","Pommel Strike"],"picked":"Twin Strike+1","floor":28},{"not_picked":["Feel No Pain","Heavy Blade"],"picked":"Anger","floor":30}],"player_experience":667366,"relics_obtained":[{"floor":6,"key":"Orichalcum"},{"floor":8,"key":"Bag of Preparation"},{"floor":9,"key":"Whetstone"},{"floor":14,"key":"Pen Nib"},{"floor":23,"key":"Omamori"},{"floor":26,"key":"Nunchaku"},{"floor":27,"key":"Regal Pillow"}],"event_choices":[{"damage_healed":0,"gold_gain":0,"player_choice":"Grow","damage_taken":0,"max_hp_gain":0,"max_hp_loss":0,"event_name":"Living Wall","floor":2,"gold_loss":0,"cards_upgraded":["Bash"]},{"damage_healed":0,"gold_gain":0,"player_choice":"Entered Light","damage_taken":23,"max_hp_gain":0,"max_hp_loss":0,"event_name":"Shining Light","floor":3,"gold_loss":0,"cards_upgraded":["Strike_R","Defend_R"]},{"damage_healed":0,"gold_gain":0,"player_choice":"Got Potions","damage_taken":0,"max_hp_gain":0,"max_hp_loss":0,"event_name":"Lab","floor":10,"gold_loss":0},{"damage_healed":0,"gold_gain":0,"player_choice":"Simplicity","damage_taken":0,"max_hp_gain":0,"max_hp_loss":0,"event_name":"Back to Basics","floor":20,"gold_loss":0,"cards_upgraded":["Strike_R","Strike_R","Strike_R","Defend_R","Defend_R","Defend_R"]},{"damage_healed":0,"gold_gain":0,"player_choice":"Ignored","damage_taken":0,"max_hp_gain":0,"max_hp_loss":0,"event_name":"The Mausoleum","floor":22,"gold_loss":0},{"damage_healed":0,"gold_gain":50,"player_choice":"Stole From Cult","damage_taken":0,"max_hp_gain":0,"max_hp_loss":0,"event_name":"Nest","floor":29,"gold_loss":0},{"damage_healed":0,"gold_gain":0,"player_choice":"Became a Ghost","damage_taken":0,"max_hp_gain":0,"max_hp_loss":40,"event_name":"Ghosts","floor":31,"gold_loss":0,"cards_obtained":["Ghostly","Ghostly","Ghostly"]}],"is_beta":false,"boss_relics":[{"not_picked":["Tiny House","Busted Crown"],"picked":"Runic Pyramid"}],"items_purged_floors":[19],"is_endless":false,"potions_floor_spawned":[1,4,6,14,16,21,28,30],"killed_by":"Automaton","ascension_level":20}