{"gold_per_floor":[116,116,116,35,47,79,79,99,124,124,142,210,244,258,258,362,362,373,423,443,32,52,52,65,78,126,113,113],"floor_reached":28,"playtime":1000,"items_purged":["Strike_B","Defend_B"],"score":244,"play_id":"17707140-6d08-4778-a448-45e7f33e53af","local_time":"20190211113710","is_ascension_mode":true,"campfire_choices":[{"floor":7,"key":"REST"},{"floor":10,"key":"REST"},{"data":"Scrape","floor":15,"key":"SMITH"},{"floor":23,"key":"REST"}],"neow_cost":"NONE","seed_source_timestamp":97161368448500,"circlet_count":0,"master_deck":["Defend_B","Defend_B","Defend_B","Zap+1","Dualcast","Gash+1","Sunder","Scrape+1","BootSequence","Gash","Ball Lightning","Conserve Battery","Barrage+1","Streamline"],"relics":["Cracked Core","SsserpentHead","Strawberry","Turnip","Empty Cage","Nloth\u0027s Gift","Bronze Scales","Membership Card","Omamori"],"potions_floor_usage":[13,16,16,16,25],"damage_taken":[{"damage":5,"enemies":"2 Louse","floor":1,"turns":4},{"damage":2,"enemies":"Small Slimes","floor":5,"turns":3},{"damage":34,"enemies":"Gremlin Nob","floor":6,"turns":5},{"damage":1,"enemies":"Cultist","floor":8,"turns":3},{"damage":1,"enemies":"3 Louse","floor":11,"turns":3},{"damage":0,"enemies":"Exordium Thugs","floor":12,"turns":3},{"damage":25,"enemies":"Lagavulin","floor":13,"turns":4},{"damage":0,"enemies":"Exordium Wildlife","floor":14,"turns":3},{"damage":40,"enemies":"Slime Boss","floor":16,"turns":9},{"damage":21,"enemies":"3 Byrds","floor":18,"turns":4},{"damage":10,"enemies":"2 Thieves","floor":20,"turns":4},{"damage":35,"enemies":"Snecko","floor":22,"turns":6},{"damage":11,"enemies":"Snake Plant","floor":24,"turns":4},{"damage":12,"enemies":"Centurion and Healer","floor":25,"turns":4},{"damage":17,"enemies":"Gremlin Leader","floor":28,"turns":4}],"seed_played":"4504039084039993742","potions_obtained":[{"floor":6,"key":"PowerPotion"},{"floor":12,"key":"Poison Potion"},{"floor":13,"key":"SkillPotion"},{"floor":14,"key":"LiquidBronze"},{"floor":16,"key":"PowerPotion"},{"floor":24,"key":"Block Potion"},{"floor":25,"key":"SteroidPotion"}],"is_trial":false,"path_per_floor":["M","?","?","$","M","E","R","M","T","R","M","M","E","M","R","B",null,"M","?","M","$","M","R","M","M","T","$","E"],"character_chosen":"DEFECT","items_purchased":["Sunder","Bronze Scales","Membership Card","Streamline"],"campfire_rested":3,"item_purchase_floors":[4,21,21,27],"current_hp_per_floor":[70,55,55,55,53,26,50,49,49,73,72,72,47,47,47,7,82,61,61,51,51,16,40,29,17,17,17,0],"gold":113,"neow_bonus":"REMOVE_CARD","is_prod":false,"is_daily":false,"chose_seed":false,"campfire_upgraded":1,"win_rate":0,"timestamp":1549903030,"path_taken":["M","?","?","$","M","E","R","M","T","R","M","?","E","M","R","BOSS","M","?","M","$","M","R","M","M","T","?","E"],"build_version":"2019-01-23","purchased_purges":2,"victory":false,"max_hp_per_floor":[75,75,75,75,75,82,82,82,82,82,82,82,82,82,82,82,82,82,82,82,82,82,82,82,82,82,82,82],"card_choices":[{"not_picked":["Barrage","White Noise"],"picked":"Gash","floor":1},{"not_picked":["Coolheaded","Tempest"],"picked":"Scrape","floor":5},{"not_picked":["Doom and Gloom","Thunder Strike"],"picked":"BootSequence","floor":6},{"not_picked":["Sunder","Sweeping Beam"],"picked":"Gash","floor":8},{"not_picked":["Conserve Battery","Loop"],"picked":"Ball Lightning","floor":11},{"not_picked":["Coolheaded","Stack","Meteor Strike"],"picked":"SKIP","floor":12},{"not_picked":["Coolheaded","Chaos","Hologram"],"picked":"SKIP","floor":13},{"not_picked":["Recycle","Sweeping Beam"],"picked":"Conserve Battery","floor":14},{"not_picked":["Barrage","Aggregate","Hologram+1"],"picked":"SKIP","floor":18},{"not_picked":["Loop","Barrage+1","Streamline+1"],"picked":"SKIP","floor":20},{"not_picked":["Steam","Self Repair+1"],"picked":"Barrage+1","floor":22},{"not_picked":["Sweeping Beam","Conserve Battery","Coolheaded"],"picked":"SKIP","floor":24},{"not_picked":["Beam Cell","Rainbow","Coolheaded"],"picked":"SKIP","floor":25}],"player_experience":384614,"relics_obtained":[{"floor":6,"key":"Strawberry"},{"floor":9,"key":"Orichalcum"},{"floor":13,"key":"Turnip"},{"floor":26,"key":"Omamori"}],"event_choices":[{"damage_healed":0,"gold_gain":0,"player_choice":"Entered Light","damage_taken":15,"max_hp_gain":0,"max_hp_loss":0,"event_name":"Shining Light","floor":2,"gold_loss":0,"cards_upgraded":["Zap","Gash"]},{"damage_healed":0,"gold_gain":0,"player_choice":"Trade","damage_taken":0,"relics_obtained":["SsserpentHead"],"max_hp_gain":0,"max_hp_loss":0,"event_name":"FaceTrader","floor":3,"gold_loss":0},{"damage_healed":0,"gold_gain":0,"player_choice":"Traded Relic","damage_taken":0,"relics_obtained":["Nloth\u0027s Gift"],"max_hp_gain":0,"max_hp_loss":0,"event_name":"N\u0027loth","floor":19,"relics_lost":["Orichalcum"],"gold_loss":0}],"is_beta":false,"boss_relics":[{"not_picked":["Pandora\u0027s Box","Velvet Choker"],"picked":"Empty Cage"}],"items_purged_floors":[21,27],"is_endless":false,"potions_floor_spawned":[6,12,13,14,16,24,25],"killed_by":"Gremlin Leader","ascension_level":1}