{"gold_per_floor":[113,113,124,102,29,62,62,75,75,75,100,100,119,119],"floor_reached":14,"playtime":686,"items_purged":[],"score":108,"play_id":"a773238a-459e-4e96-84ac-9ac304de602b","local_time":"20190316145327","is_ascension_mode":true,"campfire_choices":[{"floor":7,"key":"REST"},{"data":"Machine Learning","floor":10,"key":"SMITH"},{"floor":12,"key":"REST"}],"neow_cost":"TEN_PERCENT_HP_LOSS","seed_source_timestamp":239982893963518,"circlet_count":0,"master_deck":["Strike_B","Strike_B","Strike_B","Strike_B","Defend_B","Defend_B","Defend_B","Defend_B","Zap+1","Dualcast","Seek","Sunder","Hologram","Capacitor","Machine Learning+1","Genetic Algorithm","Defragment"],"relics":["Cracked Core","Bottled Tornado","Sundial"],"potions_floor_usage":[14],"damage_taken":[{"damage":1,"enemies":"Jaw Worm","floor":1,"turns":4},{"damage":6,"enemies":"Cultist","floor":3,"turns":3},{"damage":26,"enemies":"Lagavulin","floor":6,"turns":6},{"damage":5,"enemies":"Small Slimes","floor":8,"turns":3},{"damage":34,"enemies":"3 Sentries","floor":11,"turns":7},{"damage":18,"enemies":"Blue Slaver","floor":13,"turns":4},{"damage":32,"enemies":"Lagavulin","floor":14,"turns":5}],"seed_played":"7901846011432474544","potions_obtained":[{"floor":3,"key":"Ancient Potion"},{"floor":11,"key":"Block Potion"}],"is_trial":false,"path_per_floor":["M","?","M","?","$","E","R","M","T","R","E","R","M","E"],"character_chosen":"DEFECT","items_purchased":["Capacitor"],"campfire_rested":2,"item_purchase_floors":[5],"current_hp_per_floor":[67,67,61,61,61,35,55,50,50,50,16,36,18,0],"gold":119,"neow_bonus":"THREE_RARE_CARDS","is_prod":false,"is_daily":false,"chose_seed":false,"campfire_upgraded":1,"win_rate":0,"timestamp":1552762407,"path_taken":["M","?","?","?","$","E","R","M","T","R","E","R","M","E"],"build_version":"2019-01-23","purchased_purges":0,"victory":false,"max_hp_per_floor":[68,68,68,68,68,68,68,68,68,68,68,68,68,68],"card_choices":[{"not_picked":["Meteor Strike","Fission"],"picked":"Seek","floor":0},{"not_picked":["Barrage","Streamline"],"picked":"Sunder","floor":1},{"not_picked":["Rebound","Stack"],"picked":"Hologram","floor":3},{"not_picked":["Gash","Cold Snap"],"picked":"Machine Learning","floor":6},{"not_picked":["Capacitor","Gash"],"picked":"Genetic Algorithm","floor":8},{"not_picked":["Heatsinks","Ball Lightning"],"picked":"Defragment","floor":11},{"not_picked":["Sweeping Beam","Rebound","Steam Power"],"picked":"SKIP","floor":13}],"player_experience":155294,"relics_obtained":[{"floor":6,"key":"Bottled Tornado"},{"floor":11,"key":"Sundial"}],"event_choices":[{"damage_healed":0,"gold_gain":0,"player_choice":"Upgraded","damage_taken":0,"max_hp_gain":0,"max_hp_loss":0,"event_name":"Upgrade Shrine","floor":2,"gold_loss":0,"cards_upgraded":["Zap"]},{"damage_healed":0,"gold_gain":0,"player_choice":"Left Gold","damage_taken":0,"max_hp_gain":0,"max_hp_loss":0,"event_name":"World of Goop","floor":4,"gold_loss":22}],"is_beta":false,"boss_relics":[],"items_purged_floors":[],"is_endless":false,"potions_floor_spawned":[3,11],"killed_by":"Lagavulin","ascension_level":2}