{"gold_per_floor":[19,36,36,211,2,2,34,34,60,60,22,22],"floor_reached":12,"playtime":470,"items_purged":["Doubt"],"score":85,"play_id":"0edb0f29-ab6d-40f7-9da8-28cb202696a4","local_time":"20190305141459","is_ascension_mode":true,"campfire_choices":[{"data":"Armaments","floor":6,"key":"SMITH"},{"floor":10,"key":"REST"}],"neow_cost":"NO_GOLD","seed_source_timestamp":154813495548538,"circlet_count":0,"master_deck":["Strike_R","Strike_R","Strike_R+1","Strike_R","Strike_R","Defend_R+1","Defend_R+1","Defend_R","Defend_R","Bash","Finesse+1","Dramatic Entrance","Armaments+1","Warcry"],"relics":["Burning Blood","Membership Card","War Paint","Ancient Tea Set"],"potions_floor_usage":[],"damage_taken":[{"damage":0,"enemies":"Small Slimes","floor":1,"turns":2},{"damage":0,"enemies":"2 Louse","floor":2,"turns":2},{"damage":56,"enemies":"Gremlin Nob","floor":7,"turns":6},{"damage":40,"enemies":"Lagavulin","floor":12,"turns":8}],"seed_played":"7999870008613907299","potions_obtained":[],"is_trial":false,"path_per_floor":["M","M","?","?","$","R","E","$","T","R","$","E"],"character_chosen":"IRONCLAD","items_purchased":["Membership Card"],"campfire_rested":1,"item_purchase_floors":[5],"current_hp_per_floor":[80,80,64,64,64,64,14,14,14,38,38,0],"gold":22,"neow_bonus":"RANDOM_COLORLESS_2","is_prod":false,"is_daily":false,"chose_seed":false,"campfire_upgraded":1,"win_rate":0,"timestamp":1551813299,"path_taken":["M","M","?","?","?","R","E","?","T","R","$","E"],"build_version":"2019-01-23","purchased_purges":1,"victory":false,"max_hp_per_floor":[80,80,80,80,80,80,80,80,80,80,80,80],"card_choices":[{"not_picked":["True Grit","Second Wind"],"picked":"Armaments","floor":1},{"not_picked":["Uppercut","Pommel Strike","Sentinel"],"picked":"SKIP","floor":2},{"not_picked":["Shockwave","True Grit"],"picked":"Warcry","floor":7}],"player_experience":109962,"relics_obtained":[{"floor":7,"key":"War Paint"},{"floor":9,"key":"Ancient Tea Set"}],"event_choices":[{"damage_healed":0,"gold_gain":0,"player_choice":"Entered Light","damage_taken":16,"max_hp_gain":0,"max_hp_loss":0,"event_name":"Shining Light","floor":3,"gold_loss":0,"cards_upgraded":["Strike_R","Defend_R"]},{"damage_healed":0,"gold_gain":175,"player_choice":"AGREE","damage_taken":0,"max_hp_gain":0,"max_hp_loss":0,"event_name":"Liars Game","floor":4,"gold_loss":0,"cards_obtained":["Doubt"]}],"is_beta":false,"boss_relics":[],"items_purged_floors":[11],"is_endless":false,"potions_floor_spawned":[],"killed_by":"Lagavulin","ascension_level":3}