{"path_per_floor":["M","?","M","M","M","E","M","R","T","R","$","M","M","?","R","B",null,"M","$","M","?","M","R","M","R","T","R","$","M","?","T","R","B",null],"character_chosen":"THE_SILENT","items_purchased":["Malaise","EssenceOfSteel","Swift Strike"],"gold_per_floor":[114,114,129,144,159,189,204,204,204,204,61,76,91,121,121,221,221,236,61,76,76,91,91,106,106,106,106,17,32,32,32,32,132,132,132],"floor_reached":35,"campfire_rested":5,"playtime":2687,"item_purchase_floors":[],"current_hp_per_floor":[59,59,59,59,52,51,51,70,70,70,70,50,40,40,70,32,72,41,41,41,41,43,83,66,86,86,86,86,81,65,65,86,18,88,78],"items_purged":["Eviscerate","Reflex"],"gold":132,"score":434,"play_id":"6b2fe13e-bfee-4a62-a02a-32475b2f7ad0","local_time":"20180618173837","daily_mods":["Insanity","Binary","Vintage"],"is_prod":false,"is_daily":true,"chose_seed":false,"is_ascension_mode":false,"campfire_upgraded":2,"win_rate":0,"timestamp":1529357917,"campfire_choices":[{"floor":8.0,"key":"REST"},{"data":"Storm of Steel","floor":10.0,"key":"SMITH"},{"floor":15.0,"key":"REST"},{"floor":23.0,"key":"REST"},{"floor":25.0,"key":"REST"},{"data":"Phantasmal Killer","floor":27.0,"key":"SMITH"},{"floor":32.0,"key":"REST"}],"path_taken":["M","?","?","M","M","E","M","R","T","R","$","M","M","?","R","BOSS","M","$","M","?","?","R","M","R","T","R","$","M","?","?","R","BOSS","M"],"build_version":"2018-06-14v2","seed_source_timestamp":0,"purchased_purges":2,"victory":false,"master_deck":["A Thousand Cuts","Distraction","Reflex","Backstab","Sucker Punch","Terror","Blade Dance+1","Footwork","Endless Agony","Deflect","Expertise","Bouncing Flask","Heel Hook","PiercingWail","Infinite Blades","Tools of the Trade","Poisoned Stab","Bullet Time","Strike_G","Slice","Noxious Fumes","Crippling Poison+1","Backstab","Tactician","Quick Slash","Underhanded Strike","All Out Attack","Wraith Form v2+1","Die Die Die+1","A Thousand Cuts","Underhanded Strike","Defend_G","Outmaneuver","Heel Hook","Burst","Catalyst","Infinite Blades","Endless Agony+1","Storm of Steel+1","Reflex","Slice","Phantasmal Killer+1","Catalyst","Blade Dance","Survivor","Leg Sweep","Flechettes","Deflect","Bullet Time","Malaise","Mind Blast","Swift Strike"],"max_hp_per_floor":[70,70,70,70,70,70,70,70,70,70,70,70,70,70,70,72,72,72,72,86,86,86,86,86,86,86,86,86,86,86,86,86,88,88,88],"special_seed":17699,"relics":["Ring of the Snake","Tingsha","Regal Pillow","Vajra","Oddly Smooth Stone","Question Card","War Paint","Art of War","Singing Bowl","Potion Belt","Darkstone Periapt","Lizard Tail","Ancient Tea Set","Mango","Blue Candle","Bag of Marbles","Letter Opener","Whetstone","Nilry\u0027s Codex","Bird Faced Urn","Kunai","White Beast Statue"],"card_choices":[{"not_picked":["Outmaneuver"],"picked":"Bullet Time","floor":6.0},{"not_picked":["Phantasmal Killer","Bullet Time","Grand Finale"],"picked":"Singing Bowl","floor":16.0},{"not_picked":["Die Die Die","Tactician","A Thousand Cuts"],"picked":"Singing Bowl","floor":33.0}],"player_experience":101222,"potions_floor_usage":[],"damage_taken":[{"damage":11.0,"enemies":"Jaw Worm","floor":1.0,"turns":2.0},{"damage":0.0,"enemies":"Small Slimes","floor":3.0,"turns":1.0},{"damage":0.0,"enemies":"Cultist","floor":4.0,"turns":2.0},{"damage":7.0,"enemies":"Gremlin Gang","floor":5.0,"turns":5.0},{"damage":1.0,"enemies":"Gremlin Nob","floor":6.0,"turns":3.0},{"damage":0.0,"enemies":"3 Louse","floor":7.0,"turns":1.0},{"damage":20.0,"enemies":"Exordium Thugs","floor":12.0,"turns":3.0},{"damage":10.0,"enemies":"Looter","floor":13.0,"turns":2.0},{"damage":40.0,"enemies":"Slime Boss","floor":16.0,"turns":6.0},{"damage":31.0,"enemies":"Spheric Guardian","floor":18.0,"turns":5.0},{"damage":14.0,"enemies":"2 Thieves","floor":20.0,"turns":3.0},{"damage":48.0,"enemies":"Snecko","floor":22.0,"turns":7.0},{"damage":17.0,"enemies":"3 Cultists","floor":24.0,"turns":6.0},{"damage":5.0,"enemies":"Sentry and Sphere","floor":29.0,"turns":3.0},{"damage":74.0,"enemies":"Automaton","floor":33.0,"turns":7.0},{"damage":10,"enemies":"3 Darklings","floor":35,"turns":2}],"relics_obtained":[{"floor":1.0,"key":"Tingsha"},{"floor":3.0,"key":"Regal Pillow"},{"floor":4.0,"key":"Vajra"},{"floor":5.0,"key":"Oddly Smooth Stone"},{"floor":6.0,"key":"Question Card"},{"floor":7.0,"key":"War Paint"},{"floor":9.0,"key":"Art of War"},{"floor":12.0,"key":"Singing Bowl"},{"floor":13.0,"key":"Potion Belt"},{"floor":16.0,"key":"Darkstone Periapt"},{"floor":18.0,"key":"Ancient Tea Set"},{"floor":20.0,"key":"Mango"},{"floor":22.0,"key":"Blue Candle"},{"floor":24.0,"key":"Bag of Marbles"},{"floor":26.0,"key":"Letter Opener"},{"floor":29.0,"key":"Whetstone"},{"floor":30.0,"key":"Nilry\u0027s Codex"},{"floor":31.0,"key":"Bird Faced Urn"},{"floor":33.0,"key":"Kunai"}],"event_choices":[{"event_name":"Living Wall","player_choice":"Grow","floor":2.0,"damage_taken":0.0},{"event_name":"Dead Adventurer","player_choice":"Searched \u00271\u0027 times","floor":14.0,"damage_taken":0.0},{"event_name":"Match and Keep!","player_choice":"1 cards matched","floor":21.0,"damage_taken":0.0},{"event_name":"Cursed Tome","player_choice":"Obtained Book","floor":30.0,"damage_taken":0.0}],"boss_relics":[{"not_picked":["Coffee Dripper","Snecko Eye"],"picked":"Lizard Tail"},{"not_picked":["Philosopher\u0027s Stone","Velvet Choker"],"picked":"White Beast Statue"}],"items_purged_floors":[],"is_endless":false,"potions_floor_spawned":[1,3,4,16,18,24,33],"seed_played":"250506482378582835","killed_by":"3 Darklings","ascension_level":0,"potions_obtained":[{"floor":1.0,"key":"GhostInAJar"},{"floor":3.0,"key":"Swift Potion"},{"floor":4.0,"key":"SteroidPotion"},{"floor":16.0,"key":"Ancient Potion"},{"floor":18.0,"key":"LiquidBronze"},{"floor":24.0,"key":"GamblersBrew"},{"floor":33.0,"key":"SpeedPotion"}],"is_trial":false}