{"gold_per_floor":[17,28,28,28,28,57,76,76,76,90,90,104,104,116,116,212,262,278,262,274,7,7,27,27,45,45,45,63,75,75,94,94,94],"floor_reached":33,"playtime":1706,"items_purged":["Strike_G"],"score":278,"play_id":"164ab98e-a772-4c74-910e-7ce90ac5c614","local_time":"20180825140602","is_ascension_mode":false,"campfire_choices":[{"floor":8,"key":"REST"},{"floor":13,"key":"REST"},{"data":"Masterful Stab","floor":15,"key":"SMITH"},{"floor":24,"key":"REST"},{"floor":27,"key":"REST"},{"floor":32,"key":"REST"}],"neow_cost":"NO_GOLD","seed_source_timestamp":99212310641728,"circlet_count":0,"master_deck":["Defend_G","Defend_G","Defend_G+1","Defend_G+1","Strike_G","Strike_G+1","Strike_G","Strike_G","Survivor","Neutralize","Underhanded Strike","Flying Knee+1","Endless Agony","Masterful Stab+1","Poisoned Stab","Leg Sweep","Quick Slash+1","Adrenaline","Masterful Stab+1"],"relics":["Ring of the Snake","Mango","Darkstone Periapt","Happy Flower","Tiny House","DollysMirror","Mummified Hand"],"potions_floor_usage":[20,29,33],"damage_taken":[{"damage":0,"enemies":"2 Louse","floor":1,"turns":2},{"damage":2,"enemies":"Jaw Worm","floor":2,"turns":3},{"damage":28,"enemies":"3 Sentries","floor":6,"turns":10},{"damage":1,"enemies":"Cultist","floor":7,"turns":3},{"damage":0,"enemies":"Blue Slaver","floor":10,"turns":2},{"damage":0,"enemies":"Large Slime","floor":12,"turns":4},{"damage":5,"enemies":"Exordium Thugs","floor":14,"turns":3},{"damage":52,"enemies":"Slime Boss","floor":16,"turns":14},{"damage":0,"enemies":"Shell Parasite","floor":18,"turns":5},{"damage":15,"enemies":"2 Thieves","floor":19,"turns":4},{"damage":2,"enemies":"Cultist and Chosen","floor":20,"turns":6},{"damage":16,"enemies":"Snake Plant","floor":23,"turns":4},{"damage":18,"enemies":"Sentry and Sphere","floor":25,"turns":5},{"damage":30,"enemies":"Snecko","floor":28,"turns":4},{"damage":10,"enemies":"3 Cultists","floor":29,"turns":6},{"damage":13,"enemies":"Shelled Parasite and Fungi","floor":31,"turns":6},{"damage":69,"enemies":"Automaton","floor":33,"turns":6}],"seed_played":"-6641629916820096783","potions_obtained":[{"floor":2,"key":"SpeedPotion"},{"floor":12,"key":"GhostInAJar"},{"floor":17,"key":"Strength Potion"},{"floor":25,"key":"Regen Potion"},{"floor":29,"key":"Explosive Potion"}],"is_trial":false,"path_per_floor":["M","M","?","?","$","E","M","R","T","M","?","M","R","M","R","B",null,"M","M","M","$","?","M","R","M","T","R","M","M","$","M","R"],"character_chosen":"THE_SILENT","items_purchased":["DollysMirror"],"campfire_rested":5,"item_purchase_floors":[21],"current_hp_per_floor":[84,82,75,75,75,47,46,71,71,71,54,54,79,74,74,22,89,89,74,72,72,55,39,67,49,49,77,47,52,52,39,67,0],"gold":94,"neow_bonus":"ONE_RARE_RELIC","is_prod":false,"is_daily":false,"chose_seed":false,"campfire_upgraded":1,"win_rate":0,"timestamp":1535220362,"path_taken":["M","M","?","?","$","E","M","R","T","?","?","M","R","M","R","BOSS","M","M","M","$","?","M","R","M","T","R","M","M","?","M","R","BOSS"],"build_version":"2018-08-23v2","purchased_purges":1,"victory":false,"max_hp_per_floor":[84,84,84,84,84,84,84,84,84,84,84,84,84,84,84,84,89,89,89,89,89,94,94,94,94,94,94,94,94,94,94,94,94],"card_choices":[{"not_picked":["Slice","Quick Slash"],"picked":"Underhanded Strike","floor":1},{"not_picked":["Dodge and Roll","Outmaneuver"],"picked":"Flying Knee","floor":2},{"not_picked":["Dagger Spray","Calculated Gamble"],"picked":"Endless Agony","floor":6},{"not_picked":["Dash","Dodge and Roll"],"picked":"Masterful Stab","floor":7},{"not_picked":["Skewer","Deadly Poison","Cloak And Dagger"],"picked":"SKIP","floor":10},{"not_picked":["Catalyst","Deadly Poison"],"picked":"Poisoned Stab","floor":12},{"not_picked":["Acrobatics","Wraith Form v2","Flechettes"],"picked":"SKIP","floor":14},{"not_picked":["Deflect","Deadly Poison"],"picked":"Leg Sweep","floor":17},{"not_picked":["Deflect+1","Poisoned Stab","Dodge and Roll"],"picked":"SKIP","floor":18},{"not_picked":["Prepared","Concentrate"],"picked":"Quick Slash+1","floor":19},{"not_picked":["Infinite Blades","Terror"],"picked":"Adrenaline","floor":20},{"not_picked":["Finisher","Concentrate","Crippling Poison"],"picked":"SKIP","floor":23},{"not_picked":["All Out Attack","Outmaneuver","Quick Slash"],"picked":"SKIP","floor":25},{"not_picked":["Flying Knee","Finisher","Underhanded Strike"],"picked":"SKIP","floor":28},{"not_picked":["Crippling Poison","Accuracy","Deadly Poison"],"picked":"SKIP","floor":29},{"not_picked":["Deflect","Quick Slash","Concentrate"],"picked":"SKIP","floor":31}],"player_experience":313689,"relics_obtained":[{"floor":6,"key":"Darkstone Periapt"},{"floor":9,"key":"Happy Flower"},{"floor":26,"key":"Mummified Hand"}],"event_choices":[{"event_name":"Golden Wing","player_choice":"Card Removal","floor":3,"damage_taken":0},{"event_name":"Upgrade Shrine","player_choice":"Upgraded","floor":4,"damage_taken":0},{"event_name":"Shining Light","player_choice":"Entered Light","floor":11,"damage_taken":0},{"event_name":"Forgotten Altar","player_choice":"Shed Blood","floor":22,"damage_taken":0}],"is_beta":false,"boss_relics":[{"not_picked":["White Beast Statue","Eternal Feather"],"picked":"Tiny House"}],"items_purged_floors":[21],"is_endless":false,"potions_floor_spawned":[2,12,19,25,28,29],"killed_by":"Automaton","ascension_level":0}