{"gold_per_floor":[17,31,31,31,31,59,59,91,169,199,216,216,11,11,11,84,84,96,96,96,76,93,93,105,137,137,165,191,210,210,210,210,285,285,298,298,520,37,37,64,64,145,145,145,155,175,95,108,108,108],"floor_reached":50,"playtime":2474,"items_purged":["Strike_B","Shame"],"score":1044,"play_id":"f19adc8d-3b05-4eee-92f1-a13cfe9d19c0","local_time":"20190215095152","is_ascension_mode":true,"campfire_choices":[{"data":"Zap","floor":7.0,"key":"SMITH"},{"data":"Static Discharge","floor":12.0,"key":"SMITH"},{"data":"Thunder Strike","floor":15.0,"key":"SMITH"},{"data":"Biased Cognition","floor":23.0,"key":"SMITH"},{"data":"Capacitor","floor":30.0,"key":"SMITH"},{"floor":32.0,"key":"REST"},{"floor":41.0,"key":"REST"},{"floor":44.0,"key":"REST"},{"floor":49,"key":"REST"}],"neow_cost":"NO_GOLD","seed_source_timestamp":1800160203986800,"circlet_count":0,"master_deck":["AscendersBane","Defend_B","Defend_B","Defend_B","Defend_B","Zap+1","Dualcast+1","Electrodynamics","Ball Lightning","Self Repair","Skim","Static Discharge+1","Coolheaded","Thunder Strike+1","Ball Lightning","Auto Shields","Biased Cognition+1","Hologram+1","Undo","Consume+1","Conserve Battery","Injury","Capacitor+1","Echo Form","Steam","Core Surge","Stack+1","Leap","BootSequence","Leap","Hologram+1"],"special_seed":0,"relics":["Cracked Core","Juzu Bracelet","Mummified Hand","The Courier","Bag of Marbles","Cursed Key","Nilry\u0027s Codex","Matryoshka","Bottled Flame","Gremlin Horn","Blood Vial","Red Mask","Empty Cage","Runic Capacitor","Peace Pipe","Sundial","Omamori","Dodecahedron"],"potions_floor_usage":[46],"damage_taken":[{"damage":1.0,"enemies":"Cultist","floor":1.0,"turns":3.0},{"damage":14.0,"enemies":"2 Louse","floor":2.0,"turns":3.0},{"damage":11.0,"enemies":"Gremlin Nob","floor":6.0,"turns":3.0},{"damage":20.0,"enemies":"Lagavulin","floor":8.0,"turns":6.0},{"damage":10.0,"enemies":"3 Sentries","floor":10.0,"turns":2.0},{"damage":4.0,"enemies":"Small Slimes","floor":11.0,"turns":2.0},{"damage":14.0,"enemies":"The Guardian","floor":16.0,"turns":6.0},{"damage":0.0,"enemies":"Spheric Guardian","floor":18.0,"turns":3.0},{"damage":1.0,"enemies":"3 Byrds","floor":22.0,"turns":3.0},{"damage":7.0,"enemies":"Snake Plant","floor":24.0,"turns":3.0},{"damage":6.0,"enemies":"Gremlin Leader","floor":25.0,"turns":4.0},{"damage":27.0,"enemies":"Slavers","floor":27.0,"turns":2.0},{"damage":5.0,"enemies":"Masked Bandits","floor":28.0,"turns":2.0},{"damage":1.0,"enemies":"Centurion and Healer","floor":29.0,"turns":3.0},{"damage":4.0,"enemies":"Champ","floor":33.0,"turns":11.0},{"damage":0.0,"enemies":"3 Shapes","floor":35.0,"turns":3.0},{"damage":62.0,"enemies":"Giant Head","floor":40.0,"turns":8.0},{"damage":31.0,"enemies":"3 Darklings","floor":45.0,"turns":5.0},{"damage":36,"enemies":"Jaw Worm Horde","floor":46,"turns":2},{"damage":0,"enemies":"Writhing Mass","floor":48,"turns":5},{"damage":39,"enemies":"Awakened One","floor":50,"turns":3}],"seed_played":"-6515231683285295811","potions_obtained":[{"floor":2.0,"key":"Explosive Potion"},{"floor":11.0,"key":"FocusPotion"},{"floor":16.0,"key":"SpeedPotion"},{"floor":18.0,"key":"FocusPotion"},{"floor":24.0,"key":"LiquidBronze"},{"floor":27.0,"key":"SpeedPotion"},{"floor":29.0,"key":"SteroidPotion"},{"floor":40.0,"key":"SpeedPotion"},{"floor":46,"key":"FearPotion"}],"is_trial":false,"path_per_floor":["M","M","$","?","?","E","R","E","T","E","M","R","$","?","R","B",null,"M","?","?","?","M","R","M","E","T","E","?","M","R","?","R","B",null,"M","?","?","$","?","E","R","T","T","R","M","M","$","M","R","B"],"character_chosen":"DEFECT","items_purchased":["Thunder Strike","Ball Lightning","Auto Shields","Runic Capacitor","Peace Pipe"],"campfire_rested":4,"item_purchase_floors":[13,13,13,38,38],"current_hp_per_floor":[63,49,49,49,71,60,60,47,47,44,40,40,40,33,33,26,60,60,39,53,53,59,59,59,60,60,33,30,31,31,31,52,57,68,71,71,71,71,67,19,39,39,39,59,37,10,10,12,32,0],"gold":108,"neow_bonus":"THREE_RARE_CARDS","is_prod":false,"is_daily":false,"chose_seed":false,"campfire_upgraded":5,"win_rate":0,"timestamp":1550253112,"path_taken":["M","?","?","?","?","E","R","E","T","E","M","R","$","?","R","BOSS","M","?","?","?","M","R","M","E","T","E","?","M","R","?","R","BOSS","M","?","?","$","?","E","R","?","T","R","M","M","$","M","R","BOSS"],"build_version":"2019-02-06","purchased_purges":2,"victory":false,"max_hp_per_floor":[71,71,71,71,71,71,71,71,71,71,71,71,71,71,71,71,71,71,71,71,71,71,71,71,71,71,71,71,71,71,71,71,71,71,71,71,71,71,67,67,67,67,67,67,67,67,67,67,67,67],"card_choices":[{"not_picked":["Biased Cognition","Meteor Strike"],"picked":"Electrodynamics","floor":0.0},{"not_picked":["Aggregate","Stack"],"picked":"Go for the Eyes","floor":1.0},{"not_picked":["Stack","Steam"],"picked":"Ball Lightning","floor":2.0},{"not_picked":["Reinforced Body","Gash"],"picked":"Self Repair","floor":6.0},{"not_picked":["Blizzard","Compile Driver"],"picked":"Skim","floor":8.0},{"not_picked":["Beam Cell","FTL"],"picked":"Static Discharge","floor":10.0},{"not_picked":["Steam Power","Turbo"],"picked":"Coolheaded","floor":11.0},{"not_picked":["Multi-Cast","Buffer"],"picked":"Biased Cognition","floor":16.0},{"not_picked":["Scrape","Sweeping Beam"],"picked":"Hologram+1","floor":18.0},{"not_picked":["Hologram","Recycle+1"],"picked":"Undo","floor":22.0},{"not_picked":["Turbo","Ball Lightning"],"picked":"Consume","floor":24.0},{"not_picked":["Turbo+1","Hologram"],"picked":"Conserve Battery","floor":25.0},{"not_picked":["Hello World","Chill"],"picked":"Capacitor","floor":27.0},{"not_picked":["Coolheaded","Steam Power"],"picked":"Echo Form","floor":28.0},{"not_picked":["Barrage","Turbo"],"picked":"Steam","floor":29.0},{"not_picked":["Thunder Strike","Machine Learning"],"picked":"Core Surge","floor":33.0},{"not_picked":["Beam Cell","Chaos"],"picked":"Stack+1","floor":35.0},{"not_picked":["Doom and Gloom","Hyperbeam"],"picked":"Leap","floor":40.0},{"not_picked":["Undo","Steam Power"],"picked":"BootSequence","floor":45.0},{"not_picked":["Redo","Rip and Tear"],"picked":"Leap","floor":46},{"not_picked":["Stack+1","Double Energy"],"picked":"Hologram+1","floor":48}],"player_experience":3264990,"relics_obtained":[{"floor":6.0,"key":"Juzu Bracelet"},{"floor":8.0,"key":"Mummified Hand"},{"floor":9.0,"key":"The Courier"},{"floor":10.0,"key":"Bag of Marbles"},{"floor":19.0,"key":"Nilry\u0027s Codex"},{"floor":25.0,"key":"Matryoshka"},{"floor":26.0,"key":"Bottled Flame"},{"floor":26.0,"key":"Gremlin Horn"},{"floor":27.0,"key":"Blood Vial"},{"floor":28.0,"key":"Red Mask"},{"floor":40.0,"key":"Sundial"},{"floor":42.0,"key":"Omamori"},{"floor":43.0,"key":"Dodecahedron"}],"event_choices":[{"damage_healed":0.0,"max_hp_gain":0.0,"max_hp_loss":0.0,"gold_gain":0.0,"event_name":"Living Wall","player_choice":"Grow","floor":4.0,"gold_loss":0.0,"damage_taken":0.0,"cards_upgraded":["Dualcast"]},{"damage_healed":23.0,"max_hp_gain":0.0,"max_hp_loss":0.0,"gold_gain":0.0,"event_name":"Big Fish","player_choice":"Banana","floor":5.0,"gold_loss":0.0,"damage_taken":0.0},{"cards_removed":["Strike_B"],"damage_healed":0.0,"max_hp_gain":0.0,"max_hp_loss":0.0,"gold_gain":0.0,"event_name":"Golden Wing","player_choice":"Card Removal","floor":14.0,"gold_loss":0.0,"damage_taken":7.0},{"damage_healed":0.0,"max_hp_gain":0.0,"max_hp_loss":0.0,"gold_gain":0.0,"event_name":"Cursed Tome","player_choice":"Obtained Book","floor":19.0,"gold_loss":0.0,"damage_taken":21.0},{"damage_healed":14.0,"max_hp_gain":0.0,"max_hp_loss":0.0,"gold_gain":0.0,"event_name":"The Library","player_choice":"Heal","floor":20.0,"gold_loss":0.0,"damage_taken":0.0},{"damage_healed":0.0,"max_hp_gain":0.0,"max_hp_loss":0.0,"gold_gain":0.0,"event_name":"The Woman in Blue","player_choice":"Bought 1 Potion","floor":21.0,"gold_loss":0.0,"damage_taken":0.0},{"damage_healed":0.0,"max_hp_gain":0.0,"max_hp_loss":0.0,"gold_gain":0.0,"event_name":"Masked Bandits","player_choice":"Fought Bandits","floor":28.0,"gold_loss":0.0,"damage_taken":0.0},{"damage_healed":0.0,"max_hp_gain":0.0,"max_hp_loss":0.0,"gold_gain":0.0,"event_name":"Upgrade Shrine","player_choice":"Upgraded","floor":31.0,"gold_loss":0.0,"damage_taken":0.0,"cards_upgraded":["Consume"]},{"cards_removed":["Go for the Eyes"],"damage_healed":0.0,"max_hp_gain":0.0,"max_hp_loss":0.0,"gold_gain":0.0,"event_name":"Falling","player_choice":"Removed Attack","floor":36.0,"gold_loss":0.0,"damage_taken":0.0},{"damage_healed":0.0,"max_hp_gain":0.0,"max_hp_loss":0.0,"gold_gain":222.0,"event_name":"Tomb of Lord Red Mask","player_choice":"Wore Mask","floor":37.0,"gold_loss":0.0,"damage_taken":0.0},{"damage_healed":0.0,"max_hp_gain":0.0,"max_hp_loss":4.0,"gold_gain":0.0,"event_name":"Winding Halls","player_choice":"Max HP","floor":39.0,"gold_loss":0.0,"damage_taken":0.0}],"is_beta":true,"boss_relics":[{"not_picked":["Philosopher\u0027s Stone","Runic Pyramid"],"picked":"Cursed Key"},{"not_picked":["White Beast Statue","Black Star"],"picked":"Empty Cage"}],"items_purged_floors":[38,47],"is_endless":false,"potions_floor_spawned":[2,11,16,18,24,27,29,40,46],"killed_by":"Awakened One","ascension_level":20}