{"gold_per_floor":[368,368,381,399,416,416,441,459,510,510,529,529,529,546,546,644,644,662,676,601,614,614,614,631,631,631,631,117,117,134,42,42,42],"floor_reached":33,"playtime":791,"items_purged":["Defend_R"],"score":251,"play_id":"bda1bd77-92e1-4aa8-b009-2e18904bf1e1","local_time":"20190311223706","is_ascension_mode":false,"campfire_choices":[{"data":"Flex","floor":6,"key":"SMITH"},{"data":"Cleave","floor":10,"key":"SMITH"},{"data":"Bash","floor":12,"key":"SMITH"},{"floor":15,"key":"RECALL"},{"floor":23,"key":"REST"},{"floor":25,"key":"REST"},{"data":"Thunderclap","floor":27,"key":"SMITH"},{"data":"Inflame","floor":32,"key":"SMITH"}],"neow_cost":"TEN_PERCENT_HP_LOSS","seed_source_timestamp":79880708170108,"circlet_count":0,"master_deck":["Strike_R","Strike_R","Strike_R","Strike_R","Strike_R","Bash+1","Flex+1","Clash","Cleave+1","Thunderclap+1","Headbutt+1","Panache","Seeing Red","Flex","Inflame+1"],"relics":["Burning Blood","Red Skull","Question Card","Empty Cage","Omamori","Molten Egg 2"],"potions_floor_usage":[7,14,14,16,18,19,29,33],"damage_taken":[{"damage":6,"enemies":"2 Louse","floor":1,"turns":3},{"damage":1,"enemies":"Cultist","floor":3,"turns":3},{"damage":0,"enemies":"Small Slimes","floor":4,"turns":3},{"damage":5,"enemies":"Looter","floor":5,"turns":2},{"damage":8,"enemies":"Lagavulin","floor":7,"turns":5},{"damage":9,"enemies":"Exordium Wildlife","floor":8,"turns":3},{"damage":8,"enemies":"Red Slaver","floor":11,"turns":2},{"damage":0,"enemies":"3 Louse","floor":14,"turns":1},{"damage":22,"enemies":"Slime Boss","floor":16,"turns":10},{"damage":22,"enemies":"2 Thieves","floor":18,"turns":4},{"damage":10,"enemies":"Chosen","floor":19,"turns":3},{"damage":46,"enemies":"Shelled Parasite and Fungi","floor":21,"turns":4},{"damage":20,"enemies":"Centurion and Healer","floor":24,"turns":2},{"damage":0,"enemies":"Snake Plant","floor":29,"turns":1},{"damage":13,"enemies":"Chosen and Byrds","floor":30,"turns":3},{"damage":68,"enemies":"Champ","floor":33,"turns":5}],"seed_played":"-7156111101949468449","potions_obtained":[{"floor":3,"key":"Dexterity Potion"},{"floor":5,"key":"EssenceOfSteel"},{"floor":7,"key":"Strength Potion"},{"floor":11,"key":"Explosive Potion"},{"floor":13,"key":"SmokeBomb"},{"floor":13,"key":"Fruit Juice"},{"floor":14,"key":"Weak Potion"},{"floor":18,"key":"Regen Potion"},{"floor":24,"key":"SmokeBomb"},{"floor":30,"key":"Swift Potion"}],"is_trial":false,"path_per_floor":["M","?","M","M","M","R","E","M","T","R","M","R","?","M","R","B",null,"M","M","?","M","?","R","M","R","T","R","$","M","M","$","R","B"],"character_chosen":"IRONCLAD","items_purchased":["Molten Egg 2","Panache","Flex","Inflame"],"campfire_rested":2,"item_purchase_floors":[28,28,31,31],"current_hp_per_floor":[72,60,65,71,72,72,70,67,67,67,65,65,65,76,76,60,77,61,66,66,26,26,49,35,58,58,58,58,64,57,57,57,0],"gold":42,"neow_bonus":"TWO_FIFTY_GOLD","is_prod":false,"is_daily":false,"chose_seed":false,"campfire_upgraded":5,"win_rate":0,"timestamp":1552329426,"path_taken":["M","?","M","M","M","R","E","M","T","R","M","R","?","M","R","BOSS","M","?","?","M","?","R","M","R","T","R","?","M","M","$","R","BOSS"],"build_version":"2019-01-23","purchased_purges":1,"victory":false,"max_hp_per_floor":[72,72,72,72,72,72,72,72,72,72,72,72,72,77,77,77,77,77,77,77,77,77,77,77,77,77,77,77,77,77,77,77,77],"card_choices":[{"not_picked":["Clothesline","Warcry","Sentinel"],"picked":"SKIP","floor":1},{"not_picked":["Headbutt","Clothesline"],"picked":"Flex","floor":3},{"not_picked":["Feed","Cleave"],"picked":"Clash","floor":4},{"not_picked":["Battle Trance","Ghostly Armor"],"picked":"Cleave","floor":5},{"not_picked":["Havoc","Warcry","Clothesline"],"picked":"SKIP","floor":7},{"not_picked":["Second Wind","Bludgeon","Warcry","Reckless Charge"],"picked":"SKIP","floor":8},{"not_picked":["Uppercut","Ghostly Armor","Infernal Blade","Anger"],"picked":"SKIP","floor":11},{"not_picked":["Power Through","Intimidate","Warcry","Bloodletting"],"picked":"SKIP","floor":14},{"not_picked":["Pommel Strike","Blood for Blood+1","Infernal Blade"],"picked":"Thunderclap","floor":18},{"not_picked":["True Grit","Heavy Blade+1","Power Through","Sever Soul"],"picked":"SKIP","floor":19},{"not_picked":["Hemokinesis+1","Dark Embrace","Sword Boomerang"],"picked":"Headbutt+1","floor":21},{"not_picked":["Second Wind","Iron Wave","Clothesline","Headbutt"],"picked":"SKIP","floor":24},{"not_picked":["Havoc","True Grit+1","Exhume"],"picked":"Seeing Red","floor":30}],"player_experience":685099,"relics_obtained":[{"floor":7,"key":"Question Card"},{"floor":26,"key":"Omamori"}],"event_choices":[{"damage_healed":0,"gold_gain":0,"player_choice":"Success","damage_taken":12,"relics_obtained":["Red Skull"],"max_hp_gain":0,"max_hp_loss":0,"event_name":"Scrap Ooze","floor":2,"gold_loss":0},{"damage_healed":0,"gold_gain":0,"player_choice":"Got Potions","damage_taken":0,"max_hp_gain":0,"max_hp_loss":0,"event_name":"Lab","floor":13,"gold_loss":0},{"cards_removed":["Defend_R"],"damage_healed":0,"gold_gain":0,"player_choice":"Gave Gold","damage_taken":0,"max_hp_gain":0,"max_hp_loss":0,"event_name":"Beggar","floor":20,"gold_loss":75},{"damage_healed":0,"gold_gain":0,"player_choice":"Ignored","damage_taken":0,"max_hp_gain":0,"max_hp_loss":0,"event_name":"Ghosts","floor":22,"gold_loss":0}],"is_beta":false,"boss_relics":[{"not_picked":["Mark of Pain","Velvet Choker"],"picked":"Empty Cage"}],"items_purged_floors":[28],"is_endless":false,"potions_floor_spawned":[3,5,7,11,14,18,24,30],"killed_by":"Champ","ascension_level":0}