{"path_per_floor":["M","M","M","?","?","R","E","R","T","?","M","R","M","M","R","B",null,"M","M","M","$","?","$","R","M","T","R","?","M","M","M","R"],"character_chosen":"DEFECT","items_purchased":["Blood Vial"],"gold_per_floor":[116,131,148,148,148,148,180,180,180,130,140,140,152,166,166,261,261,276,290,301,70,70,70,70,88,115,115,38,53,67,77,77,77],"floor_reached":33,"campfire_rested":6,"playtime":3896,"item_purchase_floors":[21],"current_hp_per_floor":[75,64,64,64,64,75,40,62,62,62,55,75,74,71,71,38,75,54,51,26,26,26,26,37,24,24,35,35,30,27,9,20,0],"items_purged":["Dualcast"],"gold":77,"score":276,"play_id":"0da70407-afda-4bce-9606-c049f0916e69","local_time":"20180619150719","is_prod":false,"is_daily":false,"chose_seed":false,"is_ascension_mode":false,"campfire_upgraded":1,"win_rate":0.0,"timestamp":1529435239,"campfire_choices":[{"floor":6,"key":"REST"},{"floor":8,"key":"REST"},{"floor":12,"key":"REST"},{"data":"Static Discharge","floor":15,"key":"SMITH"},{"floor":24,"key":"REST"},{"floor":27,"key":"REST"},{"floor":32,"key":"REST"}],"path_taken":["M","M","M","?","?","R","E","R","T","?","?","R","M","M","R","BOSS","M","?","M","$","?","?","R","M","T","R","?","M","M","?","R","BOSS"],"build_version":"2018-06-14v2","seed_source_timestamp":323096217923508,"purchased_purges":1,"victory":false,"master_deck":["Strike_B","Strike_B","Strike_B","Defend_B","Defend_B","Defend_B","Zap+1","Rainbow","Rebound","Static Discharge+1","Conserve Battery","Streamline","Lockon","Ball Lightning","Ghostly","Ghostly","Ghostly","Ghostly","Ghostly","J.A.X."],"max_hp_per_floor":[75,75,75,75,75,75,75,75,75,75,75,75,75,75,75,75,75,75,75,75,75,37,37,37,37,37,37,37,37,37,37,37,37],"relics":["Cracked Core","Ginger","Torii","Orrery","Blood Vial","Bag of Marbles"],"card_choices":[{"not_picked":["Heatsinks","Hologram"],"picked":"Rebound","floor":1},{"not_picked":["Doom and Gloom","Cold Snap","Rip and Tear"],"picked":"SKIP","floor":2},{"not_picked":["Scrape","Gash","Aggregate"],"picked":"SKIP","floor":3},{"not_picked":["Conserve Battery","Reboot"],"picked":"Static Discharge","floor":7},{"not_picked":["Doom and Gloom","Stack","Gash"],"picked":"SKIP","floor":11},{"not_picked":["Melter","Redo","Stack"],"picked":"SKIP","floor":13},{"not_picked":["Turbo","Barrage"],"picked":"Conserve Battery","floor":14},{"not_picked":["Cold Snap","Steam"],"picked":"Streamline","floor":17},{"not_picked":["Rebound","Ball Lightning"],"picked":"Lockon","floor":17},{"not_picked":["Turbo","Leap+1"],"picked":"Ball Lightning","floor":18},{"not_picked":["Sweeping Beam+1","Skim","Glacier"],"picked":"SKIP","floor":19},{"not_picked":["Hologram","Cold Snap+1","Beam Cell"],"picked":"SKIP","floor":20},{"not_picked":["Hello World","Machine Learning","Steam+1"],"picked":"SKIP","floor":25},{"not_picked":["Steam Power+1","White Noise","BootSequence"],"picked":"SKIP","floor":29},{"not_picked":["Streamline","Static Discharge+1","Cold Snap"],"picked":"SKIP","floor":30},{"not_picked":["Sweeping Beam","Chaos","Consume"],"picked":"SKIP","floor":31}],"player_experience":119475,"potions_floor_usage":[16,19,33,33],"damage_taken":[{"damage":0,"enemies":"2 Louse","floor":1,"turns":2},{"damage":11,"enemies":"Jaw Worm","floor":2,"turns":3},{"damage":0,"enemies":"Cultist","floor":3,"turns":3},{"damage":35,"enemies":"Lagavulin","floor":7,"turns":6},{"damage":7,"enemies":"Exordium Wildlife","floor":11,"turns":3},{"damage":1,"enemies":"Looter","floor":13,"turns":3},{"damage":3,"enemies":"Lots of Slimes","floor":14,"turns":3},{"damage":33,"enemies":"Hexaghost","floor":16,"turns":8},{"damage":21,"enemies":"Spheric Guardian","floor":18,"turns":3},{"damage":3,"enemies":"3 Byrds","floor":19,"turns":3},{"damage":25,"enemies":"Snecko","floor":20,"turns":4},{"damage":13,"enemies":"Centurion and Healer","floor":25,"turns":7},{"damage":7,"enemies":"Slaver and Parasite","floor":29,"turns":6},{"damage":5,"enemies":"Cultist and Chosen","floor":30,"turns":7},{"damage":20,"enemies":"Chosen and Byrds","floor":31,"turns":7},{"damage":37,"enemies":"Champ","floor":33,"turns":7}],"relics_obtained":[{"floor":7,"key":"Ginger"},{"floor":9,"key":"Torii"},{"floor":26,"key":"Bag of Marbles"}],"event_choices":[{"event_name":"Living Wall","player_choice":"Grow","floor":4,"damage_taken":0},{"event_name":"Liars Game","player_choice":"disagreed","floor":5,"damage_taken":0},{"event_name":"The Cleric","player_choice":"Card Removal","floor":10,"damage_taken":0},{"event_name":"Ghosts","player_choice":"Became a Ghost","floor":22,"damage_taken":0},{"event_name":"Drug Dealer","player_choice":"Got JAXXED","floor":28,"damage_taken":0}],"boss_relics":[{"not_picked":["Inserter","Velvet Choker"],"picked":"Orrery"}],"items_purged_floors":[21],"is_endless":false,"potions_floor_spawned":[1,11,16,18,20,31],"seed_played":"7509249834391364384","killed_by":"Champ","ascension_level":0,"potions_obtained":[{"floor":1,"key":"SteroidPotion"},{"floor":11,"key":"FearPotion"},{"floor":16,"key":"SteroidPotion"},{"floor":18,"key":"PowerPotion"},{"floor":20,"key":"SpeedPotion"},{"floor":31,"key":"Explosive Potion"}],"is_trial":false}