{"gold_per_floor":[111,123,12,12,12,47,47,72,72,72,88,88,7,18,18,116,116,134,8,22,35,55,55,55],"floor_reached":24,"playtime":1520,"items_purged":["Strike_R"],"score":237,"play_id":"5c6e323b-1551-4081-9b68-c30fa6766d3a","local_time":"20190314142352","is_ascension_mode":true,"campfire_choices":[{"floor":7,"key":"REST"},{"floor":10,"key":"REST"},{"floor":15,"key":"REST"},{"floor":23,"key":"REST"}],"neow_cost":"NONE","seed_source_timestamp":0,"circlet_count":0,"master_deck":["Strike_R+1","Strike_R+1","Strike_R","Strike_R","Defend_R","Defend_R","Defend_R","Defend_R","Bash","Iron Wave","Uppercut+1","Spot Weakness","Shrug It Off","Shrug It Off","Whirlwind","Barricade","Body Slam","Thunderclap+1","Ghostly Armor"],"special_seed":0,"relics":["Burning Blood","Dodecahedron","The Courier","Velvet Choker","Pen Nib"],"potions_floor_usage":[16,24,24],"damage_taken":[{"damage":8,"enemies":"2 Louse","floor":1,"turns":4},{"damage":7,"enemies":"Jaw Worm","floor":2,"turns":3},{"damage":50,"enemies":"3 Sentries","floor":6,"turns":12},{"damage":39,"enemies":"Lagavulin","floor":8,"turns":8},{"damage":0,"enemies":"Cultist","floor":11,"turns":3},{"damage":1,"enemies":"Looter","floor":14,"turns":4},{"damage":67,"enemies":"Slime Boss","floor":16,"turns":12},{"damage":9,"enemies":"2 Thieves","floor":18,"turns":4},{"damage":39,"enemies":"Spheric Guardian","floor":20,"turns":6},{"damage":15,"enemies":"Centurion and Healer","floor":21,"turns":10},{"damage":16,"enemies":"Cultist and Chosen","floor":22,"turns":7},{"damage":72,"enemies":"Slavers","floor":24,"turns":4}],"seed_played":"489208754131559873","potions_obtained":[{"floor":2,"key":"Ancient Potion"},{"floor":6,"key":"AttackPotion"},{"floor":16,"key":"SpeedPotion"},{"floor":18,"key":"Dexterity Potion"},{"floor":22,"key":"Regen Potion"}],"is_trial":false,"path_per_floor":["M","M","$","?","?","E","R","E","T","R","M","?","$","M","R","B",null,"M","$","M","M","M","R","E"],"character_chosen":"IRONCLAD","items_purchased":["Uppercut","Shrug It Off","Whirlwind","Pen Nib"],"campfire_rested":4,"item_purchase_floors":[3,13,13,19],"current_hp_per_floor":[86,85,85,67,67,23,49,16,16,42,48,48,48,53,79,18,88,85,85,52,43,33,59,0],"gold":55,"neow_bonus":"TEN_PERCENT_HP_BONUS","is_prod":false,"is_daily":false,"chose_seed":false,"campfire_upgraded":0,"win_rate":0,"timestamp":1552569832,"path_taken":["M","M","$","?","?","E","R","E","T","R","?","?","$","M","R","BOSS","M","$","M","?","M","R","E"],"build_version":"2019-01-23","purchased_purges":1,"victory":false,"max_hp_per_floor":[88,88,88,88,88,88,88,88,88,88,88,88,88,88,88,88,88,88,88,88,88,88,88,88],"card_choices":[{"not_picked":["Warcry","Heavy Blade"],"picked":"Iron Wave","floor":1},{"not_picked":["Sword Boomerang","Rampage","Disarm"],"picked":"SKIP","floor":2},{"not_picked":["Twin Strike","Pummel"],"picked":"Spot Weakness","floor":6},{"not_picked":["Dual Wield","Double Tap"],"picked":"Shrug It Off","floor":8},{"not_picked":["Clothesline","Perfected Strike","Heavy Blade"],"picked":"SKIP","floor":11},{"not_picked":["Bloodletting","Flex","Second Wind"],"picked":"SKIP","floor":14},{"not_picked":["Exhume","Impervious"],"picked":"Barricade","floor":16},{"not_picked":["Wild Strike","Combust"],"picked":"Body Slam","floor":18},{"not_picked":["Rage","Sword Boomerang","Wild Strike+1"],"picked":"SKIP","floor":20},{"not_picked":["Anger","Twin Strike"],"picked":"Thunderclap+1","floor":21},{"not_picked":["Flex","Whirlwind"],"picked":"Ghostly Armor","floor":22}],"player_experience":72026,"relics_obtained":[{"floor":6,"key":"Dodecahedron"},{"floor":8,"key":"The Courier"}],"event_choices":[{"damage_healed":0,"gold_gain":0,"player_choice":"Entered Light","damage_taken":18,"max_hp_gain":0,"max_hp_loss":0,"event_name":"Shining Light","floor":4,"gold_loss":0,"cards_upgraded":["Strike_R","Strike_R"]},{"damage_healed":0,"gold_gain":0,"player_choice":"0 cards matched","damage_taken":0,"max_hp_gain":0,"max_hp_loss":0,"event_name":"Match and Keep!","floor":5,"gold_loss":0,"cards_obtained":[]},{"damage_healed":0,"gold_gain":0,"player_choice":"Forge","damage_taken":0,"max_hp_gain":0,"max_hp_loss":0,"event_name":"Accursed Blacksmith","floor":12,"gold_loss":0,"cards_upgraded":["Uppercut"]}],"is_beta":false,"boss_relics":[{"not_picked":["Cursed Key","Black Blood"],"picked":"Velvet Choker"}],"items_purged_floors":[3],"is_endless":false,"potions_floor_spawned":[2,6,16,18,22],"killed_by":"Slavers","ascension_level":3}