{"gold_per_floor":[20,20,20,34,54,54,64,75,75,105,130,45,10,24,24,129,129,148,148,3,14,25,36,36,36,36,36,48,48,58,73,73,175,175,194,194,209,219,55,55,73,24,24,43,43,58,68,81,81,81],"floor_reached":50,"playtime":1661,"items_purged":["Strike_B","Defend_B"],"score":479,"play_id":"d172dbe6-61aa-41e1-8198-91bef09d19f6","local_time":"20190403195706","is_ascension_mode":false,"campfire_choices":[{"data":"Zap","floor":6,"key":"SMITH"},{"data":"Ball Lightning","floor":15,"key":"SMITH"},{"floor":24,"key":"REST"},{"data":"Electrodynamics","floor":27,"key":"SMITH"},{"data":"Ball Lightning","floor":29,"key":"SMITH"},{"data":"Static Discharge","floor":32,"key":"SMITH"},{"data":"Apotheosis","floor":40,"key":"SMITH"},{"floor":45,"key":"REST"},{"floor":49,"key":"REST"}],"neow_cost":"NO_GOLD","seed_source_timestamp":27501466387228,"circlet_count":0,"master_deck":["Defend_B","Defend_B","Zap+1","Dualcast","Ball Lightning+1","Ball Lightning","Machine Learning","Ball Lightning+1","Ball Lightning","BootSequence","Ball Lightning","Electrodynamics+1","Static Discharge+1","Go for the Eyes","Conserve Battery","Loop","Hologram+1","Buffer","Madness","Madness","Apotheosis+1","Leap"],"relics":["Cracked Core","Blood Vial","MawBank","Empty Cage","Darkstone Periapt","Busted Crown","Cables"],"potions_floor_usage":[10,16,33,46,48,50,50],"damage_taken":[{"damage":5,"enemies":"2 Louse","floor":1,"turns":2},{"damage":0,"enemies":"Cultist","floor":4,"turns":2},{"damage":1,"enemies":"Jaw Worm","floor":5,"turns":3},{"damage":12,"enemies":"Exordium Wildlife","floor":7,"turns":3},{"damage":12,"enemies":"Blue Slaver","floor":8,"turns":2},{"damage":9,"enemies":"Lagavulin","floor":10,"turns":4},{"damage":11,"enemies":"Exordium Thugs","floor":11,"turns":3},{"damage":0,"enemies":"Large Slime","floor":14,"turns":3},{"damage":33,"enemies":"The Guardian","floor":16,"turns":6},{"damage":0,"enemies":"Chosen","floor":18,"turns":3},{"damage":10,"enemies":"Spheric Guardian","floor":21,"turns":3},{"damage":31,"enemies":"Centurion and Healer","floor":22,"turns":4},{"damage":0,"enemies":"Chosen and Byrds","floor":23,"turns":3},{"damage":16,"enemies":"Snake Plant","floor":28,"turns":3},{"damage":0,"enemies":"Cultist and Chosen","floor":30,"turns":3},{"damage":0,"enemies":"3 Cultists","floor":31,"turns":3},{"damage":37,"enemies":"Automaton","floor":33,"turns":6},{"damage":0,"enemies":"Orb Walker","floor":35,"turns":3},{"damage":0,"enemies":"3 Shapes","floor":37,"turns":2},{"damage":17,"enemies":"Sphere and 2 Shapes","floor":38,"turns":4},{"damage":11,"enemies":"4 Shapes","floor":41,"turns":6},{"damage":33,"enemies":"3 Darklings","floor":44,"turns":4},{"damage":5,"enemies":"Maw","floor":46,"turns":6},{"damage":13,"enemies":"Jaw Worm Horde","floor":47,"turns":3},{"damage":13,"enemies":"Transient","floor":48,"turns":5},{"damage":41,"enemies":"Time Eater","floor":50,"turns":3}],"seed_played":"6197832519924491001","potions_obtained":[{"floor":1,"key":"Energy Potion"},{"floor":2,"key":"EssenceOfSteel"},{"floor":2,"key":"LiquidBronze"},{"floor":14,"key":"Poison Potion"},{"floor":16,"key":"AttackPotion"},{"floor":35,"key":"SkillPotion"},{"floor":46,"key":"Explosive Potion"},{"floor":48,"key":"Strength Potion"}],"is_trial":false,"path_per_floor":["M","?","$","M","M","R","M","M","T","E","M","$","?","M","R","B",null,"M","?","$","M","M","M","R","?","T","R","M","R","M","M","R","B",null,"M","?","M","M","$","R","M","$","T","M","R","M","M","M","R","B"],"character_chosen":"DEFECT","items_purchased":["Ball Lightning","Conserve Battery","Apotheosis","Leap"],"campfire_rested":3,"item_purchase_floors":[12,20,39,42],"current_hp_per_floor":[70,70,70,70,69,69,57,45,45,38,29,29,47,49,49,18,75,75,75,75,65,36,38,60,60,60,60,46,46,48,50,50,15,75,75,66,68,53,53,53,44,44,44,13,35,32,21,10,32,0],"gold":81,"neow_bonus":"REMOVE_TWO","is_prod":false,"is_daily":false,"chose_seed":false,"campfire_upgraded":6,"win_rate":0,"timestamp":1554335826,"path_taken":["M","?","$","M","M","R","M","M","T","E","?","$","?","M","R","BOSS","M","?","$","M","M","M","R","?","T","R","M","R","M","M","R","BOSS","M","?","M","M","$","R","M","$","T","M","R","M","M","M","R","BOSS"],"build_version":"2019-01-23","purchased_purges":2,"victory":false,"max_hp_per_floor":[75,75,75,75,75,75,75,75,75,75,75,75,75,75,75,75,75,75,75,75,75,75,75,75,75,75,75,75,75,75,75,75,75,75,75,75,75,75,75,75,75,75,75,75,75,75,75,75,75,75],"card_choices":[{"not_picked":["Hello World","Go for the Eyes"],"picked":"Ball Lightning","floor":1},{"not_picked":["Reinforced Body","Static Discharge"],"picked":"Ball Lightning","floor":4},{"not_picked":["Leap","Go for the Eyes"],"picked":"Machine Learning","floor":5},{"not_picked":["Compile Driver","Go for the Eyes"],"picked":"Ball Lightning","floor":7},{"not_picked":["Steam","Loop"],"picked":"Ball Lightning","floor":8},{"not_picked":["Sunder","Skim"],"picked":"BootSequence","floor":10},{"not_picked":["Recycle","Stack","Leap"],"picked":"SKIP","floor":11},{"not_picked":["Recycle","Force Field","Redo"],"picked":"SKIP","floor":14},{"not_picked":["Echo Form","Buffer"],"picked":"Electrodynamics","floor":16},{"not_picked":["Hologram","Compile Driver"],"picked":"Static Discharge","floor":18},{"not_picked":["Storm+1","Coolheaded"],"picked":"Loop","floor":21},{"not_picked":["Consume","Turbo+1","Sweeping Beam"],"picked":"SKIP","floor":22},{"not_picked":["Streamline","Compile Driver"],"picked":"Hologram+1","floor":23},{"not_picked":["Hello World+1","Lockon","Turbo"],"picked":"SKIP","floor":28},{"not_picked":["Self Repair+1","Scrape","Compile Driver"],"picked":"SKIP","floor":30},{"not_picked":["Ball Lightning","Compile Driver","Recycle"],"picked":"SKIP","floor":31},{"not_picked":["Electrodynamics","Meteor Strike"],"picked":"Buffer","floor":33},{"not_picked":["Tempest"],"picked":"SKIP","floor":35},{"not_picked":["Cold Snap+1"],"picked":"SKIP","floor":37},{"not_picked":["Leap+1"],"picked":"SKIP","floor":38},{"not_picked":["Consume+1"],"picked":"SKIP","floor":41},{"not_picked":["Sweeping Beam"],"picked":"SKIP","floor":44},{"not_picked":["Ball Lightning"],"picked":"SKIP","floor":46},{"not_picked":["Ball Lightning"],"picked":"SKIP","floor":47},{"not_picked":["Sweeping Beam+1"],"picked":"SKIP","floor":48}],"player_experience":441427,"relics_obtained":[{"floor":9,"key":"Blood Vial"},{"floor":10,"key":"MawBank"},{"floor":26,"key":"Darkstone Periapt"},{"floor":43,"key":"Cables"}],"event_choices":[{"damage_healed":0,"gold_gain":0,"player_choice":"Got Potions","damage_taken":0,"max_hp_gain":0,"max_hp_loss":0,"event_name":"Lab","floor":2,"gold_loss":0},{"damage_healed":18,"gold_gain":0,"player_choice":"Healed","damage_taken":0,"max_hp_gain":0,"max_hp_loss":0,"event_name":"The Cleric","floor":13,"gold_loss":35},{"damage_healed":0,"gold_gain":0,"player_choice":"Read","damage_taken":0,"max_hp_gain":0,"max_hp_loss":0,"event_name":"The Library","floor":19,"gold_loss":0,"cards_obtained":["Go for the Eyes"]},{"damage_healed":0,"gold_gain":0,"player_choice":"Ignored","damage_taken":0,"max_hp_gain":0,"max_hp_loss":0,"event_name":"WeMeetAgain","floor":25,"gold_loss":0},{"damage_healed":0,"gold_gain":0,"player_choice":"Embrace Madness","damage_taken":9,"max_hp_gain":0,"max_hp_loss":0,"event_name":"Winding Halls","floor":36,"gold_loss":0,"cards_obtained":["Madness","Madness"]}],"is_beta":false,"boss_relics":[{"not_picked":["Philosopher\u0027s Stone","Ectoplasm"],"picked":"Empty Cage"},{"not_picked":["FrozenCore","Cursed Key"],"picked":"Busted Crown"}],"items_purged_floors":[12,20],"is_endless":false,"potions_floor_spawned":[1,14,16,18,23,28,31,35,37,46,48],"killed_by":"Time Eater","ascension_level":0}