{"gold_per_floor":[117,130,130,150,164,164,190,190,190,190,215,215,228,254,254,326,326,337,357,24,39,58,58,92,112,112,112,139,139,139,9,9,85,85,105,125,125,144,158,158,173,206,230,230,258,258,270,287,287,287,287],"floor_reached":52,"playtime":4385,"items_purged":["Strike_R"],"score":2048,"play_id":"69d26941-4e1c-429f-9777-4277e27378fa","local_time":"20190307011526","is_ascension_mode":true,"campfire_choices":[{"data":"Spot Weakness","floor":6,"key":"SMITH"},{"data":"Battle Trance","floor":8,"key":"SMITH"},{"data":"Flex","floor":10,"key":"SMITH"},{"floor":15,"key":"REST"},{"data":"Flame Barrier","floor":23,"key":"SMITH"},{"data":"True Grit","floor":29,"key":"SMITH"},{"floor":32,"key":"REST"},{"data":"Sword Boomerang","floor":40,"key":"SMITH"},{"data":"Limit Break","floor":44,"key":"SMITH"},{"data":"Feel No Pain","floor":46,"key":"SMITH"},{"data":"Infernal Blade","floor":49,"key":"SMITH"}],"neow_cost":"NONE","seed_source_timestamp":2888572908900,"circlet_count":0,"master_deck":["AscendersBane","Strike_R+1","Defend_R+1","Defend_R+1","Defend_R+1","Defend_R+1","Bash+1","Battle Trance+1","Flex+1","Thunderclap","Spot Weakness+1","Cleave","Dropkick","Flame Barrier+1","Pummel","Offering","Wild Strike","Battle Trance","Second Wind","Anger","Ghostly Armor","Dual Wield+1","Feel No Pain+1","True Grit+1","Shrug It Off","Metallicize","Limit Break+1","Sword Boomerang+1","Power Through","Thunderclap","Ghostly Armor","Reaper","Infernal Blade+1","Thunderclap+1"],"relics":["Burning Blood","Dead Branch","Champion Belt","StoneCalendar","Art of War","Mark of Pain","Red Skull","Vajra","Pear","MutagenicStrength","Sundial","Coffee Dripper","Oddly Smooth Stone","Boot"],"potions_floor_usage":[5,7,13,21,21,24,38,42,50],"damage_taken":[{"damage":18,"enemies":"Small Slimes","floor":1,"turns":5},{"damage":4,"enemies":"Jaw Worm","floor":2,"turns":4},{"damage":1,"enemies":"Cultist","floor":4,"turns":3},{"damage":7,"enemies":"3 Louse","floor":5,"turns":5},{"damage":33,"enemies":"Lagavulin","floor":7,"turns":4},{"damage":12,"enemies":"Gremlin Nob","floor":11,"turns":3},{"damage":0,"enemies":"Large Slime","floor":13,"turns":2},{"damage":25,"enemies":"Lagavulin","floor":14,"turns":6},{"damage":31,"enemies":"Slime Boss","floor":16,"turns":7},{"damage":12,"enemies":"Spheric Guardian","floor":18,"turns":3},{"damage":6,"enemies":"2 Thieves","floor":19,"turns":2},{"damage":26,"enemies":"Shelled Parasite and Fungi","floor":21,"turns":2},{"damage":6,"enemies":"3 Cultists","floor":22,"turns":2},{"damage":17,"enemies":"Gremlin Leader","floor":24,"turns":4},{"damage":0,"enemies":"Cultist and Chosen","floor":25,"turns":3},{"damage":15,"enemies":"Book of Stabbing","floor":28,"turns":5},{"damage":37,"enemies":"Automaton","floor":33,"turns":9},{"damage":6,"enemies":"3 Shapes","floor":35,"turns":3},{"damage":6,"enemies":"Orb Walker","floor":36,"turns":1},{"damage":6,"enemies":"Sphere and 2 Shapes","floor":38,"turns":2},{"damage":6,"enemies":"3 Darklings","floor":39,"turns":5},{"damage":9,"enemies":"Writhing Mass","floor":41,"turns":5},{"damage":6,"enemies":"Reptomancer","floor":42,"turns":2},{"damage":9,"enemies":"Nemesis","floor":45,"turns":3},{"damage":17,"enemies":"Transient","floor":47,"turns":6},{"damage":6,"enemies":"Jaw Worm Horde","floor":48,"turns":3},{"damage":39,"enemies":"Donu and Deca","floor":50,"turns":7},{"damage":38,"enemies":"Awakened One","floor":51,"turns":8}],"seed_played":"1403768903538988122","potions_obtained":[{"floor":1,"key":"EssenceOfSteel"},{"floor":4,"key":"Regen Potion"},{"floor":7,"key":"Fire Potion"},{"floor":18,"key":"Regen Potion"},{"floor":19,"key":"Swift Potion"},{"floor":21,"key":"SkillPotion"},{"floor":33,"key":"Fire Potion"},{"floor":36,"key":"PowerPotion"},{"floor":39,"key":"FairyPotion"},{"floor":45,"key":"Ancient Potion"}],"is_trial":false,"path_per_floor":["M","M","?","M","M","R","E","R","T","R","E","?","M","E","R","B",null,"M","M","$","M","M","R","E","M","T","?","E","R","?","$","R","B",null,"M","M","?","M","M","R","M","E","T","R","E","R","M","M","R","B","B",null],"character_chosen":"IRONCLAD","items_purchased":["Red Skull","Second Wind","Shrug It Off","Metallicize"],"campfire_rested":2,"item_purchase_floors":[20,20,31,31],"current_hp_per_floor":[56,58,51,56,69,69,42,42,42,42,36,36,42,23,45,20,61,55,55,55,40,40,40,29,35,45,45,36,36,36,36,61,30,71,71,71,71,71,71,71,68,68,68,68,65,65,66,66,66,33,53],"gold":287,"neow_bonus":"UPGRADE_CARD","is_prod":false,"is_daily":false,"chose_seed":false,"campfire_upgraded":9,"win_rate":0,"timestamp":1551950126,"path_taken":["M","M","?","M","M","R","E","R","T","R","E","?","M","E","R","BOSS","M","?","$","M","M","R","E","M","T","?","E","R","?","$","R","BOSS","M","M","?","M","?","R","M","E","T","R","E","R","M","M","R","BOSS","BOSS"],"build_version":"2019-02-06","purchased_purges":1,"victory":true,"max_hp_per_floor":[75,75,75,75,75,75,75,75,75,75,75,75,75,75,75,75,75,75,75,75,75,75,75,75,75,85,85,85,85,85,85,85,85,85,85,85,85,85,85,85,85,85,85,85,85,85,85,85,85,85,85],"card_choices":[{"not_picked":["Disarm","Combust"],"picked":"Battle Trance","floor":1},{"not_picked":["Iron Wave","Twin Strike"],"picked":"Flex","floor":2},{"not_picked":["Iron Wave","Dual Wield"],"picked":"Thunderclap","floor":4},{"not_picked":["Second Wind","Pummel"],"picked":"Spot Weakness","floor":5},{"not_picked":["Clothesline","Iron Wave"],"picked":"Cleave","floor":7},{"not_picked":["Shockwave","Cleave"],"picked":"Dropkick","floor":11},{"not_picked":["Iron Wave","Power Through"],"picked":"Flame Barrier","floor":13},{"not_picked":["Second Wind","Bludgeon"],"picked":"Pummel","floor":14},{"not_picked":["Berserk","Exhume"],"picked":"Offering","floor":16},{"not_picked":["Clothesline","Perfected Strike+1"],"picked":"Wild Strike","floor":18},{"not_picked":["Havoc","Hemokinesis"],"picked":"Battle Trance","floor":19},{"not_picked":["Blood for Blood","Carnage"],"picked":"Anger","floor":21},{"not_picked":["Body Slam","Perfected Strike+1"],"picked":"Ghostly Armor","floor":22},{"not_picked":["Carnage+1","Headbutt"],"picked":"Dual Wield+1","floor":24},{"not_picked":["Bludgeon","Entrench+1"],"picked":"Feel No Pain","floor":25},{"not_picked":["Shockwave","Perfected Strike"],"picked":"True Grit","floor":28},{"not_picked":["Impervious","Fiend Fire"],"picked":"Limit Break","floor":33},{"not_picked":["Hemokinesis","Dual Wield","Rampage+1"],"picked":"SKIP","floor":35},{"not_picked":["Inflame","Clash"],"picked":"Sword Boomerang","floor":36},{"not_picked":["Sever Soul","Clash"],"picked":"Power Through","floor":38},{"not_picked":["Shrug It Off","Body Slam"],"picked":"Thunderclap","floor":39},{"not_picked":["Perfected Strike","Body Slam","Fire Breathing"],"picked":"SKIP","floor":41},{"not_picked":["Headbutt","Reckless Charge"],"picked":"Ghostly Armor","floor":42},{"not_picked":["Rupture","Infernal Blade+1"],"picked":"Reaper","floor":45},{"not_picked":["Carnage","True Grit"],"picked":"Infernal Blade","floor":47},{"not_picked":["Body Slam","Pommel Strike+1"],"picked":"Thunderclap+1","floor":48}],"player_experience":3341966,"relics_obtained":[{"floor":7,"key":"Dead Branch"},{"floor":9,"key":"Champion Belt"},{"floor":11,"key":"StoneCalendar"},{"floor":14,"key":"Art of War"},{"floor":24,"key":"Vajra"},{"floor":26,"key":"Pear"},{"floor":28,"key":"Sundial"},{"floor":42,"key":"Oddly Smooth Stone"},{"floor":45,"key":"Boot"}],"event_choices":[{"cards_removed":["Strike_R"],"damage_healed":0,"gold_gain":0,"player_choice":"Card Removal","damage_taken":7,"max_hp_gain":0,"max_hp_loss":0,"event_name":"Golden Wing","floor":3,"gold_loss":0},{"cards_removed":["Strike_R"],"damage_healed":0,"gold_gain":0,"player_choice":"Offered Basic","damage_taken":0,"max_hp_gain":0,"max_hp_loss":0,"event_name":"Bonfire Elementals","floor":12,"gold_loss":0},{"damage_healed":0,"gold_gain":0,"player_choice":"Inject Mutagens","damage_taken":0,"relics_obtained":["MutagenicStrength"],"max_hp_gain":0,"max_hp_loss":0,"event_name":"Drug Dealer","floor":27,"gold_loss":0},{"damage_healed":0,"gold_gain":0,"player_choice":"Simplicity","damage_taken":0,"max_hp_gain":0,"max_hp_loss":0,"event_name":"Back to Basics","floor":30,"gold_loss":0,"cards_upgraded":["Strike_R","Strike_R","Defend_R","Defend_R","Defend_R","Defend_R"]},{"cards_removed":["Strike_R"],"damage_healed":0,"gold_gain":0,"player_choice":"Purged","damage_taken":0,"max_hp_gain":0,"max_hp_loss":0,"event_name":"Purifier","floor":37,"gold_loss":0}],"is_beta":true,"boss_relics":[{"not_picked":["Runic Cube","Busted Crown"],"picked":"Mark of Pain"},{"not_picked":["Snecko Eye","Pandora\u0027s Box"],"picked":"Coffee Dripper"}],"items_purged_floors":[20],"is_endless":false,"potions_floor_spawned":[1,4,7,18,19,21,33,36,39,45],"ascension_level":20}