{"path_per_floor":["M","M","$","?","M","R","E","M","T","M","M","?","M","T","R","B",null,"M","M","$"],"character_chosen":"DEFECT","items_purchased":["Purity","Dramatic Entrance","Bronze Scales"],"gold_per_floor":[110,125,23,23,35,35,65,76,101,119,136,136,150,202,202,305,305,322,340,32,32],"floor_reached":21,"campfire_rested":2,"playtime":1059,"item_purchase_floors":[3,20,20],"current_hp_per_floor":[70,69,69,69,58,75,54,30,30,28,30,23,19,19,41,8,75,50,14,14,0],"items_purged":["Dualcast"],"gold":32,"score":183,"play_id":"06bd1c11-0c78-47fc-b1a8-b17df716bc8c","local_time":"20180618223055","is_prod":false,"is_daily":false,"chose_seed":false,"is_ascension_mode":false,"campfire_upgraded":0,"win_rate":0.0,"timestamp":1529375455,"campfire_choices":[{"floor":6,"key":"REST"},{"floor":15,"key":"REST"}],"path_taken":["M","M","$","?","M","R","E","M","T","?","M","?","M","?","R","BOSS","M","M","$","M"],"build_version":"2018-06-14v2","seed_source_timestamp":266050233465388,"purchased_purges":1,"victory":false,"master_deck":["Zap+1","Compile Driver","Ball Lightning","Defragment","Purity","Leap","Ball Lightning","Rebound","Thunder Strike","Sweeping Beam","Streamline","Streamline","Ball Lightning","Cold Snap","Cold Snap","Loop","Sweeping Beam","Turbo+1","Dramatic Entrance"],"max_hp_per_floor":[75,75,75,75,75,75,75,75,75,75,75,75,75,75,75,75,75,75,75,75,75],"relics":["Cracked Core","Blood Vial","Boot","Potion Belt","Juzu Bracelet","Pandora\u0027s Box","Bronze Scales"],"card_choices":[{"not_picked":["Barrage","Turbo"],"picked":"Compile Driver","floor":0},{"not_picked":["Steam","Darkness"],"picked":"Ball Lightning","floor":1},{"not_picked":["Chaos","Steam"],"picked":"Defragment","floor":2},{"not_picked":["Tempest","Sweeping Beam","Gash"],"picked":"SKIP","floor":5},{"not_picked":["Beam Cell","Reboot"],"picked":"Leap","floor":7},{"not_picked":["White Noise","Rip and Tear"],"picked":"Ball Lightning","floor":8},{"not_picked":["Heatsinks","Steam","Redo"],"picked":"SKIP","floor":10},{"not_picked":["Cold Snap","Streamline"],"picked":"Rebound","floor":11},{"not_picked":["Compile Driver","Capacitor","Beam Cell"],"picked":"SKIP","floor":13},{"not_picked":["Multi-Cast","Creative AI"],"picked":"Thunder Strike","floor":16},{"not_picked":["Redo","Auto Shields","Recycle"],"picked":"SKIP","floor":18},{"not_picked":["Glacier","Self Repair"],"picked":"Turbo+1","floor":19}],"player_experience":110518,"potions_floor_usage":[11,13,16],"damage_taken":[{"damage":5,"enemies":"Small Slimes","floor":1,"turns":3},{"damage":1,"enemies":"Cultist","floor":2,"turns":3},{"damage":11,"enemies":"Jaw Worm","floor":5,"turns":2},{"damage":21,"enemies":"Lagavulin","floor":7,"turns":5},{"damage":26,"enemies":"Large Slime","floor":8,"turns":5},{"damage":4,"enemies":"Blue Slaver","floor":10,"turns":3},{"damage":0,"enemies":"2 Fungi Beasts","floor":11,"turns":2},{"damage":6,"enemies":"Exordium Wildlife","floor":13,"turns":3},{"damage":35,"enemies":"Slime Boss","floor":16,"turns":7},{"damage":25,"enemies":"Shell Parasite","floor":18,"turns":4},{"damage":38,"enemies":"2 Thieves","floor":19,"turns":4},{"damage":16,"enemies":"3 Cultists","floor":21,"turns":2}],"relics_obtained":[{"floor":7,"key":"Blood Vial"},{"floor":9,"key":"Boot"},{"floor":14,"key":"Juzu Bracelet"}],"event_choices":[{"event_name":"Living Wall","player_choice":"Grow","floor":4,"damage_taken":0},{"event_name":"Scrap Ooze","player_choice":"success","floor":12,"damage_taken":7}],"boss_relics":[{"not_picked":["Tiny House","Inserter"],"picked":"Pandora\u0027s Box"}],"items_purged_floors":[20],"is_endless":false,"potions_floor_spawned":[7,8,10,18,19],"seed_played":"4649604661969945103","killed_by":"3 Cultists","ascension_level":0,"potions_obtained":[{"floor":7,"key":"Explosive Potion"},{"floor":8,"key":"SneckoOil"},{"floor":10,"key":"LiquidBronze"},{"floor":18,"key":"Dexterity Potion"},{"floor":19,"key":"FearPotion"}],"is_trial":false}