{"gold_per_floor":[113,113,113,113,131,131,164,164,214,226,246,246,31,56,56,128,128,142,53,53,153,170,170,85,85,85,99,24,24,59,74,74,151,151,171,171,64,82,2,2,2,52,52,70,84,84,84,94,94,94,94],"floor_reached":52,"playtime":3099,"items_purged":["Defend_B"],"score":1827,"play_id":"c65aae32-a6bc-4753-8b78-a7d8e7ea8886","local_time":"20190417235749","is_ascension_mode":true,"campfire_choices":[{"floor":6.0,"key":"REST"},{"data":"Zap","floor":8.0,"key":"SMITH"},{"data":"Echo Form","floor":12.0,"key":"SMITH"},{"data":"Reinforced Body","floor":15.0,"key":"SMITH"},{"floor":23.0,"key":"REST"},{"floor":25.0,"key":"DIG"},{"data":"Biased Cognition","floor":29.0,"key":"SMITH"},{"floor":32.0,"key":"DIG"},{"data":"Capacitor","floor":40.0,"key":"SMITH"},{"data":"Zap","floor":46.0,"key":"SMITH"},{"floor":49.0,"key":"DIG"}],"neow_cost":"NONE","seed_source_timestamp":525169154699002,"circlet_count":0,"master_deck":["AscendersBane","Strike_B","Strike_B","Strike_B+1","Defend_B","Defend_B","Zap+1","Dualcast","Gash+1","Skim","Echo Form+1","Zap+1","Conserve Battery","Cold Snap","Self Repair","Reinforced Body+1","Biased Cognition+1","Consume+1","Double Energy+1","Glacier+1","Hologram+1","Lockon","Electrodynamics","Conserve Battery+1","Capacitor+1","Rip and Tear"],"special_seed":0,"relics":["FrozenCore","NeowsBlessing","Torii","Du-Vu Doll","Boot","OrangePellets","Whetstone","Calling Bell","Dream Catcher","Toxic Egg 2","Gambling Chip","Shovel","Matryoshka","PreservedInsect","DataDisk","Regal Pillow","Meat on the Bone","Shuriken","Bottled Tornado","Centennial Puzzle","Bird Faced Urn","Bag of Marbles","Ornamental Fan","Dodecahedron"],"potions_floor_usage":[],"damage_taken":[{"damage":0.0,"enemies":"Cultist","floor":1.0,"turns":1.0},{"damage":0.0,"enemies":"Small Slimes","floor":5.0,"turns":1.0},{"damage":0.0,"enemies":"3 Sentries","floor":7.0,"turns":1.0},{"damage":0.0,"enemies":"2 Louse","floor":10.0,"turns":2.0},{"damage":9.0,"enemies":"Blue Slaver","floor":11.0,"turns":4.0},{"damage":26.0,"enemies":"Lagavulin","floor":14.0,"turns":8.0},{"damage":32.0,"enemies":"Slime Boss","floor":16.0,"turns":9.0},{"damage":2.0,"enemies":"Spheric Guardian","floor":18.0,"turns":5.0},{"damage":25.0,"enemies":"Colosseum Slavers","floor":21.0,"turns":6.0},{"damage":52.0,"enemies":"Colosseum Nobs","floor":21.0,"turns":7.0},{"damage":2.0,"enemies":"3 Byrds","floor":22.0,"turns":4.0},{"damage":8.0,"enemies":"Cultist and Chosen","floor":27.0,"turns":9.0},{"damage":52.0,"enemies":"Book of Stabbing","floor":30.0,"turns":9.0},{"damage":6.0,"enemies":"Chosen and Byrds","floor":31.0,"turns":6.0},{"damage":24.0,"enemies":"Automaton","floor":33.0,"turns":11.0},{"damage":18.0,"enemies":"Orb Walker","floor":35.0,"turns":6.0},{"damage":19.0,"enemies":"3 Darklings","floor":38.0,"turns":3.0},{"damage":9.0,"enemies":"2 Orb Walkers","floor":42.0,"turns":7.0},{"damage":15.0,"enemies":"Transient","floor":44.0,"turns":6.0},{"damage":1.0,"enemies":"Spire Growth","floor":45.0,"turns":8.0},{"damage":14.0,"enemies":"Sphere and 2 Shapes","floor":48.0,"turns":6.0},{"damage":0.0,"enemies":"Donu and Deca","floor":50.0,"turns":7.0},{"damage":18,"enemies":"Time Eater","floor":51,"turns":14}],"seed_played":"-6865549901926383843","potions_obtained":[{"floor":5.0,"key":"Poison Potion"},{"floor":7.0,"key":"GamblersBrew"},{"floor":10.0,"key":"SkillPotion"},{"floor":14.0,"key":"EssenceOfSteel"},{"floor":21.0,"key":"Swift Potion"},{"floor":22.0,"key":"LiquidBronze"},{"floor":27.0,"key":"Fire Potion"},{"floor":31.0,"key":"Dexterity Potion"},{"floor":38.0,"key":"SkillPotion"},{"floor":42.0,"key":"AttackPotion"},{"floor":45.0,"key":"Strength Potion"}],"is_trial":false,"path_per_floor":["M","?","?","?","M","R","E","R","T","M","M","R","$","E","R","B",null,"M","$","?","?","M","R","?","R","T","M","$","R","E","M","R","B",null,"M","?","?","M","$","R","$","?","T","M","M","R","?","M","R","B","B",null],"character_chosen":"DEFECT","items_purchased":["OrangePellets","Double Energy+1","Capacitor"],"campfire_rested":2,"item_purchase_floors":[13,19,39],"current_hp_per_floor":[64,57,39,39,39,60,60,60,60,67,65,65,65,53,53,28,60,71,71,71,22,20,41,41,41,41,59,59,59,33,39,39,41,64,60,60,60,41,41,41,41,44,44,57,67,67,67,67,67,67,60],"gold":94,"neow_bonus":"THREE_ENEMY_KILL","is_prod":false,"is_daily":false,"chose_seed":false,"campfire_upgraded":6,"win_rate":0,"timestamp":1555513069,"path_taken":["M","?","?","?","M","R","E","R","T","M","?","R","$","E","R","BOSS","M","$","?","?","M","R","?","R","T","M","$","R","E","M","R","BOSS","M","?","?","?","$","R","$","?","T","M","M","R","?","M","R","BOSS","BOSS"],"build_version":"2019-01-23","purchased_purges":1,"victory":true,"max_hp_per_floor":[71,71,71,71,71,71,71,71,71,71,71,71,71,71,71,71,71,71,71,71,71,71,71,71,71,71,71,71,71,71,71,71,71,71,71,67,67,67,67,67,67,67,67,67,67,67,67,67,67,67,67],"card_choices":[{"not_picked":["Streamline","Recycle"],"picked":"Gash","floor":1.0},{"not_picked":["Aggregate","Lockon"],"picked":"Cold Snap","floor":5.0},{"not_picked":["Reboot","Compile Driver"],"picked":"Self Repair","floor":7.0},{"not_picked":["Turbo","Fusion"],"picked":"Reinforced Body","floor":10.0},{"not_picked":["Rebound","Cold Snap","Skim"],"picked":"SKIP","floor":11.0},{"not_picked":["Sunder","Turbo","Auto Shields"],"picked":"SKIP","floor":14.0},{"not_picked":["All For One","Amplify"],"picked":"Biased Cognition","floor":16.0},{"not_picked":["Gash","Sweeping Beam"],"picked":"Consume+1","floor":18.0},{"not_picked":["Reinforced Body+1","Hologram+1"],"picked":"Glacier+1","floor":21.0},{"not_picked":["Sweeping Beam","Rebound","Beam Cell"],"picked":"SKIP","floor":22.0},{"not_picked":["Barrage","Beam Cell"],"picked":"Hologram+1","floor":23.0},{"not_picked":["Tempest+1","Redo+1","Storm"],"picked":"SKIP","floor":27.0},{"not_picked":["Aggregate+1","Consume+1","All For One"],"picked":"SKIP","floor":30.0},{"not_picked":["Aggregate+1","Consume+1","All For One"],"picked":"SKIP","floor":30.0},{"not_picked":["Loop","Hello World+1"],"picked":"Lockon","floor":31.0},{"not_picked":["Rainbow+1","Machine Learning"],"picked":"Electrodynamics","floor":33.0},{"not_picked":["Compile Driver","Ball Lightning"],"picked":"Conserve Battery+1","floor":35.0},{"not_picked":["BootSequence+1","Gash","FTL"],"picked":"SKIP","floor":38.0},{"not_picked":["Ball Lightning","Scrape","Turbo+1"],"picked":"SKIP","floor":44.0},{"not_picked":["Ball Lightning+1","Steam+1","Genetic Algorithm+1"],"picked":"SKIP","floor":45.0},{"not_picked":["Ball Lightning+1","Steam+1","Genetic Algorithm+1"],"picked":"SKIP","floor":45.0},{"not_picked":["Meteor Strike","Hologram+1","Compile Driver"],"picked":"SKIP","floor":48.0}],"player_experience":615531,"relics_obtained":[{"floor":7.0,"key":"Du-Vu Doll"},{"floor":9.0,"key":"Boot"},{"floor":14.0,"key":"Whetstone"},{"floor":17.0,"key":"Dream Catcher"},{"floor":17.0,"key":"Toxic Egg 2"},{"floor":17.0,"key":"Gambling Chip"},{"floor":21.0,"key":"Shovel"},{"floor":21.0,"key":"Matryoshka"},{"floor":25.0,"key":"DataDisk"},{"floor":26.0,"key":"Regal Pillow"},{"floor":26.0,"key":"Meat on the Bone"},{"floor":30.0,"key":"Shuriken"},{"floor":32.0,"key":"Bottled Tornado"},{"floor":42.0,"key":"Bird Faced Urn"},{"floor":43.0,"key":"Bag of Marbles"},{"floor":43.0,"key":"Ornamental Fan"},{"floor":49.0,"key":"Dodecahedron"}],"event_choices":[{"cards_removed":["Strike_B"],"damage_healed":0.0,"max_hp_gain":0.0,"max_hp_loss":0.0,"gold_gain":0.0,"event_name":"Golden Wing","player_choice":"Card Removal","floor":2.0,"gold_loss":0.0,"damage_taken":7.0},{"damage_healed":0.0,"max_hp_gain":0.0,"max_hp_loss":0.0,"gold_gain":0.0,"event_name":"Scrap Ooze","player_choice":"Success","floor":3.0,"gold_loss":0.0,"damage_taken":18.0,"relics_obtained":["Torii"]},{"damage_healed":0.0,"max_hp_gain":0.0,"max_hp_loss":0.0,"gold_gain":0.0,"event_name":"Match and Keep!","player_choice":"4 cards matched","floor":4.0,"gold_loss":0.0,"damage_taken":0.0,"cards_obtained":["Skim","Echo Form","Zap","Conserve Battery"]},{"damage_healed":0.0,"max_hp_gain":0.0,"max_hp_loss":0.0,"gold_gain":0.0,"event_name":"Vampires","player_choice":"Ignored","floor":20.0,"gold_loss":0.0,"damage_taken":0.0},{"damage_healed":0.0,"max_hp_gain":0.0,"max_hp_loss":0.0,"gold_gain":0.0,"event_name":"Colosseum","player_choice":"Fight","floor":21.0,"gold_loss":0.0,"damage_taken":0.0},{"damage_healed":0.0,"max_hp_gain":0.0,"max_hp_loss":0.0,"gold_gain":0.0,"event_name":"Colosseum","player_choice":"Fought Nobs","floor":21.0,"gold_loss":0.0,"damage_taken":0.0},{"damage_healed":0.0,"max_hp_gain":0.0,"max_hp_loss":0.0,"gold_gain":0.0,"event_name":"Addict","player_choice":"Obtained Relic","floor":24.0,"gold_loss":85.0,"damage_taken":0.0,"relics_obtained":["PreservedInsect"]},{"damage_healed":0.0,"max_hp_gain":0.0,"max_hp_loss":4.0,"gold_gain":0.0,"event_name":"Winding Halls","player_choice":"Max HP","floor":36.0,"gold_loss":0.0,"damage_taken":0.0},{"damage_healed":0.0,"max_hp_gain":0.0,"max_hp_loss":0.0,"gold_gain":0.0,"event_name":"WeMeetAgain","player_choice":"Paid Gold","floor":37.0,"gold_loss":107.0,"damage_taken":0.0,"relics_obtained":["Centennial Puzzle"]},{"damage_healed":0.0,"max_hp_gain":0.0,"max_hp_loss":0.0,"gold_gain":0.0,"event_name":"Mysterious Sphere","player_choice":"Fight","floor":42.0,"gold_loss":0.0,"damage_taken":0.0},{"damage_healed":0.0,"max_hp_gain":0.0,"max_hp_loss":0.0,"gold_gain":0.0,"cards_transformed":["Defend_B"],"event_name":"Transmorgrifier","player_choice":"Transformed","floor":47.0,"gold_loss":0.0,"damage_taken":0.0,"cards_obtained":["Rip and Tear"]}],"is_beta":false,"boss_relics":[{"not_picked":["Tiny House","Ectoplasm"],"picked":"Calling Bell"},{"not_picked":["Orrery","Runic Pyramid"],"picked":"FrozenCore"}],"items_purged_floors":[28],"is_endless":false,"potions_floor_spawned":[5,7,10,14,21,22,27,31,38,42,45],"ascension_level":20}