{"gold_per_floor":[111,111,128,128,53,80,80,93,166,166,190,190,224,244,244,320,320,320,55,65,65,65,65,97,97,97,97,22,33,33,46,46,119,119,135,187,205,205,219,219,219,35,59,59,17,29,29,29,29,29],"floor_reached":50,"playtime":975,"items_purged":["Strike_R"],"score":1003,"play_id":"01eee9a1-8b46-4235-a4c1-399ee208a1e9","local_time":"20190316230338","is_ascension_mode":true,"campfire_choices":[{"data":"Whirlwind","floor":7,"key":"SMITH"},{"data":"Spot Weakness","floor":10,"key":"SMITH"},{"data":"Heavy Blade","floor":15,"key":"SMITH"},{"floor":23,"key":"REST"},{"floor":27,"key":"REST"},{"floor":32,"key":"REST"},{"floor":40,"key":"DIG"},{"floor":44,"key":"DIG"},{"floor":47,"key":"DIG"},{"floor":49,"key":"DIG"}],"neow_cost":"NONE","seed_source_timestamp":89142015163555,"circlet_count":0,"master_deck":["AscendersBane","Strike_R+1","Strike_R","Strike_R","Strike_R","Defend_R","Defend_R","Defend_R+1","Bash+1","Shrug It Off","Shockwave","Whirlwind+1","Spot Weakness+1","Headbutt","Heavy Blade+1","Offering","Twin Strike","Shame","Clothesline","Whirlwind","Shrug It Off","Mayhem+1","Mayhem+1"],"relics":["Burning Blood","NeowsBlessing","Ancient Tea Set","Frozen Egg 2","Odd Mushroom","Red Skull","Philosopher\u0027s Stone","Mercury Hourglass","Centennial Puzzle","Juzu Bracelet","Pantograph","Mummified Hand","Snecko Eye","Shovel","The Courier","PrismaticShard","Oddly Smooth Stone","Calipers","Ornamental Fan","Art of War"],"potions_floor_usage":[11,13,14,18,24,35,50],"damage_taken":[{"damage":0,"enemies":"Small Slimes","floor":1,"turns":1},{"damage":0,"enemies":"2 Louse","floor":3,"turns":1},{"damage":0,"enemies":"3 Sentries","floor":6,"turns":2},{"damage":0,"enemies":"Cultist","floor":8,"turns":2},{"damage":0,"enemies":"The Mushroom Lair","floor":11,"turns":2},{"damage":8,"enemies":"Gremlin Nob","floor":13,"turns":3},{"damage":12,"enemies":"Large Slime","floor":14,"turns":4},{"damage":53,"enemies":"The Guardian","floor":16,"turns":8},{"damage":2,"enemies":"Spheric Guardian","floor":18,"turns":3},{"damage":36,"enemies":"3 Byrds","floor":20,"turns":2},{"damage":36,"enemies":"Gremlin Leader","floor":24,"turns":4},{"damage":6,"enemies":"3 Cultists","floor":29,"turns":2},{"damage":6,"enemies":"Cultist and Chosen","floor":31,"turns":3},{"damage":42,"enemies":"Automaton","floor":33,"turns":6},{"damage":18,"enemies":"3 Shapes","floor":35,"turns":5},{"damage":32,"enemies":"2 Orb Walkers","floor":36,"turns":3},{"damage":7,"enemies":"Orb Walker","floor":37,"turns":2},{"damage":24,"enemies":"Jaw Worm Horde","floor":39,"turns":3},{"damage":0,"enemies":"3 Darklings","floor":46,"turns":1},{"damage":64,"enemies":"Awakened One","floor":50,"turns":4}],"seed_played":"8457634447533633773","potions_obtained":[{"floor":6,"key":"Swift Potion"},{"floor":11,"key":"Strength Potion"},{"floor":13,"key":"Fire Potion"},{"floor":16,"key":"SmokeBomb"},{"floor":20,"key":"Energy Potion"},{"floor":33,"key":"Regen Potion"},{"floor":39,"key":"Poison Potion"}],"is_trial":false,"path_per_floor":["M","?","M","?","$","E","R","M","T","R","?","?","E","M","R","B",null,"M","$","M","?","?","R","E","?","T","R","?","M","?","M","R","B",null,"M","?","M","?","M","R","?","$","T","R","$","M","R","?","R","B"],"character_chosen":"IRONCLAD","items_purchased":["Mercury Hourglass","PrismaticShard","Shrug It Off"],"campfire_rested":3,"item_purchase_floors":[19,42,45],"current_hp_per_floor":[74,74,75,52,52,58,58,64,64,64,70,75,73,67,67,20,61,65,65,35,35,35,57,27,27,27,49,49,49,49,49,71,39,66,68,42,41,41,23,23,61,61,61,61,61,61,61,51,51,0],"gold":29,"neow_bonus":"THREE_ENEMY_KILL","is_prod":false,"is_daily":false,"chose_seed":false,"campfire_upgraded":3,"win_rate":0,"timestamp":1552763018,"path_taken":["M","?","M","?","$","E","R","M","T","R","?","?","E","M","R","BOSS","M","$","?","?","?","R","E","?","T","R","?","M","?","M","R","BOSS","M","?","M","?","M","R","?","?","T","R","?","M","R","?","R","BOSS"],"build_version":"2019-01-23","purchased_purges":1,"victory":false,"max_hp_per_floor":[75,75,75,75,75,75,75,75,75,75,75,75,75,75,75,75,75,75,75,75,75,75,75,75,75,75,75,75,75,75,75,75,75,75,75,75,75,75,75,75,61,61,61,61,61,61,61,61,61,61],"card_choices":[{"not_picked":["Flex","Heavy Blade"],"picked":"Shrug It Off","floor":1},{"not_picked":["Cleave","Pommel Strike"],"picked":"Shockwave","floor":3},{"not_picked":["Pommel Strike","Thunderclap"],"picked":"Whirlwind","floor":6},{"not_picked":["Thunderclap","Demon Form"],"picked":"Spot Weakness","floor":8},{"not_picked":["Sentinel","Pommel Strike"],"picked":"Headbutt","floor":11},{"not_picked":["Warcry","Evolve+1","Clash"],"picked":"SKIP","floor":13},{"not_picked":["Reckless Charge","Wild Strike"],"picked":"Heavy Blade","floor":14},{"not_picked":["Feed","Reaper"],"picked":"Offering","floor":16},{"not_picked":["Armaments","Wild Strike"],"picked":"Twin Strike","floor":20},{"not_picked":["Shrug It Off","Second Wind","Armaments"],"picked":"SKIP","floor":24},{"not_picked":["Clothesline","Corruption+1","Shrug It Off+1"],"picked":"SKIP","floor":29},{"not_picked":["Havoc+1","Perfected Strike","Anger"],"picked":"SKIP","floor":31},{"not_picked":["Disarm","Clash"],"picked":"Clothesline","floor":35},{"not_picked":["Perfected Strike","Blood for Blood+1","Shrug It Off"],"picked":"SKIP","floor":37},{"not_picked":["Metallicize+1","Wild Strike"],"picked":"Whirlwind","floor":39},{"not_picked":["Streamline","Underhanded Strike+1","Warcry"],"picked":"SKIP","floor":46},{"not_picked":["Enlightenment","The Bomb"],"picked":"Mayhem+1","floor":48},{"not_picked":["Forethought","Trip"],"picked":"Mayhem+1","floor":48}],"player_experience":752166,"relics_obtained":[{"floor":6,"key":"Ancient Tea Set"},{"floor":9,"key":"Frozen Egg 2"},{"floor":11,"key":"Odd Mushroom"},{"floor":13,"key":"Red Skull"},{"floor":24,"key":"Pantograph"},{"floor":26,"key":"Mummified Hand"},{"floor":36,"key":"Shovel"},{"floor":40,"key":"The Courier"},{"floor":43,"key":"Oddly Smooth Stone"},{"floor":44,"key":"Calipers"},{"floor":47,"key":"Ornamental Fan"},{"floor":49,"key":"Art of War"}],"event_choices":[{"damage_healed":0,"gold_gain":0,"player_choice":"Grow","damage_taken":0,"max_hp_gain":0,"max_hp_loss":0,"event_name":"Living Wall","floor":2,"gold_loss":0,"cards_upgraded":["Bash"]},{"damage_healed":0,"gold_gain":0,"player_choice":"Entered Light","damage_taken":23,"max_hp_gain":0,"max_hp_loss":0,"event_name":"Shining Light","floor":4,"gold_loss":0,"cards_upgraded":["Defend_R","Strike_R"]},{"damage_healed":0,"gold_gain":0,"player_choice":"Fought Mushrooms","damage_taken":0,"max_hp_gain":0,"max_hp_loss":0,"event_name":"Mushrooms","floor":11,"gold_loss":0},{"damage_healed":5,"gold_gain":0,"player_choice":"Full Heal","damage_taken":0,"max_hp_gain":0,"max_hp_loss":0,"event_name":"Wheel of Change","floor":12,"gold_loss":0},{"damage_healed":0,"gold_gain":0,"player_choice":"Stole Relic","damage_taken":0,"relics_obtained":["Centennial Puzzle"],"max_hp_gain":0,"max_hp_loss":0,"event_name":"Addict","floor":21,"gold_loss":0,"cards_obtained":["Shame"]},{"damage_healed":0,"gold_gain":0,"player_choice":"Opened","damage_taken":0,"relics_obtained":["Juzu Bracelet"],"max_hp_gain":0,"max_hp_loss":0,"event_name":"The Mausoleum","floor":22,"gold_loss":0,"cards_obtained":["Writhe"]},{"damage_healed":0,"gold_gain":0,"player_choice":"Ignored","damage_taken":0,"max_hp_gain":0,"max_hp_loss":0,"event_name":"Vampires","floor":25,"gold_loss":0},{"cards_removed":["Writhe"],"damage_healed":0,"gold_gain":0,"player_choice":"Gave Gold","damage_taken":0,"max_hp_gain":0,"max_hp_loss":0,"event_name":"Beggar","floor":28,"gold_loss":75},{"damage_healed":0,"gold_gain":0,"player_choice":"Ignored","damage_taken":0,"max_hp_gain":0,"max_hp_loss":0,"event_name":"Ghosts","floor":30,"gold_loss":0},{"damage_healed":0,"gold_gain":0,"player_choice":"Fight","damage_taken":0,"max_hp_gain":0,"max_hp_loss":0,"event_name":"Mysterious Sphere","floor":36,"gold_loss":0},{"cards_removed":["Defend_R"],"damage_healed":0,"gold_gain":0,"player_choice":"Removed Skill","damage_taken":0,"max_hp_gain":0,"max_hp_loss":0,"event_name":"Falling","floor":38,"gold_loss":0},{"damage_healed":61,"gold_gain":0,"player_choice":"Heal","damage_taken":0,"max_hp_gain":0,"max_hp_loss":14,"event_name":"The Moai Head","floor":41,"gold_loss":0},{"damage_healed":0,"gold_gain":0,"player_choice":"Memory 3","damage_taken":10,"max_hp_gain":0,"max_hp_loss":0,"event_name":"SensoryStone","floor":48,"gold_loss":0}],"is_beta":false,"boss_relics":[{"not_picked":["Lizard Tail","Runic Cube"],"picked":"Philosopher\u0027s Stone"},{"not_picked":["Calling Bell","Velvet Choker"],"picked":"Snecko Eye"}],"items_purged_floors":[5],"is_endless":false,"potions_floor_spawned":[6,11,13,16,18,20,33,39],"killed_by":"Awakened One","ascension_level":20}