{"gold_per_floor":[116,130,95,14,14,45,60,79,104,104,104,104,52,67,67,67],"floor_reached":16,"playtime":388,"items_purged":[],"score":100,"play_id":"7e951056-43cd-4072-bda5-b0c939c11ca7","local_time":"20190223232517","is_ascension_mode":false,"campfire_choices":[{"floor":15,"key":"REST"}],"neow_cost":"PERCENT_DAMAGE","seed_source_timestamp":102062871846353,"circlet_count":0,"master_deck":["Strike_B","Strike_B+1","Strike_B","Strike_B","Defend_B","Defend_B","Defend_B","Zap","Dualcast+1","Loop","Defragment","Conserve Battery","Auto Shields","Streamline"],"relics":["Cracked Core","Golden Idol","Juzu Bracelet","Art of War"],"potions_floor_usage":[16,16,16],"damage_taken":[{"damage":5,"enemies":"Jaw Worm","floor":1,"turns":4},{"damage":7,"enemies":"Small Slimes","floor":2,"turns":3},{"damage":43,"enemies":"3 Sentries","floor":6,"turns":7},{"damage":5,"enemies":"Cultist","floor":7,"turns":4},{"damage":22,"enemies":"Looter","floor":8,"turns":4},{"damage":2,"enemies":"Exordium Wildlife","floor":14,"turns":3},{"damage":49,"enemies":"The Guardian","floor":16,"turns":8}],"seed_played":"-7136858415510108379","potions_obtained":[{"floor":6,"key":"Regen Potion"},{"floor":8,"key":"LiquidBronze"},{"floor":14,"key":"Poison Potion"}],"is_trial":false,"path_per_floor":["M","M","?","$","?","E","M","M","T","?","?","?","$","M","R","B"],"character_chosen":"DEFECT","items_purchased":["Defragment","Streamline"],"campfire_rested":1,"item_purchase_floors":[4,13],"current_hp_per_floor":[63,56,78,78,78,35,30,8,8,35,19,12,12,10,34,0],"gold":67,"neow_bonus":"TWENTY_PERCENT_HP_BONUS","is_prod":false,"is_daily":false,"chose_seed":false,"campfire_upgraded":0,"win_rate":0,"timestamp":1550982317,"path_taken":["M","M","?","$","?","E","M","M","T","?","?","?","?","M","R","BOSS"],"build_version":"2019-01-23","purchased_purges":0,"victory":false,"max_hp_per_floor":[89,89,89,89,82,82,82,82,82,82,82,82,82,82,82,82],"card_choices":[{"not_picked":["Conserve Battery","Sweeping Beam","Skim"],"picked":"SKIP","floor":1},{"not_picked":["Barrage","Darkness"],"picked":"Loop","floor":2},{"not_picked":["Go for the Eyes","Reinforced Body"],"picked":"Conserve Battery","floor":6},{"not_picked":["Steam","Double Energy"],"picked":"Auto Shields","floor":7},{"not_picked":["Turbo","Compile Driver","White Noise"],"picked":"SKIP","floor":8},{"not_picked":["Cold Snap","Recycle","Chaos"],"picked":"SKIP","floor":14}],"player_experience":407451,"relics_obtained":[{"floor":6,"key":"Juzu Bracelet"},{"floor":9,"key":"Art of War"}],"event_choices":[{"damage_healed":22,"gold_gain":0,"player_choice":"Healed","damage_taken":0,"max_hp_gain":0,"max_hp_loss":0,"event_name":"The Cleric","floor":3,"gold_loss":35},{"damage_healed":0,"gold_gain":0,"player_choice":"Lose Max HP","damage_taken":0,"relics_obtained":["Golden Idol"],"max_hp_gain":0,"max_hp_loss":7,"event_name":"Golden Idol","floor":5,"gold_loss":0},{"damage_healed":27,"gold_gain":0,"player_choice":"Banana","damage_taken":0,"max_hp_gain":0,"max_hp_loss":0,"event_name":"Big Fish","floor":10,"gold_loss":0},{"damage_healed":0,"gold_gain":0,"player_choice":"Entered Light","damage_taken":16,"max_hp_gain":0,"max_hp_loss":0,"event_name":"Shining Light","floor":11,"gold_loss":0,"cards_upgraded":["Strike_B","Dualcast"]},{"cards_removed":["Defend_B"],"damage_healed":0,"gold_gain":0,"player_choice":"Card Removal","damage_taken":7,"max_hp_gain":0,"max_hp_loss":0,"event_name":"Golden Wing","floor":12,"gold_loss":0}],"is_beta":false,"boss_relics":[],"items_purged_floors":[],"is_endless":false,"potions_floor_spawned":[6,8,14],"killed_by":"The Guardian","ascension_level":0}