{"gold_per_floor":[17,117,133,144,98,124,124,124,205,205,11,11,30,30,30,132,182,198,233,233,0,14,14,14],"floor_reached":24,"playtime":924,"items_purged":[],"score":211,"play_id":"6dcba543-3268-483f-9f9f-efc52fae469f","local_time":"20190406040712","is_ascension_mode":true,"campfire_choices":[{"data":"Creative AI","floor":8,"key":"SMITH"},{"data":"Zap","floor":12,"key":"SMITH"},{"floor":15,"key":"REST"},{"floor":23,"key":"REST"}],"neow_cost":"NO_GOLD","seed_source_timestamp":205913193858063,"circlet_count":0,"master_deck":["Strike_B","Strike_B","Strike_B","Strike_B","Defend_B+1","Defend_B","Defend_B","Defend_B","Zap+1","Dualcast","Trip","Madness+1","Go for the Eyes+1","Creative AI+1","White Noise+1","Streamline","All For One","Fusion","Capacitor","FTL","Gash"],"relics":["Cracked Core","War Paint","Pantograph","Membership Card","Tiny House","Red Mask","Question Card","Lantern","Juzu Bracelet"],"potions_floor_usage":[6,6,19],"damage_taken":[{"damage":4,"enemies":"Small Slimes","floor":1,"turns":2},{"damage":0,"enemies":"Cultist","floor":3,"turns":3},{"damage":7,"enemies":"Jaw Worm","floor":4,"turns":2},{"damage":19,"enemies":"Lagavulin","floor":6,"turns":5},{"damage":10,"enemies":"Red Slaver","floor":13,"turns":3},{"damage":26,"enemies":"The Guardian","floor":16,"turns":9},{"damage":28,"enemies":"Spheric Guardian","floor":18,"turns":4},{"damage":40,"enemies":"Masked Bandits","floor":19,"turns":4},{"damage":8,"enemies":"Chosen","floor":22,"turns":4},{"damage":33,"enemies":"Centurion and Healer","floor":24,"turns":4}],"seed_played":"3300294765610011764","potions_obtained":[{"floor":3,"key":"Block Potion"},{"floor":4,"key":"Poison Potion"},{"floor":16,"key":"PowerPotion"},{"floor":17,"key":"LiquidBronze"}],"is_trial":false,"path_per_floor":["M","?","M","M","?","E","$","R","T","?","$","R","M","$","R","B",null,"M","?","?","$","M","R","M"],"character_chosen":"DEFECT","items_purchased":["Membership Card","Lantern","Capacitor","FTL","Juzu Bracelet"],"campfire_rested":2,"item_purchase_floors":[11,21,21,21,21],"current_hp_per_floor":[71,71,71,64,64,45,45,45,45,45,45,45,35,35,57,49,80,52,12,12,12,4,28,0],"gold":14,"neow_bonus":"RANDOM_COLORLESS_2","is_prod":false,"is_daily":false,"chose_seed":false,"campfire_upgraded":2,"win_rate":0,"timestamp":1554538032,"path_taken":["M","?","?","M","?","E","$","R","T","?","?","R","M","$","R","BOSS","M","?","?","$","M","R","M"],"build_version":"2019-01-23","purchased_purges":0,"victory":false,"max_hp_per_floor":[75,75,75,75,75,75,75,75,75,75,75,75,75,75,75,75,80,80,80,80,80,80,80,80],"card_choices":[{"not_picked":["Turbo","Compile Driver"],"picked":"Go for the Eyes","floor":1},{"not_picked":["Coolheaded","Redo","Ball Lightning"],"picked":"SKIP","floor":3},{"not_picked":["BootSequence","Steam"],"picked":"Creative AI","floor":4},{"not_picked":["Cold Snap","Barrage"],"picked":"White Noise","floor":6},{"not_picked":["Darkness","Compile Driver"],"picked":"Streamline","floor":13},{"not_picked":["Hyperbeam","Creative AI"],"picked":"All For One","floor":16},{"not_picked":["Blizzard","Hologram"],"picked":"Fusion","floor":17},{"not_picked":["Skim","Undo+1","Turbo+1"],"picked":"SKIP","floor":18},{"not_picked":["Heatsinks","Barrage+1","Defragment"],"picked":"Gash","floor":22}],"player_experience":210700,"relics_obtained":[{"floor":6,"key":"War Paint"},{"floor":9,"key":"Pantograph"},{"floor":19,"key":"Red Mask"}],"event_choices":[{"damage_healed":0,"gold_gain":100,"player_choice":"Pray","damage_taken":0,"max_hp_gain":0,"max_hp_loss":0,"event_name":"Golden Shrine","floor":2,"gold_loss":0},{"damage_healed":0,"gold_gain":0,"player_choice":"Left Gold","damage_taken":0,"max_hp_gain":0,"max_hp_loss":0,"event_name":"World of Goop","floor":5,"gold_loss":46},{"damage_healed":0,"gold_gain":0,"player_choice":"Grow","damage_taken":0,"max_hp_gain":0,"max_hp_loss":0,"event_name":"Living Wall","floor":10,"gold_loss":0,"cards_upgraded":["White Noise"]},{"damage_healed":0,"gold_gain":0,"player_choice":"Fought Bandits","damage_taken":0,"max_hp_gain":0,"max_hp_loss":0,"event_name":"Masked Bandits","floor":19,"gold_loss":0},{"damage_healed":0,"gold_gain":0,"player_choice":"Opened","damage_taken":0,"relics_obtained":["Question Card"],"max_hp_gain":0,"max_hp_loss":0,"event_name":"The Mausoleum","floor":20,"gold_loss":0}],"is_beta":false,"boss_relics":[{"not_picked":["Eternal Feather","White Beast Statue"],"picked":"Tiny House"}],"items_purged_floors":[],"is_endless":false,"potions_floor_spawned":[3,4,16],"killed_by":"Centurion and Healer","ascension_level":2}