{"gold_per_floor":[114,114,39,54,69,69,69,99,99,99,99,114,114,144,156,268,280,307,319,331,358,20,50,50,65,115,115,115,130,130,145,145,245,245,260,135,150,165,165,195,195,195,220,250,250],"floor_reached":45,"playtime":1852,"items_purged":["Barricade","Berserk","Dark Embrace"],"score":549,"play_id":"c5ee349f-b17e-431e-a46d-d7a9ec8dfdfa","local_time":"20190205213444","daily_mods":["Shiny","Flight","Binary"],"is_ascension_mode":false,"campfire_choices":[{"data":"Immolate","floor":6,"key":"SMITH"},{"data":"Fiend Fire","floor":7,"key":"SMITH"},{"floor":11,"key":"REST"},{"floor":13,"key":"REST"},{"data":"Corruption","floor":15,"key":"SMITH"},{"floor":24,"key":"REST"},{"floor":27,"key":"REST"},{"data":"Bludgeon","floor":28,"key":"SMITH"},{"data":"Feed","floor":30,"key":"SMITH"},{"data":"Wild Strike","floor":32,"key":"SMITH"},{"data":"Madness","floor":41,"key":"SMITH"},{"data":"Madness","floor":42,"key":"SMITH"}],"neow_cost":"","seed_source_timestamp":286595518716617,"circlet_count":0,"master_deck":["Double Tap","Demon Form+1","Bludgeon+1","Feed+1","Limit Break","Fiend Fire+1","Impervious","Juggernaut","Brutality","Reaper","Exhume","Offering","Immolate+1","Anger","Flame Barrier","Sever Soul","Corruption+1","Wild Strike+1","Necronomicurse","Carnage","Madness+1","Madness+1"],"special_seed":17933,"relics":["Burning Blood","Boot","Question Card","MawBank","Sozu","Necronomicon","Mummified Hand","Omamori","Regal Pillow","Runic Cube","Frozen Egg 2","Lantern","Ancient Tea Set"],"potions_floor_usage":[12,18],"damage_taken":[{"damage":12,"enemies":"Cultist","floor":1,"turns":3},{"damage":11,"enemies":"Jaw Worm","floor":4,"turns":2},{"damage":1,"enemies":"2 Louse","floor":5,"turns":2},{"damage":42,"enemies":"3 Sentries","floor":8,"turns":4},{"damage":18,"enemies":"Exordium Thugs","floor":12,"turns":2},{"damage":6,"enemies":"Lagavulin","floor":14,"turns":4},{"damage":76,"enemies":"Hexaghost","floor":16,"turns":7},{"damage":24,"enemies":"2 Thieves","floor":18,"turns":3},{"damage":10,"enemies":"Chosen","floor":21,"turns":2},{"damage":34,"enemies":"Slavers","floor":23,"turns":3},{"damage":21,"enemies":"Snake Plant","floor":25,"turns":2},{"damage":11,"enemies":"Centurion and Healer","floor":29,"turns":3},{"damage":15,"enemies":"Chosen and Byrds","floor":31,"turns":4},{"damage":24,"enemies":"Automaton","floor":33,"turns":4},{"damage":22,"enemies":"Orb Walker","floor":35,"turns":2},{"damage":17,"enemies":"3 Darklings","floor":37,"turns":3},{"damage":10,"enemies":"Sphere and 2 Shapes","floor":38,"turns":3},{"damage":0,"enemies":"Reptomancer","floor":40,"turns":2},{"damage":32,"enemies":"Giant Head","floor":44,"turns":5},{"damage":51,"enemies":"Nemesis","floor":45,"turns":3}],"seed_played":"843888505984905002","potions_obtained":[{"floor":4,"key":"Swift Potion"},{"floor":12,"key":"Block Potion"},{"floor":16,"key":"SpeedPotion"}],"is_trial":false,"path_per_floor":["M","?","$","M","M","R","R","E","T","$","R","M","R","E","R","B",null,"M","?","?","M","$","E","R","M","T","R","R","M","R","M","R","B",null,"M","$","M","M","?","E","R","R","T","E","E"],"character_chosen":"IRONCLAD","items_purchased":["Mummified Hand"],"campfire_rested":4,"item_purchase_floors":[22],"current_hp_per_floor":[74,74,74,73,78,78,78,42,42,42,66,54,78,78,78,8,80,62,80,64,60,60,32,56,41,41,80,80,75,75,70,70,52,84,68,68,57,73,62,68,68,68,68,47,0],"gold":250,"neow_bonus":"","is_prod":false,"is_daily":true,"chose_seed":false,"campfire_upgraded":8,"win_rate":0.0,"timestamp":1549420484,"path_taken":["M","?","$","M","M","R","R","E","T","$","R","?","R","E","R","BOSS","M","?","?","M","$","E","R","M","T","R","R","?","R","M","R","BOSS","M","$","M","?","?","E","R","R","T","E","E"],"build_version":"2019-01-23","purchased_purges":3,"victory":false,"max_hp_per_floor":[80,80,80,80,80,80,80,80,80,80,80,80,80,80,80,80,80,80,80,80,80,80,80,80,80,80,80,80,80,80,84,84,84,84,84,84,84,84,84,84,84,84,84,84,84],"card_choices":[{"not_picked":["True Grit"],"picked":"Anger","floor":1},{"not_picked":["Body Slam"],"picked":"Flame Barrier","floor":4},{"not_picked":["Headbutt"],"picked":"Sever Soul","floor":5},{"not_picked":["Feel No Pain"],"picked":"Corruption","floor":8},{"not_picked":["Pummel","Corruption","Impervious"],"picked":"SKIP","floor":12},{"not_picked":["True Grit","Blood for Blood"],"picked":"Wild Strike","floor":14},{"not_picked":["Entrench","Cleave+1","Twin Strike"],"picked":"SKIP","floor":18},{"not_picked":["Iron Wave","Cleave","Ghostly Armor"],"picked":"SKIP","floor":21},{"not_picked":["Carnage","Armaments","Entrench"],"picked":"SKIP","floor":23},{"not_picked":["Armaments","Entrench"],"picked":"Carnage","floor":23},{"not_picked":["Hemokinesis","Shrug It Off","Feel No Pain"],"picked":"SKIP","floor":25},{"not_picked":["Armaments","Feel No Pain","Fiend Fire"],"picked":"SKIP","floor":29},{"not_picked":["Havoc","Iron Wave","Cleave+1"],"picked":"SKIP","floor":31},{"not_picked":["Pummel+1","Wild Strike","Pommel Strike"],"picked":"SKIP","floor":35},{"not_picked":["Flex+1","Anger","Pommel Strike+1"],"picked":"SKIP","floor":37},{"not_picked":["Evolve","Battle Trance+1","Searing Blow+1"],"picked":"SKIP","floor":38},{"not_picked":["Armaments+1","Wild Strike+1","Shrug It Off+1"],"picked":"SKIP","floor":40},{"not_picked":["Sentinel+1","Flex+1","Disarm+1"],"picked":"SKIP","floor":44}],"player_experience":342509,"relics_obtained":[{"floor":8,"key":"Boot"},{"floor":9,"key":"Question Card"},{"floor":14,"key":"MawBank"},{"floor":20,"key":"Necronomicon"},{"floor":23,"key":"Omamori"},{"floor":26,"key":"Regal Pillow"},{"floor":40,"key":"Frozen Egg 2"},{"floor":43,"key":"Lantern"},{"floor":44,"key":"Ancient Tea Set"}],"event_choices":[{"damage_healed":0,"gold_gain":0,"player_choice":"Forge","damage_taken":0,"max_hp_gain":0,"max_hp_loss":0,"event_name":"Accursed Blacksmith","floor":2,"gold_loss":0,"cards_upgraded":["Demon Form"]},{"damage_healed":26,"gold_gain":0,"player_choice":"Heal","damage_taken":0,"max_hp_gain":0,"max_hp_loss":0,"event_name":"The Library","floor":19,"gold_loss":0},{"damage_healed":0,"gold_gain":0,"player_choice":"Obtained Book","damage_taken":16,"max_hp_gain":0,"max_hp_loss":0,"event_name":"Cursed Tome","floor":20,"gold_loss":0},{"damage_healed":0,"gold_gain":0,"player_choice":"Embrace Madness","damage_taken":11,"max_hp_gain":0,"max_hp_loss":0,"event_name":"Winding Halls","floor":39,"gold_loss":0,"cards_obtained":["Madness","Madness"]}],"is_beta":false,"boss_relics":[{"not_picked":["Tiny House","Empty Cage"],"picked":"Sozu"},{"not_picked":["Orrery","White Beast Statue"],"picked":"Runic Cube"}],"items_purged_floors":[3,22,36],"is_endless":false,"potions_floor_spawned":[4,12,16,18,21,25,35],"killed_by":"Nemesis","ascension_level":0}