{"gold_per_floor":[115,115,129,140,156,156,231,261,284,284,301,334,334,353,353,450,450,466,481,496,510,510,538,538,548,619,637,637,552,226,226,226,325,325,335,354,368,388,207,239,45,45,45,45,80,94,94,0,0,0,0,0,0,0],"floor_reached":54,"playtime":4915,"items_purged":["Strike_B","Defend_B"],"score":854,"play_id":"5caf055b-2c9f-49c3-bea9-a08afcb1b6ac","local_time":"20190412144624","is_ascension_mode":true,"campfire_choices":[{"data":"Zap","floor":6.0,"key":"SMITH"},{"floor":10.0,"key":"REST"},{"data":"Sunder","floor":15.0,"key":"SMITH"},{"data":"Buffer","floor":24.0,"key":"SMITH"},{"data":"Self Repair","floor":28.0,"key":"SMITH"},{"data":"Auto Shields","floor":32.0,"key":"SMITH"},{"floor":42,"key":"RECALL"},{"data":"Defragment","floor":44,"key":"SMITH"},{"data":"Dualcast","floor":47,"key":"SMITH"},{"data":"Creative AI","floor":49,"key":"SMITH"},{"data":"FTL","floor":52,"key":"SMITH"}],"neow_cost":"NONE","seed_source_timestamp":0,"circlet_count":0,"master_deck":["Strike_B","Defend_B","Defend_B","Defend_B","Zap+1","Dualcast+1","Ball Lightning","Auto Shields+1","FTL+1","Conserve Battery","Cold Snap","Sunder+1","Seek","Cold Snap","Coolheaded+1","Buffer+1","Self Repair+1","Cold Snap","Creative AI+1","Defragment+1","White Noise+1","Reinforced Body+1","Echo Form","Glacier"],"special_seed":0,"relics":["Cracked Core","Orichalcum","Boot","Torii","Coffee Dripper","Enchiridion","Pocketwatch","Singing Bowl","Juzu Bracelet","Lantern","Orrery","Meat on the Bone","HandDrill","Vajra","Pen Nib","Red Mask"],"potions_floor_usage":[50],"damage_taken":[{"damage":7.0,"enemies":"Jaw Worm","floor":1.0,"turns":3.0},{"damage":0.0,"enemies":"Cultist","floor":3.0,"turns":3.0},{"damage":1.0,"enemies":"Small Slimes","floor":4.0,"turns":3.0},{"damage":0.0,"enemies":"2 Fungi Beasts","floor":5.0,"turns":3.0},{"damage":6.0,"enemies":"Lagavulin","floor":8.0,"turns":5.0},{"damage":0.0,"enemies":"Looter","floor":11.0,"turns":3.0},{"damage":3.0,"enemies":"3 Sentries","floor":12.0,"turns":7.0},{"damage":3.0,"enemies":"Lots of Slimes","floor":14.0,"turns":4.0},{"damage":26.0,"enemies":"Slime Boss","floor":16.0,"turns":8.0},{"damage":0.0,"enemies":"Shell Parasite","floor":18.0,"turns":5.0},{"damage":10.0,"enemies":"2 Thieves","floor":19.0,"turns":4.0},{"damage":8.0,"enemies":"Centurion and Healer","floor":20.0,"turns":6.0},{"damage":14.0,"enemies":"Snecko","floor":21.0,"turns":6.0},{"damage":23.0,"enemies":"Slavers","floor":23.0,"turns":6.0},{"damage":0.0,"enemies":"Cultist and Chosen","floor":25.0,"turns":6.0},{"damage":1.0,"enemies":"Centurion and Healer","floor":27.0,"turns":8.0},{"damage":8.0,"enemies":"Automaton","floor":33.0,"turns":12.0},{"damage":0.0,"enemies":"3 Darklings","floor":35.0,"turns":4.0},{"damage":0.0,"enemies":"3 Shapes","floor":36.0,"turns":5.0},{"damage":16,"enemies":"Transient","floor":37,"turns":5},{"damage":0,"enemies":"4 Shapes","floor":38,"turns":8},{"damage":0,"enemies":"Giant Head","floor":40,"turns":11},{"damage":1,"enemies":"Nemesis","floor":45,"turns":5},{"damage":0,"enemies":"Jaw Worm Horde","floor":46,"turns":7},{"damage":42,"enemies":"Awakened One","floor":50,"turns":27},{"damage":109,"enemies":"Shield and Spear","floor":54,"turns":8}],"seed_played":"-1630961422570724750","potions_obtained":[{"floor":1.0,"key":"GamblersBrew"},{"floor":5.0,"key":"FearPotion"},{"floor":11.0,"key":"Energy Potion"},{"floor":12.0,"key":"FearPotion"},{"floor":19.0,"key":"SkillPotion"},{"floor":20.0,"key":"Strength Potion"},{"floor":21.0,"key":"PowerPotion"},{"floor":31.0,"key":"Fruit Juice"},{"floor":31.0,"key":"LiquidBronze"},{"floor":33.0,"key":"SmokeBomb"},{"floor":36.0,"key":"Energy Potion"},{"floor":37,"key":"FearPotion"},{"floor":45,"key":"Strength Potion"}],"is_trial":false,"path_per_floor":["M","?","M","M","M","R","?","E","T","R","M","E","?","M","R","B",null,"M","M","M","M","?","E","R","M","T","M","R","?","$","?","R","B",null,"M","M","M","M","$","E","$","R","T","R","E","M","R","?","R","B",null,"R","$","E"],"character_chosen":"DEFECT","items_purchased":["Cold Snap","Lantern","Strength Potion","Echo Form","HandDrill"],"campfire_rested":1,"item_purchase_floors":[30,30,30,39,41],"current_hp_per_floor":[68,68,68,67,67,67,56,50,50,72,72,69,62,59,59,33,75,75,65,57,43,27,4,4,4,4,12,12,12,12,17,17,19,88,90,92,78,88,88,94,94,94,94,94,96,98,98,98,98,56,98,98,98,0],"gold":0,"neow_bonus":"REMOVE_CARD","is_prod":false,"is_daily":false,"chose_seed":false,"campfire_upgraded":9,"win_rate":0,"timestamp":1555073184,"path_taken":["M","?","M","M","?","R","?","E","T","R","M","E","?","M","R","BOSS","M","M","M","M","?","E","R","M","T","M","R","?","$","?","R","BOSS","M","M","M","M","?","E","?","R","T","R","E","M","R","?","R","BOSS","R","$","E"],"build_version":"2019-01-23","purchased_purges":2,"victory":false,"max_hp_per_floor":[75,75,75,75,75,75,75,75,75,75,75,75,75,75,75,75,75,75,75,75,75,75,75,75,75,75,77,77,77,77,82,82,82,88,90,92,94,94,94,94,94,94,94,94,96,98,98,98,98,98,98,98,98,98],"card_choices":[{"not_picked":["Melter","Turbo"],"picked":"Ball Lightning","floor":1.0},{"not_picked":["Lockon","Leap"],"picked":"Auto Shields","floor":3.0},{"not_picked":["Doom and Gloom","Redo"],"picked":"FTL","floor":4.0},{"not_picked":["Turbo","Lockon"],"picked":"Conserve Battery","floor":5.0},{"not_picked":["Compile Driver","Redo","Gash"],"picked":"SKIP","floor":8.0},{"not_picked":["Ball Lightning","Go for the Eyes"],"picked":"Cold Snap","floor":11.0},{"not_picked":["Scrape","Darkness","Undo"],"picked":"SKIP","floor":12.0},{"not_picked":["Fusion","Ball Lightning"],"picked":"Sunder","floor":14.0},{"not_picked":["Fission","Reboot"],"picked":"Seek","floor":16.0},{"not_picked":["Sweeping Beam","Consume"],"picked":"Cold Snap","floor":18.0},{"not_picked":["Conserve Battery","Cold Snap+1","Stack+1"],"picked":"SKIP","floor":19.0},{"not_picked":["Heatsinks","Turbo"],"picked":"Coolheaded+1","floor":20.0},{"not_picked":["Aggregate+1","Barrage","Doom and Gloom"],"picked":"SKIP","floor":21.0},{"not_picked":["Rebound","Amplify"],"picked":"Buffer","floor":23.0},{"not_picked":["Consume+1","Scrape+1"],"picked":"Self Repair","floor":25.0},{"not_picked":["Doom and Gloom","Gash+1","Streamline"],"picked":"Singing Bowl","floor":27.0},{"not_picked":["Meteor Strike","Fission"],"picked":"Creative AI","floor":33.0},{"not_picked":["Doom and Gloom","Turbo","Streamline"],"picked":"Singing Bowl","floor":34.0},{"not_picked":["Sweeping Beam+1","Chaos"],"picked":"Defragment","floor":34.0},{"not_picked":["Sweeping Beam","Redo+1"],"picked":"White Noise+1","floor":34.0},{"not_picked":["Compile Driver","Stack+1","Go for the Eyes+1"],"picked":"Singing Bowl","floor":34.0},{"not_picked":["Cold Snap","Creative AI","Hologram"],"picked":"Singing Bowl","floor":34.0},{"not_picked":["Barrage+1","Fusion","Aggregate"],"picked":"Singing Bowl","floor":35.0},{"not_picked":["Rip and Tear+1","Leap+1","Ball Lightning+1"],"picked":"Singing Bowl","floor":36.0},{"not_picked":["Rebound","Lockon","Ball Lightning+1"],"picked":"Singing Bowl","floor":37},{"not_picked":["Leap+1","FTL"],"picked":"Reinforced Body+1","floor":38},{"not_picked":["Aggregate","Hologram"],"picked":"Glacier","floor":40},{"not_picked":["Ball Lightning+1","Cold Snap+1","Stack"],"picked":"Singing Bowl","floor":45},{"not_picked":["Reinforced Body","Defragment","Genetic Algorithm+1"],"picked":"Singing Bowl","floor":46}],"player_experience":98549,"relics_obtained":[{"floor":8.0,"key":"Orichalcum"},{"floor":12.0,"key":"Boot"},{"floor":22.0,"key":"Enchiridion"},{"floor":23.0,"key":"Pocketwatch"},{"floor":26.0,"key":"Singing Bowl"},{"floor":40,"key":"Meat on the Bone"},{"floor":43,"key":"Vajra"},{"floor":45,"key":"Pen Nib"}],"event_choices":[{"cards_removed":["Strike_B"],"damage_healed":0.0,"max_hp_gain":0.0,"max_hp_loss":0.0,"gold_gain":0.0,"event_name":"Purifier","player_choice":"Purged","floor":2.0,"gold_loss":0.0,"damage_taken":0.0},{"damage_healed":0.0,"max_hp_gain":0.0,"max_hp_loss":0.0,"gold_gain":75.0,"event_name":"World of Goop","player_choice":"Gather Gold","floor":7.0,"gold_loss":0.0,"damage_taken":11.0},{"damage_healed":0.0,"max_hp_gain":0.0,"max_hp_loss":0.0,"gold_gain":0.0,"event_name":"Scrap Ooze","player_choice":"Success","floor":13.0,"gold_loss":0.0,"damage_taken":7.0,"relics_obtained":["Torii"]},{"damage_healed":0.0,"max_hp_gain":0.0,"max_hp_loss":0.0,"gold_gain":0.0,"event_name":"Cursed Tome","player_choice":"Obtained Book","floor":22.0,"gold_loss":0.0,"damage_taken":16.0},{"damage_healed":0.0,"max_hp_gain":0.0,"max_hp_loss":0.0,"gold_gain":0.0,"event_name":"Addict","player_choice":"Obtained Relic","floor":29.0,"gold_loss":85.0,"damage_taken":0.0,"relics_obtained":["Juzu Bracelet"]},{"damage_healed":0.0,"max_hp_gain":0.0,"max_hp_loss":0.0,"gold_gain":0.0,"event_name":"Lab","player_choice":"Got Potions","floor":31.0,"gold_loss":0.0,"damage_taken":0.0},{"damage_healed":0,"gold_gain":0,"player_choice":"Paid","damage_taken":0,"relics_obtained":["Red Mask"],"max_hp_gain":0,"max_hp_loss":0,"event_name":"Tomb of Lord Red Mask","floor":48,"gold_loss":94}],"is_beta":false,"boss_relics":[{"not_picked":["Fusion Hammer","Tiny House"],"picked":"Coffee Dripper"},{"not_picked":["Sozu","Runic Dome"],"picked":"Orrery"}],"items_purged_floors":[30,39],"is_endless":false,"potions_floor_spawned":[1,5,11,12,14,19,20,21,33,36,37,45],"killed_by":"Shield and Spear","ascension_level":2}