{"gold_per_floor":[112,123,123,136,136,148,190,219,258,270,247,259,286,330,342,427,439,470,130,45,45,62,62,62,62,62,62,62,91,110,144,144,223,223,236,336,346,346,361,361,390,112,138,138,0,16,31,41,41,41],"floor_reached":51,"playtime":3020,"items_purged":[],"score":1304,"play_id":"c42f04ef-5f15-4210-8598-7ca5dc095698","local_time":"20190331211402","is_ascension_mode":true,"campfire_choices":[{"floor":6.0,"key":"REST"},{"floor":10.0,"key":"REST"},{"data":"Uppercut","floor":12.0,"key":"SMITH"},{"data":"Corruption","floor":15.0,"key":"SMITH"},{"floor":23.0,"key":"REST"},{"floor":25.0,"key":"REST"},{"floor":32.0,"key":"REST"},{"floor":40.0,"key":"REST"},{"floor":44.0,"key":"REST"},{"floor":49,"key":"REST"}],"neow_cost":"NONE","seed_source_timestamp":0,"circlet_count":0,"master_deck":["AscendersBane","Strike_R","Strike_R","Strike_R","Strike_R","Strike_R","Defend_R","Defend_R","Defend_R","Defend_R","Bash+1","Clumsy","Clumsy","Parasite","Shockwave","Dropkick","Feed","Uppercut+1","True Grit","Corruption+1","Impervious","Purity","Shrug It Off","J.A.X.","Feel No Pain+1","True Grit+1","Limit Break","Evolve","Ghostly Armor","Spot Weakness+1"],"special_seed":0,"relics":["Calling Bell","Regal Pillow","Paper Frog","Charon\u0027s Ashes","MawBank","Blue Candle","Potion Belt","Mercury Hourglass","Fusion Hammer","Red Skull","Omamori","Nilry\u0027s Codex","Self Forming Clay","Blood Vial","PreservedInsect","Pocketwatch","Pear","Meat on the Bone","Oddly Smooth Stone","Red Mask"],"potions_floor_usage":[50],"damage_taken":[{"damage":5.0,"enemies":"2 Louse","floor":1.0,"turns":3.0},{"damage":7.0,"enemies":"Jaw Worm","floor":2.0,"turns":2.0},{"damage":7.0,"enemies":"Small Slimes","floor":4.0,"turns":3.0},{"damage":40.0,"enemies":"3 Sentries","floor":7.0,"turns":6.0},{"damage":19.0,"enemies":"3 Louse","floor":8.0,"turns":3.0},{"damage":4.0,"enemies":"Exordium Wildlife","floor":13.0,"turns":3.0},{"damage":12.0,"enemies":"Lagavulin","floor":14.0,"turns":6.0},{"damage":34.0,"enemies":"Slime Boss","floor":16.0,"turns":9.0},{"damage":24.0,"enemies":"Chosen","floor":18.0,"turns":5.0},{"damage":17.0,"enemies":"Shell Parasite","floor":22.0,"turns":5.0},{"damage":36.0,"enemies":"Slavers","floor":29.0,"turns":5.0},{"damage":13.0,"enemies":"Centurion and Healer","floor":30.0,"turns":4.0},{"damage":13.0,"enemies":"Book of Stabbing","floor":31.0,"turns":5.0},{"damage":25.0,"enemies":"Automaton","floor":33.0,"turns":8.0},{"damage":14.0,"enemies":"Orb Walker","floor":35.0,"turns":4.0},{"damage":25.0,"enemies":"Mind Bloom Boss Battle","floor":36.0,"turns":7.0},{"damage":21.0,"enemies":"3 Darklings","floor":37.0,"turns":5.0},{"damage":18.0,"enemies":"4 Shapes","floor":39.0,"turns":4.0},{"damage":36.0,"enemies":"Nemesis","floor":41.0,"turns":7.0},{"damage":28.0,"enemies":"Sphere and 2 Shapes","floor":46.0,"turns":4.0},{"damage":2.0,"enemies":"Jaw Worm Horde","floor":47.0,"turns":4.0},{"damage":35.0,"enemies":"Spire Growth","floor":48.0,"turns":5.0},{"damage":91,"enemies":"Awakened One","floor":50,"turns":12}],"seed_played":"140235831268972088","potions_obtained":[{"floor":7.0,"key":"PowerPotion"},{"floor":8.0,"key":"SpeedPotion"},{"floor":13.0,"key":"Block Potion"},{"floor":18.0,"key":"Swift Potion"},{"floor":39.0,"key":"Explosive Potion"},{"floor":41.0,"key":"FearPotion"},{"floor":47.0,"key":"FearPotion"}],"is_trial":false,"path_per_floor":["M","M","?","M","T","R","E","M","T","R","?","R","M","E","R","B",null,"M","$","?","?","M","R","?","R","T","$","$","E","M","E","R","B",null,"M","?","M","?","M","R","E","$","T","R","?","M","M","M","R","B",null],"character_chosen":"IRONCLAD","items_purchased":["Purity","BloodPotion","Red Skull","Meat on the Bone"],"campfire_rested":8,"item_purchase_floors":[19,19,19,42],"current_hp_per_floor":[63,56,56,49,49,75,38,19,19,57,76,76,75,63,63,32,71,47,47,47,26,9,49,49,84,84,84,84,51,43,32,74,51,80,68,45,26,74,59,77,54,54,54,90,90,65,65,44,86,18],"gold":41,"neow_bonus":"BOSS_RELIC","is_prod":false,"is_daily":false,"chose_seed":false,"campfire_upgraded":2,"win_rate":0,"timestamp":1554092042,"path_taken":["M","M","?","M","?","R","E","M","T","R","?","R","M","E","R","BOSS","M","$","?","?","M","R","?","R","T","?","$","E","?","E","R","BOSS","M","?","M","?","M","R","E","?","T","R","?","M","?","M","R","BOSS"],"build_version":"2019-01-23","purchased_purges":0,"victory":true,"max_hp_per_floor":[75,75,75,75,75,75,78,78,78,78,78,78,81,81,81,84,84,84,84,84,84,84,84,84,84,84,84,84,87,90,90,90,90,90,90,90,90,74,77,77,90,90,90,90,90,93,93,93,93,93],"card_choices":[{"not_picked":["Armaments","Flex"],"picked":"Shockwave","floor":1.0},{"not_picked":["Clothesline","Perfected Strike"],"picked":"Dropkick","floor":2.0},{"not_picked":["Ghostly Armor","Metallicize"],"picked":"Feed","floor":4.0},{"not_picked":["Entrench","Heavy Blade"],"picked":"Uppercut","floor":7.0},{"not_picked":["Perfected Strike","Heavy Blade","Entrench"],"picked":"SKIP","floor":8.0},{"not_picked":["Wild Strike","Sentinel"],"picked":"True Grit","floor":13.0},{"not_picked":["Iron Wave","Sever Soul"],"picked":"Corruption","floor":14.0},{"not_picked":["Double Tap","Berserk"],"picked":"Impervious","floor":16.0},{"not_picked":["Warcry","Metallicize","Dual Wield"],"picked":"SKIP","floor":18.0},{"not_picked":["Intimidate","Twin Strike"],"picked":"Shrug It Off","floor":22.0},{"not_picked":["Perfected Strike","Whirlwind","Blood for Blood"],"picked":"SKIP","floor":29.0},{"not_picked":["True Grit","Thunderclap"],"picked":"Feel No Pain+1","floor":30.0},{"not_picked":["Perfected Strike","Juggernaut"],"picked":"True Grit+1","floor":31.0},{"not_picked":["Fiend Fire","Dark Embrace"],"picked":"Limit Break","floor":33.0},{"not_picked":["Anger","Shrug It Off"],"picked":"Evolve","floor":35.0},{"not_picked":["Fire Breathing+1","Flame Barrier+1","Sword Boomerang"],"picked":"SKIP","floor":37.0},{"not_picked":["Rupture","Havoc"],"picked":"Ghostly Armor","floor":39.0},{"not_picked":["Impervious","Corruption","Clothesline"],"picked":"SKIP","floor":41.0},{"not_picked":["Fire Breathing","Heavy Blade"],"picked":"Spot Weakness+1","floor":46.0},{"not_picked":["Intimidate","Body Slam","Cleave"],"picked":"SKIP","floor":47.0},{"not_picked":["Clothesline","Havoc","Shockwave+1"],"picked":"SKIP","floor":48.0}],"player_experience":649342,"relics_obtained":[{"floor":0.0,"key":"Regal Pillow"},{"floor":0.0,"key":"Paper Frog"},{"floor":0.0,"key":"Charon\u0027s Ashes"},{"floor":5.0,"key":"MawBank"},{"floor":7.0,"key":"Blue Candle"},{"floor":9.0,"key":"Potion Belt"},{"floor":14.0,"key":"Mercury Hourglass"},{"floor":21.0,"key":"Nilry\u0027s Codex"},{"floor":26.0,"key":"Self Forming Clay"},{"floor":29.0,"key":"Blood Vial"},{"floor":31.0,"key":"PreservedInsect"},{"floor":36.0,"key":"Pocketwatch"},{"floor":41.0,"key":"Pear"},{"floor":43.0,"key":"Oddly Smooth Stone"}],"event_choices":[{"damage_healed":0.0,"max_hp_gain":0.0,"max_hp_loss":0.0,"gold_gain":0.0,"event_name":"Living Wall","player_choice":"Grow","floor":3.0,"gold_loss":0.0,"damage_taken":0.0,"cards_upgraded":["Bash"]},{"damage_healed":19.0,"max_hp_gain":0.0,"max_hp_loss":0.0,"gold_gain":0.0,"event_name":"The Cleric","player_choice":"Healed","floor":11.0,"gold_loss":35.0,"damage_taken":0.0},{"damage_healed":0.0,"max_hp_gain":0.0,"max_hp_loss":0.0,"gold_gain":0.0,"event_name":"Addict","player_choice":"Obtained Relic","floor":20.0,"gold_loss":85.0,"damage_taken":0.0,"relics_obtained":["Omamori"]},{"damage_healed":0.0,"max_hp_gain":0.0,"max_hp_loss":0.0,"gold_gain":0.0,"event_name":"Cursed Tome","player_choice":"Obtained Book","floor":21.0,"gold_loss":0.0,"damage_taken":21.0},{"damage_healed":0.0,"max_hp_gain":0.0,"max_hp_loss":0.0,"gold_gain":0.0,"event_name":"Drug Dealer","player_choice":"Obtain J.A.X.","floor":24.0,"gold_loss":0.0,"damage_taken":0.0,"cards_obtained":["J.A.X."]},{"damage_healed":0.0,"max_hp_gain":0.0,"max_hp_loss":0.0,"gold_gain":0.0,"event_name":"MindBloom","player_choice":"Fight","floor":36.0,"gold_loss":0.0,"damage_taken":0.0},{"damage_healed":74.0,"max_hp_gain":0.0,"max_hp_loss":16.0,"gold_gain":0.0,"event_name":"The Moai Head","player_choice":"Heal","floor":38.0,"gold_loss":0.0,"damage_taken":0.0},{"damage_healed":0.0,"max_hp_gain":0.0,"max_hp_loss":0.0,"gold_gain":0.0,"event_name":"Tomb of Lord Red Mask","player_choice":"Paid","floor":45.0,"gold_loss":138.0,"damage_taken":0.0,"relics_obtained":["Red Mask"]}],"is_beta":false,"boss_relics":[{"not_picked":["Busted Crown","Coffee Dripper"],"picked":"Fusion Hammer"},{"not_picked":["Velvet Choker","Runic Dome","Runic Pyramid"]}],"items_purged_floors":[],"is_endless":false,"potions_floor_spawned":[7,8,13,18,30,31,39,41,47],"ascension_level":18}