{"gold_per_floor":[119,131,146,146,158,158,192,192,272,307,272,291,291,307,307,407,407,417,417,201,213,213,241,241],"floor_reached":24,"playtime":1219,"items_purged":["Writhe"],"score":249,"play_id":"04019353-6bbe-449d-86d6-620b363f9c73","local_time":"20190324215159","is_ascension_mode":true,"campfire_choices":[{"data":"Capacitor","floor":6,"key":"SMITH"},{"data":"Zap","floor":8,"key":"SMITH"},{"floor":13,"key":"REST"},{"data":"Chaos","floor":15,"key":"SMITH"}],"neow_cost":"NONE","seed_source_timestamp":81445495616551,"circlet_count":0,"master_deck":["Strike_B","Strike_B+1","Strike_B+1","Strike_B","Defend_B","Defend_B","Defend_B","Defend_B","Zap+1","Dualcast","Coolheaded","Chill","Conserve Battery","Capacitor+1","Streamline","Chaos+1","Blizzard","Cold Snap","Creative AI+1","Heatsinks","Chill","Double Energy","Coolheaded+1","Chaos+1"],"relics":["Cracked Core","NeowsBlessing","Emotion Chip","The Courier","Regal Pillow","Philosopher\u0027s Stone","MawBank","Sundial"],"potions_floor_usage":[10,16,23],"damage_taken":[{"damage":0,"enemies":"2 Louse","floor":1,"turns":1},{"damage":0,"enemies":"Small Slimes","floor":2,"turns":1},{"damage":0,"enemies":"Cultist","floor":3,"turns":1},{"damage":9,"enemies":"Looter","floor":5,"turns":3},{"damage":2,"enemies":"3 Sentries","floor":7,"turns":9},{"damage":31,"enemies":"Gremlin Nob","floor":10,"turns":4},{"damage":12,"enemies":"3 Louse","floor":12,"turns":4},{"damage":5,"enemies":"Large Slime","floor":14,"turns":6},{"damage":15,"enemies":"Slime Boss","floor":16,"turns":8},{"damage":13,"enemies":"Spheric Guardian","floor":18,"turns":5},{"damage":10,"enemies":"Chosen","floor":21,"turns":6},{"damage":40,"enemies":"Slavers","floor":23,"turns":7},{"damage":12,"enemies":"Snecko","floor":24,"turns":2}],"seed_played":"3538628690035461694","potions_obtained":[{"floor":2,"key":"SkillPotion"},{"floor":7,"key":"SpeedPotion"},{"floor":10,"key":"FearPotion"},{"floor":14,"key":"SneckoOil"},{"floor":21,"key":"Energy Potion"},{"floor":23,"key":"Energy Potion"}],"is_trial":false,"path_per_floor":["M","M","M","?","M","R","E","R","T","E","?","M","R","M","R","B",null,"M","?","$","M","?","E","M"],"character_chosen":"DEFECT","items_purchased":["Chill","PowerPotion","Double Energy"],"campfire_rested":1,"item_purchase_floors":[20,20,20],"current_hp_per_floor":[75,75,75,60,51,51,49,49,49,18,36,24,61,56,56,41,75,62,62,62,52,52,12,0],"gold":241,"neow_bonus":"THREE_ENEMY_KILL","is_prod":false,"is_daily":false,"chose_seed":false,"campfire_upgraded":3,"win_rate":0,"timestamp":1553478719,"path_taken":["M","M","M","?","M","R","E","R","T","E","?","M","R","M","R","BOSS","M","?","$","M","?","E","?"],"build_version":"2019-01-23","purchased_purges":1,"victory":false,"max_hp_per_floor":[75,75,75,75,75,75,75,75,75,75,75,75,75,75,75,75,75,75,75,75,75,75,75,75],"card_choices":[{"not_picked":["Leap","Sweeping Beam"],"picked":"Coolheaded","floor":1},{"not_picked":["Beam Cell","Ball Lightning"],"picked":"Chill","floor":2},{"not_picked":["Streamline","Cold Snap"],"picked":"Conserve Battery","floor":3},{"not_picked":["Leap","White Noise"],"picked":"Capacitor","floor":5},{"not_picked":["Ball Lightning","Fission"],"picked":"Streamline","floor":7},{"not_picked":["Barrage","Leap"],"picked":"Chaos","floor":10},{"not_picked":["Darkness","Compile Driver"],"picked":"Blizzard","floor":12},{"not_picked":["Undo","Compile Driver"],"picked":"Cold Snap","floor":14},{"not_picked":["Fission","All For One"],"picked":"Creative AI","floor":16},{"not_picked":["FTL","Leap"],"picked":"Heatsinks","floor":18},{"not_picked":["Turbo","Tempest"],"picked":"Coolheaded+1","floor":21},{"not_picked":["FTL","Ball Lightning"],"picked":"Chaos+1","floor":23}],"player_experience":177171,"relics_obtained":[{"floor":7,"key":"Emotion Chip"},{"floor":9,"key":"The Courier"},{"floor":10,"key":"Regal Pillow"},{"floor":23,"key":"Sundial"}],"event_choices":[{"damage_healed":0,"gold_gain":0,"player_choice":"Entered Light","damage_taken":15,"max_hp_gain":0,"max_hp_loss":0,"event_name":"Shining Light","floor":4,"gold_loss":0,"cards_upgraded":["Strike_B","Strike_B"]},{"damage_healed":18,"gold_gain":0,"player_choice":"Healed","damage_taken":0,"max_hp_gain":0,"max_hp_loss":0,"event_name":"The Cleric","floor":11,"gold_loss":35},{"damage_healed":0,"gold_gain":0,"player_choice":"Opened","damage_taken":0,"relics_obtained":["MawBank"],"max_hp_gain":0,"max_hp_loss":0,"event_name":"The Mausoleum","floor":19,"gold_loss":0,"cards_obtained":["Writhe"]},{"damage_healed":0,"gold_gain":0,"player_choice":"Forge","damage_taken":0,"max_hp_gain":0,"max_hp_loss":0,"event_name":"Accursed Blacksmith","floor":22,"gold_loss":0,"cards_upgraded":["Creative AI"]}],"is_beta":false,"boss_relics":[{"not_picked":["Fusion Hammer","Snecko Eye"],"picked":"Philosopher\u0027s Stone"}],"items_purged_floors":[20],"is_endless":false,"potions_floor_spawned":[2,7,10,14,21,23],"killed_by":"Snecko","ascension_level":2}