{"path_per_floor":["M","M","M","M","M","R","?","M","T","E","M","M","R","M","R","B",null,"M","M","$","?","?","R","E","R","T","M","M","R","M","M","R"],"character_chosen":"IRONCLAD","items_purchased":["Electrodynamics","Apotheosis","AttackPotion"],"gold_per_floor":[115,127,139,159,171,171,171,190,214,244,258,278,278,291,291,392,392,408,427,43,43,43,43,108,108,108,126,136,136,155,166,166,166],"floor_reached":33,"campfire_rested":5,"playtime":3347,"item_purchase_floors":[20,20,20],"current_hp_per_floor":[73,80,80,80,80,80,80,80,80,72,64,64,80,74,80,58,80,69,65,65,65,80,80,37,61,61,57,62,80,59,51,75,0],"items_purged":[],"gold":166,"score":275,"play_id":"59a5beb7-cbd7-4426-b3ad-c15086154504","local_time":"20180615135345","daily_mods":["Draft","Diverse"],"is_prod":false,"is_daily":false,"chose_seed":false,"is_ascension_mode":false,"campfire_upgraded":2,"win_rate":0.0,"timestamp":1529085225,"campfire_choices":[{"data":"Armaments","floor":6,"key":"SMITH"},{"floor":13,"key":"REST"},{"floor":15,"key":"REST"},{"data":"Apotheosis","floor":23,"key":"SMITH"},{"floor":25,"key":"REST"},{"floor":29,"key":"REST"},{"floor":32,"key":"REST"}],"path_taken":["M","M","M","M","M","R","?","M","T","E","M","M","R","M","R","BOSS","M","M","$","?","?","R","E","R","T","M","M","R","M","M","R","BOSS"],"build_version":"2018-06-14v2","seed_source_timestamp":0,"purchased_purges":0,"victory":false,"master_deck":["Armaments+1","Heavy Blade","Searing Blow+1","Quick Slash","Clothesline","Rebound","Quick Slash","Clothesline","Wild Strike","Genetic Algorithm","Iron Wave","Shrug It Off","Flex","Sweeping Beam","Self Repair","Skewer","Cleave","Ball Lightning","Pommel Strike","Static Discharge","Blur","Reinforced Body","Leg Sweep","Shrug It Off","Rampage","Finisher","Reinforced Body","Infernal Blade","Thunderclap","Flying Knee","Electrodynamics","Apotheosis+1","Battle Trance+1"],"max_hp_per_floor":[80,80,80,80,80,80,80,80,80,80,80,80,80,80,80,80,80,80,80,80,80,80,80,80,80,80,80,80,80,80,80,80,80],"special_seed":50471966854428,"relics":["Burning Blood","Bronze Scales","Bag of Marbles","Orrery","Tiny Chest","Ornamental Fan"],"card_choices":[{"not_picked":["Skim","Compile Driver"],"picked":"Armaments","floor":0.0},{"not_picked":["Underhanded Strike","Heatsinks"],"picked":"Heavy Blade","floor":0.0},{"not_picked":["Crippling Poison","Cloak And Dagger"],"picked":"Searing Blow","floor":0.0},{"not_picked":["Prepared","Backflip"],"picked":"Quick Slash","floor":0.0},{"not_picked":["Heel Hook","Slice"],"picked":"Clothesline","floor":0.0},{"not_picked":["Beam Cell","Deflect"],"picked":"Rebound","floor":0.0},{"not_picked":["Storm","Stack"],"picked":"Quick Slash","floor":0.0},{"not_picked":["Gash","Anger"],"picked":"Clothesline","floor":0.0},{"not_picked":["Concentrate","Barrage"],"picked":"Wild Strike","floor":0.0},{"not_picked":["Redo","Skim"],"picked":"Genetic Algorithm","floor":0.0},{"not_picked":["Terror","Anger"],"picked":"Iron Wave","floor":0.0},{"not_picked":["Well Laid Plans","Intimidate"],"picked":"Combust","floor":0.0},{"not_picked":["Underhanded Strike","Ball Lightning"],"picked":"Shrug It Off","floor":0.0},{"not_picked":["Stack","Warcry"],"picked":"Flex","floor":0.0},{"not_picked":["Turbo","Cold Snap"],"picked":"Sweeping Beam","floor":0.0},{"not_picked":["Sucker Punch","Body Slam"],"picked":"Self Repair","floor":1},{"not_picked":["Chaos","Burning Pact"],"picked":"Skewer","floor":2},{"not_picked":["Deflect","Clothesline"],"picked":"Cleave","floor":3},{"not_picked":["Sword Boomerang","Footwork"],"picked":"Ball Lightning","floor":4},{"not_picked":["Coolheaded","Uppercut"],"picked":"Pommel Strike","floor":5},{"not_picked":["Compile Driver","Tempest"],"picked":"Static Discharge","floor":8},{"not_picked":["Envenom","Riddle With Holes"],"picked":"Blur","floor":10},{"not_picked":["Dagger Throw","Turbo"],"picked":"Reinforced Body","floor":11},{"not_picked":["Conserve Battery","Blizzard"],"picked":"Leg Sweep","floor":12},{"not_picked":["Quick Slash","Stack"],"picked":"Shrug It Off","floor":14},{"not_picked":["Bane","Headbutt"],"picked":"Rampage","floor":17},{"not_picked":["Deflect","Combust"],"picked":"Finisher","floor":17},{"not_picked":["Rampage","Conserve Battery"],"picked":"Reinforced Body","floor":17},{"not_picked":["Quick Slash","Outmaneuver"],"picked":"Infernal Blade","floor":17},{"not_picked":["Malaise+1","Feel No Pain"],"picked":"Thunderclap","floor":18},{"not_picked":["Undo","Blur"],"picked":"Flying Knee","floor":19},{"not_picked":["Body Slam","Flying Knee","Corruption+1"],"picked":"SKIP","floor":24},{"not_picked":["After Image","Compile Driver"],"picked":"Battle Trance+1","floor":27},{"not_picked":["Hologram","Warcry","Chill+1"],"picked":"SKIP","floor":28},{"not_picked":["Flying Knee","Sword Boomerang","Twin Strike+1"],"picked":"SKIP","floor":30},{"not_picked":["Heel Hook","Heavy Blade","Reflex+1"],"picked":"SKIP","floor":31}],"player_experience":45373,"potions_floor_usage":[16,16,16,24,24,27,28,33],"damage_taken":[{"damage":13.0,"enemies":"Small Slimes","floor":1.0,"turns":3.0},{"damage":1,"enemies":"Cultist","floor":2,"turns":4},{"damage":6,"enemies":"2 Louse","floor":3,"turns":2},{"damage":11,"enemies":"Exordium Wildlife","floor":4,"turns":4},{"damage":0,"enemies":"2 Fungi Beasts","floor":5,"turns":2},{"damage":5,"enemies":"Exordium Thugs","floor":8,"turns":4},{"damage":14,"enemies":"Gremlin Nob","floor":10,"turns":3},{"damage":21,"enemies":"Large Slime","floor":11,"turns":4},{"damage":6,"enemies":"2 Fungi Beasts","floor":12,"turns":2},{"damage":12,"enemies":"Gremlin Gang","floor":14,"turns":2},{"damage":35,"enemies":"Hexaghost","floor":16,"turns":7},{"damage":17,"enemies":"Spheric Guardian","floor":18,"turns":4},{"damage":10,"enemies":"3 Byrds","floor":19,"turns":2},{"damage":49,"enemies":"Book of Stabbing","floor":24,"turns":5},{"damage":10,"enemies":"Sentry and Sphere","floor":27,"turns":3},{"damage":9,"enemies":"3 Cultists","floor":28,"turns":4},{"damage":37,"enemies":"Centurion and Healer","floor":30,"turns":4},{"damage":21,"enemies":"Snake Plant","floor":31,"turns":3},{"damage":89,"enemies":"Champ","floor":33,"turns":10}],"relics_obtained":[{"floor":9,"key":"Bronze Scales"},{"floor":10,"key":"Bag of Marbles"},{"floor":24,"key":"Tiny Chest"},{"floor":26,"key":"Ornamental Fan"}],"event_choices":[{"event_name":"Upgrade Shrine","player_choice":"Upgraded","floor":7,"damage_taken":0},{"event_name":"Drug Dealer","player_choice":"Ignored","floor":21,"damage_taken":0},{"event_name":"Bonfire Elementals","player_choice":"UNCOMMON","floor":22,"damage_taken":0}],"boss_relics":[{"not_picked":["Ectoplasm","Mark of Pain"],"picked":"Orrery"}],"items_purged_floors":[],"is_endless":false,"potions_floor_spawned":[1,4,5,8,14,16,19,27,30],"seed_played":"-1181962330498647950","killed_by":"Champ","ascension_level":0,"potions_obtained":[{"floor":1,"key":"Dexterity Potion"},{"floor":4,"key":"Weak Potion"},{"floor":5,"key":"Poison Potion"},{"floor":8,"key":"Fire Potion"},{"floor":16,"key":"Swift Potion"},{"floor":19,"key":"Strength Potion"},{"floor":27,"key":"BloodPotion"},{"floor":30,"key":"LiquidBronze"}],"is_trial":false}