{"gold_per_floor":[114,114,129,129,144,144,159,159,159,174,204,379,54,69,69,69],"floor_reached":16,"playtime":445,"items_purged":["Doubt"],"score":102,"play_id":"2cfc4ed7-8858-45a6-a8e5-1b660fefacb9","local_time":"20180714115637","daily_mods":["Shiny","Uncertain Future","Lethality"],"is_ascension_mode":false,"campfire_choices":[{"data":"1","floor":6,"key":"LIFT"},{"floor":8,"key":"REST"},{"floor":15,"key":"REST"}],"neow_cost":"","seed_source_timestamp":0,"circlet_count":0,"master_deck":["Multi-Cast","Hyperbeam","Thunder Strike","Biased Cognition","Machine Learning","Electrodynamics","Buffer","Rainbow","Seek","Meteor Strike","Echo Form","All For One","Reboot","Amplify","Creative AI","Fission","Core Surge","Conserve Battery","Tempest"],"special_seed":17726,"relics":["Cracked Core","Girya","Pen Nib","Dodecahedron","Mercury Hourglass"],"potions_floor_usage":[16],"damage_taken":[{"damage":0,"enemies":"2 Louse","floor":1,"turns":2},{"damage":13,"enemies":"Small Slimes","floor":3,"turns":2},{"damage":9,"enemies":"Cultist","floor":5,"turns":3},{"damage":0,"enemies":"Large Slime","floor":7,"turns":3},{"damage":9,"enemies":"2 Fungi Beasts","floor":10,"turns":2},{"damage":14,"enemies":"Lagavulin","floor":11,"turns":4},{"damage":7,"enemies":"Gremlin Gang","floor":14,"turns":2},{"damage":64,"enemies":"The Guardian","floor":16,"turns":5}],"seed_played":"-1557900698408723444","potions_obtained":[{"floor":1,"key":"Strength Potion"},{"floor":5,"key":"SmokeBomb"}],"is_trial":false,"path_per_floor":["M","?","M","?","M","R","M","R","T","M","E","?","$","M","R"],"character_chosen":"DEFECT","items_purchased":["Mercury Hourglass"],"campfire_rested":2,"item_purchase_floors":[13],"current_hp_per_floor":[75,63,50,50,41,41,41,63,63,54,40,40,40,33,55,0],"gold":69,"neow_bonus":"","is_prod":false,"is_daily":true,"chose_seed":false,"campfire_upgraded":0,"win_rate":0.0,"timestamp":1531583797,"path_taken":["M","?","M","?","M","R","M","R","T","M","E","?","$","M","R","BOSS"],"build_version":"2018-07-12","purchased_purges":1,"victory":false,"max_hp_per_floor":[75,75,75,75,75,75,75,75,75,75,75,75,75,75,75,75],"card_choices":[{"not_picked":["Double Energy","Chaos","Steam Power"],"picked":"SKIP","floor":1},{"not_picked":["Stack","Compile Driver","Cold Snap"],"picked":"SKIP","floor":3},{"not_picked":["Recycle","Gash"],"picked":"Conserve Battery","floor":5},{"not_picked":["Reinforced Body","Rebound","Stack"],"picked":"SKIP","floor":7},{"not_picked":["Leap","Conserve Battery","Reprogram"],"picked":"SKIP","floor":10},{"not_picked":["Steam Power","White Noise"],"picked":"Tempest","floor":11},{"not_picked":["Conserve Battery","Blizzard","Genetic Algorithm"],"picked":"SKIP","floor":14}],"player_experience":245192,"relics_obtained":[{"floor":9,"key":"Pen Nib"},{"floor":11,"key":"Dodecahedron"}],"event_choices":[{"event_name":"Scrap Ooze","player_choice":"success","floor":2,"damage_taken":12},{"event_name":"Golden Idol","player_choice":"Ignored","floor":4,"damage_taken":0},{"event_name":"Liars Game","player_choice":"agreed","floor":12,"damage_taken":0}],"boss_relics":[],"items_purged_floors":[13],"is_endless":false,"potions_floor_spawned":[1,5],"killed_by":"The Guardian","ascension_level":0}