{"path_per_floor":["M","?","T","M","M","R","$","M","T","M","R","E","$","M","R","B",null,"M","?","T","$","M","R","E","R","T","M","?","R","E","M","R","B",null,"M","?","$","?","M","$","R","E","T","T","R","M","T","$","R","B"],"character_chosen":"DEFECT","items_purchased":["Singing Bowl","Bottled Tornado"],"gold_per_floor":[219,219,273,289,306,306,75,87,87,97,97,127,27,41,41,146,146,163,163,163,38,49,49,79,79,128,148,73,73,100,117,117,216,216,227,277,277,277,293,37,37,68,68,91,91,105,105,105,105,105],"floor_reached":51,"campfire_rested":3,"playtime":2717,"current_hp_per_floor":[68,73,73,66,65,65,65,58,58,40,40,29,29,26,26,28,72,54,54,54,54,56,56,24,51,51,51,51,51,55,33,60,46,81,83,58,58,58,56,56,56,41,41,41,41,37,37,37,65,63],"items_purged":["Strike_B","Strike_B","Force Field"],"gold":105,"score":1080,"play_id":"db451cef-297e-4fb5-8310-8e3f34c151a8","local_time":"20180517131744","is_prod":false,"is_daily":false,"chose_seed":false,"is_ascension_mode":true,"campfire_upgraded":7,"timestamp":1526555864,"campfire_choices":[{"data":"Zap","floor":6.0,"key":"SMITH"},{"data":"Electrodynamics","floor":11.0,"key":"SMITH"},{"data":"Dualcast","floor":15.0,"key":"SMITH"},{"data":"Coolheaded","floor":23.0,"key":"SMITH"},{"floor":25.0,"key":"REST"},{"data":"Turbo","floor":29.0,"key":"SMITH"},{"floor":32.0,"key":"REST"},{"data":"Coolheaded","floor":41.0,"key":"SMITH"},{"data":"FTL","floor":45,"key":"SMITH"},{"floor":49,"key":"REST"}],"path_taken":["M","?","?","M","?","R","$","M","T","M","R","E","$","M","R","BOSS","M","?","?","$","M","R","E","R","T","M","?","R","E","?","R","BOSS","M","?","$","?","?","$","R","E","T","?","R","?","?","?","R","BOSS"],"build_version":"2018-05-16","seed_source_timestamp":283809583191609,"purchased_purges":4,"victory":true,"master_deck":["Zap+1","Dualcast+1","Go for the Eyes","Barrage","Electrodynamics+1","FTL+1","Steam","Coolheaded+1","Skim","Glacier","Turbo+1","Capacitor+1","Undo","Echo Form","Chill","Coolheaded+1","Ball Lightning+1","Redo+1"],"max_hp_per_floor":[75,80,80,80,80,80,80,82,82,82,82,82,82,84,84,86,86,86,86,86,86,88,88,90,90,90,90,90,90,92,92,92,92,92,92,92,92,92,92,92,92,94,94,94,94,94,94,94,94,94],"relics":["Cracked Core","Tiny Chest","Singing Bowl","Ornamental Fan","Boot","Pandora\u0027s Box","Blue Candle","Oddly Smooth Stone","Blood Vial","Symbiotic Virus","Sozu","Sundial","Bottled Tornado","Pantograph","Bag of Preparation","Vajra","Emotion Chip"],"card_choices":[{"not_picked":["Tempest","Turbo"],"picked":"Go for the Eyes","floor":1.0},{"not_picked":["Steam","Reprogram"],"picked":"Barrage","floor":4.0},{"not_picked":["Sunder","Stack","Consume"],"picked":"SKIP","floor":5.0},{"not_picked":["Beam Cell","Consume","Go for the Eyes"],"picked":"Singing Bowl","floor":8.0},{"not_picked":["Fusion","Leap"],"picked":"Electrodynamics","floor":10.0},{"not_picked":["Steam","Axe Kick"],"picked":"FTL","floor":12.0},{"not_picked":["Fusion","Heatsinks","Blizzard"],"picked":"Singing Bowl","floor":14.0},{"not_picked":["Thunder Strike","Biased Cognition","Multi-Cast"],"picked":"Singing Bowl","floor":16.0},{"not_picked":["Aggregate","Go for the Eyes"],"picked":"Turbo","floor":18.0},{"not_picked":["Auto Shields","Redo","Streamline+1"],"picked":"Singing Bowl","floor":22.0},{"not_picked":["Heatsinks","Sweeping Beam","Rip and Tear"],"picked":"Singing Bowl","floor":24.0},{"not_picked":["Doom and Gloom","Go for the Eyes"],"picked":"Capacitor+1","floor":27.0},{"not_picked":["Barrage","Beam Cell","Leap"],"picked":"Singing Bowl","floor":30.0},{"not_picked":["Steam","Beam Cell"],"picked":"Undo","floor":31.0},{"not_picked":["Reboot","Biased Cognition"],"picked":"Echo Form","floor":33.0},{"not_picked":["Beam Cell+1","Rebound"],"picked":"Chill","floor":35.0},{"not_picked":["Capacitor","Cold Snap+1"],"picked":"Coolheaded","floor":36.0},{"not_picked":["Cold Snap","Hologram"],"picked":"Ball Lightning+1","floor":39.0},{"not_picked":["Doom and Gloom","Axe Kick","Amplify"],"picked":"Singing Bowl","floor":42},{"not_picked":["Skim","Rebound"],"picked":"Redo+1","floor":46}],"player_experience":675202,"potions_floor_usage":[],"damage_taken":[{"damage":0.0,"enemies":"2 Louse","floor":1.0,"turns":3.0},{"damage":7.0,"enemies":"Small Slimes","floor":4.0,"turns":3.0},{"damage":1.0,"enemies":"Cultist","floor":5.0,"turns":3.0},{"damage":9.0,"enemies":"Exordium Thugs","floor":8.0,"turns":3.0},{"damage":18.0,"enemies":"Lots of Slimes","floor":10.0,"turns":4.0},{"damage":11.0,"enemies":"Lagavulin","floor":12.0,"turns":5.0},{"damage":5.0,"enemies":"Blue Slaver","floor":14.0,"turns":3.0},{"damage":0.0,"enemies":"Slime Boss","floor":16.0,"turns":5.0},{"damage":18.0,"enemies":"2 Thieves","floor":18.0,"turns":4.0},{"damage":0.0,"enemies":"Chosen","floor":22.0,"turns":3.0},{"damage":34.0,"enemies":"Gremlin Leader","floor":24.0,"turns":7.0},{"damage":2.0,"enemies":"3 Cultists","floor":27.0,"turns":4.0},{"damage":0.0,"enemies":"Book of Stabbing","floor":30.0,"turns":5.0},{"damage":24.0,"enemies":"Snecko","floor":31.0,"turns":5.0},{"damage":16.0,"enemies":"Collector","floor":33.0,"turns":8.0},{"damage":0.0,"enemies":"3 Shapes","floor":35.0,"turns":4.0},{"damage":27.0,"enemies":"Mysterious Sphere","floor":36.0,"turns":7.0},{"damage":4.0,"enemies":"3 Darklings","floor":39.0,"turns":7.0},{"damage":19,"enemies":"Nemesis","floor":42,"turns":5},{"damage":6,"enemies":"Flame Bruiser 2 Orb","floor":46,"turns":4},{"damage":29,"enemies":"Awakened One","floor":50,"turns":13}],"relics_obtained":[{"floor":3.0,"key":"Tiny Chest"},{"floor":9.0,"key":"Ornamental Fan"},{"floor":12.0,"key":"Boot"},{"floor":20.0,"key":"Blue Candle"},{"floor":24.0,"key":"Oddly Smooth Stone"},{"floor":26.0,"key":"Blood Vial"},{"floor":30.0,"key":"Symbiotic Virus"},{"floor":36.0,"key":"Sundial"},{"floor":42,"key":"Pantograph"},{"floor":43,"key":"Bag of Preparation"},{"floor":44,"key":"Vajra"},{"floor":47,"key":"Emotion Chip"}],"event_choices":[{"event_name":"Big Fish","player_choice":"Donut","floor":2.0,"damage_taken":0.0},{"event_name":"The Mausoleum","player_choice":"No","floor":19.0,"damage_taken":0.0},{"event_name":"Beggar","player_choice":"Gave Gold","floor":28.0,"damage_taken":0.0},{"event_name":"Mysterious Sphere","player_choice":"Fight","floor":36.0,"damage_taken":0.0},{"event_name":"Tomb of Lord Red Mask","player_choice":"Ignored","floor":38.0,"damage_taken":0.0}],"boss_relics":[],"potions_floor_spawned":[1,8,12,14,18,30,31,39],"seed_played":"-127249973324284596","ascension_level":8,"potions_obtained":[{"floor":1.0,"key":"Fire Potion"},{"floor":8.0,"key":"SneckoOil"},{"floor":12.0,"key":"Poison Potion"},{"floor":14.0,"key":"GamblersBrew"},{"floor":18.0,"key":"PowerPotion"},{"floor":30.0,"key":"GamblersBrew"},{"floor":31.0,"key":"SteroidPotion"}],"is_trial":false}