{"path_per_floor":["M","$","?","M","M","R","?","E","T","$","R","?","R","M","R","B",null,"M","?","T","M"],"character_chosen":"IRONCLAD","items_purchased":["Shrug It Off","Regal Pillow"],"gold_per_floor":[215,113,113,127,137,137,137,172,172,23,23,23,23,37,37,139,139,150,150,173,188],"floor_reached":22,"campfire_rested":1,"playtime":1018,"current_hp_per_floor":[77,77,82,82,82,82,70,19,19,19,58,58,58,50,50,14,65,34,18,18,10],"items_purged":["Parasite"],"gold":188,"score":282,"play_id":"7c2a14b7-ba02-4f1a-928b-1cd9767d140e","local_time":"20180311194357","is_prod":false,"is_daily":false,"is_ascension_mode":true,"campfire_upgraded":3,"timestamp":1520793837,"path_taken":["M","$","?","M","M","R","?","E","T","$","R","?","R","M","R","BOSS","M","?","?","?","M"],"build_version":"2018-03-09","purchased_purges":1,"victory":false,"master_deck":["Strike_R","Strike_R","Strike_R","Strike_R","Strike_R","Defend_R","Defend_R","Defend_R","Defend_R","Bash+1","Shrug It Off","Warcry+1","Limit Break+1","Spot Weakness","Offering","Heavy Blade"],"max_hp_per_floor":[80,77,82,82,82,82,82,82,82,82,82,82,82,82,82,82,82,82,87,87,87],"relics":["Burning Blood","Omamori","Ornamental Fan","Bird Faced Urn","Regal Pillow","Velvet Choker","Oddly Smooth Stone"],"card_choices":[{"not_picked":["Havoc","Reckless Charge"],"picked":"Warcry"},{"not_picked":["Clothesline","Whirlwind"],"picked":"Limit Break"},{"not_picked":["Pommel Strike","Power Through"],"picked":"Spot Weakness"},{"not_picked":["Limit Break","Exhume"],"picked":"Offering"},{"not_picked":["Metallicize","Sentinel"],"picked":"Heavy Blade"}],"player_experience":379772,"potions_floor_usage":[21],"damage_taken":[{"damage":1.0,"enemies":"Cultist","floor":1.0,"turns":4.0},{"damage":4.0,"enemies":"2 Louse","floor":4.0,"turns":4.0},{"damage":4.0,"enemies":"Small Slimes","floor":5.0,"turns":4.0},{"damage":57.0,"enemies":"Lagavulin","floor":8.0,"turns":8.0},{"damage":14.0,"enemies":"Blue Slaver","floor":14.0,"turns":5.0},{"damage":42.0,"enemies":"Hexaghost","floor":16.0,"turns":8.0},{"damage":37.0,"enemies":"2 Thieves","floor":18.0,"turns":4.0},{"damage":14,"enemies":"Chosen","floor":21,"turns":5},{"damage":15,"enemies":"Sentry and Sphere","floor":22,"turns":3}],"event_choices":[{"event_name":"Big Fish","player_choice":"Donut","floor":3.0,"damage_taken":0.0},{"event_name":"Scrap Ooze","player_choice":"success","floor":7.0,"damage_taken":12.0},{"event_name":"Match and Keep!","player_choice":"0 cards matched","floor":12.0,"damage_taken":0.0},{"event_name":"Forgotten Altar","player_choice":"Shed Blood","floor":19.0,"damage_taken":0.0}],"boss_relics":[],"potions_floor_spawned":[1,4,5,14,16,21],"seed_played":"6886213271333893426","killed_by":"Sentry and Sphere","ascension_level":11,"is_trial":false}