{"gold_per_floor":[110,56,56,69,83,83,118,118,196,227,243,16,16,29,29,29],"floor_reached":16,"playtime":621,"items_purged":["Defend_G"],"score":116,"play_id":"c761ea6d-46a0-4dfa-b963-b04e9e6c4773","local_time":"20190110153216","is_ascension_mode":true,"campfire_choices":[{"data":"Prepared","floor":6,"key":"SMITH"},{"data":"Footwork","floor":8,"key":"SMITH"},{"floor":15,"key":"REST"}],"neow_cost":"TEN_PERCENT_HP_LOSS","seed_source_timestamp":304963228955547,"circlet_count":0,"master_deck":["Defend_G","Defend_G","Defend_G","Strike_G","Strike_G","Strike_G","Strike_G","Survivor","Neutralize","Deflect","Backflip","Prepared+1","Infinite Blades","Footwork+1","Backflip"],"relics":["Ring of the Snake","Anchor","Matryoshka","Darkstone Periapt","Oddly Smooth Stone"],"potions_floor_usage":[10,10],"damage_taken":[{"damage":0,"enemies":"Small Slimes","floor":1,"turns":4},{"damage":0,"enemies":"Cultist","floor":4,"turns":6},{"damage":2,"enemies":"2 Louse","floor":5,"turns":3},{"damage":21,"enemies":"3 Sentries","floor":7,"turns":10},{"damage":34,"enemies":"Gremlin Nob","floor":10,"turns":7},{"damage":4,"enemies":"2 Fungi Beasts","floor":11,"turns":3},{"damage":3,"enemies":"Exordium Wildlife","floor":14,"turns":5},{"damage":30,"enemies":"Slime Boss","floor":16,"turns":9}],"seed_played":"-1010926167236694742","potions_obtained":[{"floor":4,"key":"SpeedPotion"},{"floor":5,"key":"FairyPotion"},{"floor":7,"key":"EssenceOfSteel"}],"is_trial":false,"path_per_floor":["M","$","?","M","M","R","E","R","T","E","M","$","$","M","R","B"],"character_chosen":"THE_SILENT","items_purchased":["Backflip","Oddly Smooth Stone"],"campfire_rested":1,"item_purchase_floors":[2,12],"current_hp_per_floor":[63,63,63,63,61,61,40,40,40,6,2,2,2,6,24,0],"gold":29,"neow_bonus":"REMOVE_TWO","is_prod":false,"is_daily":false,"chose_seed":false,"campfire_upgraded":2,"win_rate":0,"timestamp":1547130736,"path_taken":["M","$","?","M","M","R","E","R","T","E","M","?","$","M","R","BOSS"],"build_version":"2019-01-03v4","purchased_purges":1,"victory":false,"max_hp_per_floor":[63,63,63,63,63,63,63,63,63,63,63,63,63,63,63,63],"card_choices":[{"not_picked":["Poisoned Stab","Eviscerate"],"picked":"Deflect","floor":1},{"not_picked":["Setup","Underhanded Strike"],"picked":"Prepared","floor":4},{"not_picked":["Choke","Skewer"],"picked":"Infinite Blades","floor":5},{"not_picked":["Quick Slash","All Out Attack"],"picked":"Footwork","floor":7},{"not_picked":["Choke","Sucker Punch","Bane"],"picked":"SKIP","floor":10},{"not_picked":["Poisoned Stab","Slice"],"picked":"Backflip","floor":11},{"not_picked":["Blade Dance","Doppelganger","Bane"],"picked":"SKIP","floor":14}],"player_experience":676556,"relics_obtained":[{"floor":7,"key":"Anchor"},{"floor":9,"key":"Matryoshka"},{"floor":10,"key":"Darkstone Periapt"}],"event_choices":[{"damage_healed":0,"gold_gain":0,"player_choice":"Bought 0 Potions","damage_taken":0,"max_hp_gain":0,"max_hp_loss":0,"event_name":"The Woman in Blue","floor":3,"gold_loss":0}],"is_beta":false,"boss_relics":[],"items_purged_floors":[12],"is_endless":false,"potions_floor_spawned":[4,5,7],"killed_by":"Slime Boss","ascension_level":1}