{"path_per_floor":["M","M","M","?","M","?","R","E","T","R","E","R","M","T","R","B",null,"M","M","?","$","?","R","E","?","T","E","$","M","?","?","R","B",null,"M","?","$","M","?","R","E","M","T","E","R","M","M","?","R","B"],"character_chosen":"IRONCLAD","items_purchased":["Paper Frog","Meat on the Bone"],"gold_per_floor":[17,30,43,43,59,59,59,92,115,115,144,144,162,207,207,302,302,322,332,332,17,17,17,51,51,105,133,33,53,153,153,153,250,250,262,262,6,19,19,19,52,67,92,121,121,138,153,153,153,153],"floor_reached":51,"campfire_rested":1,"playtime":3683,"current_hp_per_floor":[75,75,80,80,65,65,65,57,57,57,51,51,57,57,57,37,80,62,64,64,64,64,64,40,40,40,25,25,31,31,15,54,32,80,80,70,70,74,74,74,50,67,67,65,65,80,80,80,80,45],"items_purged":["Strike_R","Decay"],"gold":153,"play_id":"45a7bab5-7a73-4e74-9b16-3ba2eac99705","is_prod":false,"is_daily":false,"is_ascension_mode":true,"campfire_upgraded":8,"path_taken":["M","?","M","?","M","?","R","E","T","R","E","R","M","?","R","BOSS","M","M","?","$","?","R","E","?","T","E","$","M","?","?","R","BOSS","M","?","$","M","?","R","E","M","T","E","R","M","M","?","R","BOSS"],"build_version":"2018-02-01-PROD3","purchased_purges":3,"victory":true,"master_deck":["Strike_R+1","Strike_R+1","Strike_R+1","Defend_R+1","Defend_R+1","Defend_R+1","Bash+1","Exhume+1","Heavy Blade+1","Cleave","Seeing Red+1","Battle Trance+1","Berserk+1","Inflame+1","Spot Weakness+1","Heavy Blade+1","Headbutt+1","Brutality+1","Necronomicurse","Madness+1","Madness+1","Reaper","Spot Weakness+1","Warcry+1"],"max_hp_per_floor":[80,80,80,80,80,80,80,80,80,80,80,80,80,80,80,80,80,80,80,80,80,80,80,80,80,80,80,80,80,80,80,80,80,80,80,80,80,80,80,80,80,80,80,80,80,80,80,80,80,80],"relics":["Burning Blood","War Paint","Orichalcum","Regal Pillow","Juzu Bracelet","Orrery","Paper Frog","Bag of Marbles","Bag of Preparation","Dream Catcher","Necronomicon","Mark of Pain","Meat on the Bone","Happy Flower","Lantern","Ancient Tea Set"],"card_choices":[{"not_picked":["Heavy Blade","Iron Wave"],"picked":"Cleave"},{"not_picked":["Twin Strike","Thunderclap"],"picked":"Seeing Red"},{"not_picked":["Rampage","Intimidate"],"picked":"Battle Trance"},{"not_picked":["Iron Wave","Thunderclap"],"picked":"Berserk"},{"not_picked":["Wild Strike","Fire Breathing"],"picked":"Inflame"},{"not_picked":["Cleave","Shrug It Off"],"picked":"Spot Weakness"},{"not_picked":["Flex","Dark Embrace"],"picked":"Heavy Blade"},{"not_picked":["Corruption","Whirlwind"],"picked":"Headbutt"},{"not_picked":["Evolve","Cleave"],"picked":"Brutality"},{"not_picked":["Dropkick","Heavy Blade"],"picked":"Reaper"},{"not_picked":["Blood for Blood","Heavy Blade"],"picked":"Battle Trance"},{"not_picked":["Flame Barrier","True Grit"],"picked":"Spot Weakness"},{"not_picked":["Pommel Strike","Wild Strike"],"picked":"Warcry"}],"player_experience":90056,"potions_floor_usage":[8,11,16,24,24,33,38,41,42,50,50],"damage_taken":[{"damage":11,"enemies":"Blue Slaver","floor":1,"turns":4},{"damage":6,"enemies":"Cultist","floor":2,"turns":3},{"damage":1,"enemies":"2 Louse","floor":3,"turns":3},{"damage":21,"enemies":"2 Fungi Beasts","floor":5,"turns":3},{"damage":14,"enemies":"Gremlin Nob","floor":8,"turns":3},{"damage":12,"enemies":"Lagavulin","floor":11,"turns":4},{"damage":0,"enemies":"Large Slime","floor":13,"turns":3},{"damage":26,"enemies":"The Guardian","floor":16,"turns":6},{"damage":24,"enemies":"Shell Parasite","floor":18,"turns":4},{"damage":4,"enemies":"Spheric Guardian","floor":19,"turns":3},{"damage":30,"enemies":"Slavers","floor":24,"turns":4},{"damage":21,"enemies":"Book of Stabbing","floor":27,"turns":3},{"damage":0,"enemies":"Snake Plant","floor":29,"turns":1},{"damage":28,"enemies":"Champ","floor":33,"turns":6},{"damage":0,"enemies":"Orb Walker","floor":35,"turns":1},{"damage":2,"enemies":"3 Darklings","floor":38,"turns":3},{"damage":30,"enemies":"Nemesis","floor":41,"turns":4},{"damage":19,"enemies":"4 Shapes","floor":42,"turns":3},{"damage":8,"enemies":"Giant Head","floor":44,"turns":4},{"damage":6,"enemies":"Sphere and 2 Shapes","floor":46,"turns":3},{"damage":26,"enemies":"Maw","floor":47,"turns":5},{"damage":53,"enemies":"Time Eater","floor":50,"turns":8}],"event_choices":[{"event_name":"The Cleric","player_choice":"Leave","floor":4,"damage_taken":0},{"event_name":"Match and Keep!","player_choice":"0 cards matched","floor":6,"damage_taken":0},{"event_name":"Upgrade Shrine","player_choice":"Upgraded","floor":20,"damage_taken":0},{"event_name":"Back to Basics","player_choice":"Simplicity","floor":22,"damage_taken":0},{"event_name":"Forgotten Altar","player_choice":"Smashed Altar","floor":25,"damage_taken":0},{"event_name":"Golden Shrine","player_choice":"Pray","floor":30,"damage_taken":0},{"event_name":"Cursed Tome","player_choice":"Obtained Book","floor":31,"damage_taken":0},{"event_name":"Winding Halls","player_choice":"Embrace Madness","floor":36,"damage_taken":0},{"event_name":"The Lab","player_choice":"Got Potions","floor":39,"damage_taken":0}],"boss_relics":[{"not_picked":["Runic Pyramid","Black Blood"],"picked":"Orrery"},{"not_picked":["Runic Dome","Velvet Choker"],"picked":"Mark of Pain"}],"potions_floor_spawned":[1,3,5,11,13,19,27,29,33,35,41,46],"seed_played":"-2253360777877893743","ascension_level":1,"is_trial":false}