{"gold_per_floor":[119,119,119,84,100,100,100,100,150,176,187,206,131,159,159,257,257,271,218,231,231,231,231,246,276,276,276,276,296,221,221,221,322,322,337,351,351,363,363,363,363,363,363,363,363,374,374,389,389,389],"floor_reached":51,"playtime":5624,"items_purged":["Strike_R"],"score":721,"play_id":"ecfe3082-c75d-4e15-ad2e-24379f046672","local_time":"20190716222410","is_ascension_mode":false,"campfire_choices":[{"data":"Bash","floor":6,"key":"SMITH"},{"data":"Inflame","floor":8,"key":"SMITH"},{"data":"Whirlwind","floor":15,"key":"SMITH"},{"data":"Body Slam","floor":23,"key":"SMITH"},{"floor":32,"key":"REST"},{"data":"Double Tap","floor":40,"key":"SMITH"},{"data":"Pommel Strike","floor":42,"key":"SMITH"},{"data":"Flame Barrier","floor":47,"key":"SMITH"},{"data":"Madness","floor":49,"key":"SMITH"}],"neow_cost":"NONE","seed_source_timestamp":434367922724267,"circlet_count":0,"master_deck":["Strike_R","Defend_R+1","Defend_R+1","Bash+1","Headbutt","Inflame+1","Offering","Whirlwind+1","Spot Weakness","Impervious","Shrug It Off","Body Slam+1","Pommel Strike+1","Body Slam+1","Twin Strike","Double Tap+1","Madness+1","Madness","Flame Barrier+1"],"relics":["Burning Blood","War Paint","Bag of Preparation","Mummified Hand","Paper Frog","Sozu","Boot","Bottled Lightning","MutagenicStrength","Enchiridion","Pen Nib","Coffee Dripper","Oddly Smooth Stone"],"potions_floor_usage":[],"damage_taken":[{"damage":1,"enemies":"2 Louse","floor":1,"turns":4},{"damage":0,"enemies":"Small Slimes","floor":5,"turns":3},{"damage":20,"enemies":"Lagavulin","floor":10,"turns":8},{"damage":0,"enemies":"Jaw Worm","floor":11,"turns":2},{"damage":0,"enemies":"Blue Slaver","floor":12,"turns":3},{"damage":6,"enemies":"Gremlin Nob","floor":14,"turns":2},{"damage":36,"enemies":"Slime Boss","floor":16,"turns":6},{"damage":16,"enemies":"Spheric Guardian","floor":18,"turns":4},{"damage":2,"enemies":"Chosen","floor":20,"turns":3},{"damage":6,"enemies":"3 Cultists","floor":24,"turns":1},{"damage":28,"enemies":"Gremlin Leader","floor":25,"turns":3},{"damage":6,"enemies":"Cultist and Chosen","floor":29,"turns":2},{"damage":6,"enemies":"Collector","floor":33,"turns":3},{"damage":12,"enemies":"3 Shapes","floor":35,"turns":1},{"damage":0,"enemies":"Orb Walker","floor":36,"turns":1},{"damage":6,"enemies":"Sphere and 2 Shapes","floor":38,"turns":2},{"damage":6,"enemies":"3 Darklings","floor":46,"turns":2},{"damage":6,"enemies":"Transient","floor":48,"turns":5},{"damage":38,"enemies":"Awakened One","floor":50,"turns":5}],"seed_played":"4550851201237302555","potions_obtained":[{"floor":11,"key":"BloodPotion"},{"floor":12,"key":"Dexterity Potion"},{"floor":14,"key":"EssenceOfSteel"}],"is_trial":false,"path_per_floor":["M","?","?","?","M","R","?","R","T","E","M","M","$","E","R","B",null,"M","$","M","$","?","R","M","E","T","?","?","M","?","T","R","B",null,"M","M","$","M","$","R","$","R","T","?","?","M","R","M","R","B",null],"character_chosen":"IRONCLAD","items_purchased":["Shrug It Off"],"campfire_rested":1,"item_purchase_floors":[19],"current_hp_per_floor":[80,73,48,68,74,74,74,74,74,60,66,72,72,72,72,42,80,70,70,74,74,74,74,74,52,52,52,36,36,36,36,60,60,80,74,80,80,80,80,80,80,80,80,80,70,70,70,70,70,38],"gold":389,"neow_bonus":"REMOVE_CARD","is_prod":false,"is_daily":false,"chose_seed":false,"campfire_upgraded":8,"win_rate":0.0,"timestamp":1563341050,"path_taken":["M","?","?","?","M","R","?","R","T","E","M","?","$","E","R","BOSS","M","$","M","$","?","R","M","E","T","?","?","M","?","?","R","BOSS","M","M","$","M","$","R","$","R","T","?","?","M","R","M","R","BOSS"],"build_version":"2019-07-05","purchased_purges":1,"victory":true,"max_hp_per_floor":[80,80,80,80,80,80,80,80,80,80,80,80,80,80,80,80,80,80,80,80,80,80,80,80,80,80,80,80,80,80,80,80,80,80,80,80,80,80,80,80,80,80,80,80,80,80,80,80,80,80],"card_choices":[{"not_picked":["Clash","Thunderclap"],"picked":"Headbutt","floor":1},{"not_picked":["Perfected Strike","Flex"],"picked":"Inflame","floor":5},{"not_picked":["Sever Soul","Rage"],"picked":"Offering","floor":10},{"not_picked":["Infernal Blade","Clothesline"],"picked":"Whirlwind","floor":11},{"not_picked":["Bloodletting","Warcry","Clash"],"picked":"SKIP","floor":12},{"not_picked":["Sever Soul","Warcry"],"picked":"Spot Weakness","floor":14},{"not_picked":["Dark Embrace","Brutality"],"picked":"Impervious","floor":16},{"not_picked":["Burning Pact","Hemokinesis","Rupture"],"picked":"SKIP","floor":18},{"not_picked":["True Grit","Thunderclap+1"],"picked":"Body Slam","floor":20},{"not_picked":["Flex+1","Twin Strike"],"picked":"Body Slam+1","floor":24},{"not_picked":["Seeing Red","Clash"],"picked":"Twin Strike","floor":25},{"not_picked":["Armaments","Perfected Strike","Flex"],"picked":"SKIP","floor":29},{"not_picked":["Bludgeon","Fiend Fire"],"picked":"Double Tap","floor":33},{"not_picked":["Clash","Disarm+1","Clothesline"],"picked":"SKIP","floor":35},{"not_picked":["Burning Pact","Power Through","Pommel Strike"],"picked":"SKIP","floor":36},{"not_picked":["Armaments","Clash+1","Flex+1"],"picked":"SKIP","floor":38},{"not_picked":["Warcry","Clothesline+1"],"picked":"Flame Barrier","floor":46},{"not_picked":["Pommel Strike","Second Wind+1","Corruption"],"picked":"SKIP","floor":48}],"player_experience":6135,"relics_obtained":[{"floor":9,"key":"Bag of Preparation"},{"floor":10,"key":"Mummified Hand"},{"floor":14,"key":"Paper Frog"},{"floor":25,"key":"Boot"},{"floor":26,"key":"Bottled Lightning"},{"floor":28,"key":"Enchiridion"},{"floor":31,"key":"Pen Nib"},{"floor":43,"key":"Oddly Smooth Stone"}],"event_choices":[{"cards_removed":["Strike_R"],"damage_healed":0,"gold_gain":0,"player_choice":"Card Removal","damage_taken":7,"max_hp_gain":0,"max_hp_loss":0,"event_name":"Golden Wing","floor":2,"gold_loss":0},{"damage_healed":0,"gold_gain":0,"player_choice":"Success","damage_taken":25,"relics_obtained":["War Paint"],"max_hp_gain":0,"max_hp_loss":0,"event_name":"Scrap Ooze","floor":3,"gold_loss":0},{"damage_healed":20,"gold_gain":0,"player_choice":"Healed","damage_taken":0,"max_hp_gain":0,"max_hp_loss":0,"event_name":"The Cleric","floor":4,"gold_loss":35},{"cards_removed":["Strike_R"],"damage_healed":0,"gold_gain":0,"player_choice":"Forget","damage_taken":0,"max_hp_gain":0,"max_hp_loss":0,"event_name":"Living Wall","floor":7,"gold_loss":0},{"damage_healed":0,"gold_gain":0,"player_choice":"Read","damage_taken":0,"max_hp_gain":0,"max_hp_loss":0,"event_name":"The Library","floor":22,"gold_loss":0,"cards_obtained":["Pommel Strike"]},{"damage_healed":0,"gold_gain":0,"player_choice":"Inject Mutagens","damage_taken":0,"relics_obtained":["MutagenicStrength"],"max_hp_gain":0,"max_hp_loss":0,"event_name":"Drug Dealer","floor":27,"gold_loss":0},{"damage_healed":0,"gold_gain":0,"player_choice":"Obtained Book","damage_taken":16,"max_hp_gain":0,"max_hp_loss":0,"event_name":"Cursed Tome","floor":28,"gold_loss":0},{"cards_removed":["Defend_R"],"damage_healed":0,"gold_gain":0,"player_choice":"Gave Gold","damage_taken":0,"max_hp_gain":0,"max_hp_loss":0,"event_name":"Beggar","floor":30,"gold_loss":75},{"cards_removed":["Defend_R"],"damage_healed":0,"gold_gain":0,"player_choice":"Removed Skill","damage_taken":0,"max_hp_gain":0,"max_hp_loss":0,"event_name":"Falling","floor":44,"gold_loss":0},{"damage_healed":0,"gold_gain":0,"player_choice":"Embrace Madness","damage_taken":10,"max_hp_gain":0,"max_hp_loss":0,"event_name":"Winding Halls","floor":45,"gold_loss":0,"cards_obtained":["Madness","Madness"]}],"is_beta":false,"boss_relics":[{"not_picked":["Orrery","Ectoplasm"],"picked":"Sozu"},{"not_picked":["White Beast Statue","Philosopher\u0027s Stone"],"picked":"Coffee Dripper"}],"items_purged_floors":[13],"is_endless":false,"potions_floor_spawned":[11,12,14,20,29,38,48],"ascension_level":0}