{"gold_per_floor":[109,109,127,127,139,139,159,159,209,209,234,249,249,267,267,342,342,360,275,200,200,218,218,245,23,23,39,39,51,62,77,77,151,151,167,184,284,184,197,197,227,244,318,333,333,347,360,378,378,378],"floor_reached":51,"playtime":2395,"items_purged":["Strike_G","Strike_G"],"score":1164,"play_id":"b2f84b70-f733-4bfa-89de-5c545e91550c","local_time":"20190116084204","is_ascension_mode":true,"campfire_choices":[{"data":"Neutralize","floor":6.0,"key":"SMITH"},{"data":"Cloak And Dagger","floor":8.0,"key":"SMITH"},{"data":"Footwork","floor":10.0,"key":"SMITH"},{"data":"Noxious Fumes","floor":15.0,"key":"SMITH"},{"data":"Blade Dance","floor":23.0,"key":"SMITH"},{"floor":28.0,"key":"REST"},{"data":"Accuracy","floor":32.0,"key":"SMITH"},{"floor":40.0,"key":"REST"},{"floor":45.0,"key":"REST"},{"floor":49.0,"key":"REST"}],"neow_cost":"NONE","seed_source_timestamp":649784377917583,"circlet_count":0,"master_deck":["AscendersBane","Defend_G","Defend_G+1","Defend_G","Defend_G","Defend_G","Strike_G","Survivor+1","Neutralize+1","Infinite Blades","Cloak And Dagger+1","Footwork+1","Backflip","Backflip","Blade Dance+1","Noxious Fumes+1","After Image","Finisher","Accuracy+1","Terror","After Image","Escape Plan+1","Cloak And Dagger+1","Backflip","Infinite Blades+1","Acrobatics+1"],"special_seed":0,"relics":["Ring of the Snake","NeowsBlessing","Potion Belt","War Paint","Lizard Tail","Vajra","Centennial Puzzle","Regal Pillow","Dodecahedron","Fusion Hammer","Ginger","Ancient Tea Set","Shuriken"],"potions_floor_usage":[50,50,50],"damage_taken":[{"damage":0.0,"enemies":"Small Slimes","floor":1.0,"turns":1.0},{"damage":0.0,"enemies":"2 Louse","floor":3.0,"turns":1.0},{"damage":0.0,"enemies":"Cultist","floor":5.0,"turns":1.0},{"damage":3.0,"enemies":"Large Slime","floor":7.0,"turns":10.0},{"damage":8.0,"enemies":"3 Sentries","floor":11.0,"turns":10.0},{"damage":4.0,"enemies":"Looter","floor":12.0,"turns":4.0},{"damage":8.0,"enemies":"Exordium Wildlife","floor":14.0,"turns":6.0},{"damage":6.0,"enemies":"Hexaghost","floor":16.0,"turns":12.0},{"damage":5.0,"enemies":"3 Byrds","floor":18.0,"turns":2.0},{"damage":6.0,"enemies":"Spheric Guardian","floor":22.0,"turns":4.0},{"damage":24.0,"enemies":"Book of Stabbing","floor":24.0,"turns":7.0},{"damage":9.0,"enemies":"Centurion and Healer","floor":27.0,"turns":8.0},{"damage":10.0,"enemies":"Sentry and Sphere","floor":29.0,"turns":6.0},{"damage":12.0,"enemies":"Snecko","floor":30.0,"turns":5.0},{"damage":23.0,"enemies":"Snake Plant","floor":31.0,"turns":6.0},{"damage":66.0,"enemies":"Champ","floor":33.0,"turns":12.0},{"damage":2.0,"enemies":"Orb Walker","floor":35.0,"turns":4.0},{"damage":11.0,"enemies":"3 Darklings","floor":36.0,"turns":5.0},{"damage":0.0,"enemies":"Mind Bloom Boss Battle","floor":37.0,"turns":5.0},{"damage":7.0,"enemies":"Writhing Mass","floor":39.0,"turns":6.0},{"damage":39.0,"enemies":"Reptomancer","floor":41.0,"turns":6.0},{"damage":0.0,"enemies":"Sphere and 2 Shapes","floor":42.0,"turns":7.0},{"damage":10.0,"enemies":"3 Darklings","floor":44.0,"turns":5.0},{"damage":7.0,"enemies":"Transient","floor":46.0,"turns":5.0},{"damage":10.0,"enemies":"Sphere and 2 Shapes","floor":47.0,"turns":4.0},{"damage":11.0,"enemies":"Maw","floor":48.0,"turns":5.0},{"damage":28,"enemies":"Awakened One","floor":50,"turns":10}],"seed_played":"3012976917851633451","potions_obtained":[{"floor":1.0,"key":"SkillPotion"},{"floor":3.0,"key":"Strength Potion"},{"floor":14.0,"key":"Regen Potion"},{"floor":16.0,"key":"Regen Potion"},{"floor":18.0,"key":"FearPotion"},{"floor":24.0,"key":"SpeedPotion"},{"floor":30.0,"key":"Ancient Potion"},{"floor":33.0,"key":"SteroidPotion"},{"floor":35.0,"key":"PowerPotion"},{"floor":39.0,"key":"Strength Potion"},{"floor":44.0,"key":"SpeedPotion"}],"is_trial":false,"path_per_floor":["M","?","M","?","M","R","M","R","T","R","E","M","?","M","R","B",null,"M","?","?","?","M","R","E","$","T","M","R","M","M","M","R","B",null,"M","M","?","$","M","R","E","M","T","M","R","M","M","M","R","B",null],"character_chosen":"THE_SILENT","items_purchased":["Regal Pillow"],"campfire_rested":4,"item_purchase_floors":[25],"current_hp_per_floor":[59,59,59,59,59,59,56,56,56,56,48,44,44,36,36,30,57,52,52,52,52,46,46,22,22,22,13,47,37,34,23,23,6,51,49,38,38,38,31,65,26,26,26,16,50,43,33,22,56,28],"gold":378,"neow_bonus":"THREE_ENEMY_KILL","is_prod":false,"is_daily":false,"chose_seed":false,"campfire_upgraded":6,"win_rate":0,"timestamp":1547624524,"path_taken":["M","?","M","?","?","R","M","R","T","R","E","M","?","M","R","BOSS","M","?","?","?","M","R","E","$","T","M","R","M","M","M","R","BOSS","M","M","?","$","M","R","E","M","T","M","R","M","M","M","R","BOSS"],"build_version":"2019-01-10","purchased_purges":2,"victory":true,"max_hp_per_floor":[66,66,66,66,66,66,66,66,66,66,66,66,66,66,66,66,66,66,66,66,66,66,66,66,66,66,66,66,66,66,66,66,66,66,66,66,66,66,66,66,66,66,66,66,66,66,66,66,66,66],"card_choices":[{"not_picked":["Eviscerate","Underhanded Strike"],"picked":"Infinite Blades","floor":1.0},{"not_picked":["Distraction","Flying Knee"],"picked":"Cloak And Dagger","floor":3.0},{"not_picked":["Caltrops","Tactician"],"picked":"Footwork","floor":5.0},{"not_picked":["Quick Slash","Deflect"],"picked":"Backflip","floor":7.0},{"not_picked":["Doppelganger","Eviscerate"],"picked":"Backflip","floor":11.0},{"not_picked":["Slice","Riddle With Holes"],"picked":"Blade Dance","floor":12.0},{"not_picked":["Deadly Poison","Outmaneuver"],"picked":"Noxious Fumes","floor":14.0},{"not_picked":["Doppelganger","Storm of Steel"],"picked":"After Image","floor":16.0},{"not_picked":["Bouncing Flask","Dagger Spray"],"picked":"Finisher","floor":18.0},{"not_picked":["Riddle With Holes","Bane","Blade Dance"],"picked":"SKIP","floor":22.0},{"not_picked":["Poisoned Stab","Dagger Spray","Blade Dance"],"picked":"SKIP","floor":24.0},{"not_picked":["Dagger Spray","Sucker Punch"],"picked":"Accuracy","floor":27.0},{"not_picked":["Deadly Poison","Quick Slash+1","Distraction"],"picked":"SKIP","floor":29.0},{"not_picked":["Masterful Stab","Blade Dance+1"],"picked":"Terror","floor":30.0},{"not_picked":["Heel Hook+1","Sucker Punch","Setup"],"picked":"SKIP","floor":31.0},{"not_picked":["A Thousand Cuts","Wraith Form v2"],"picked":"After Image","floor":33.0},{"not_picked":["Slice+1","Catalyst"],"picked":"Escape Plan+1","floor":35.0},{"not_picked":["Bouncing Flask","Quick Slash"],"picked":"Cloak And Dagger+1","floor":36.0},{"not_picked":["Blade Dance","Quick Slash"],"picked":"Backflip","floor":37.0},{"not_picked":["Prepared","Bane","Quick Slash+1"],"picked":"SKIP","floor":39.0},{"not_picked":["Corpse Explosion","Eviscerate","Flying Knee+1"],"picked":"SKIP","floor":41.0},{"not_picked":["Blade Dance","PiercingWail"],"picked":"Infinite Blades+1","floor":42.0},{"not_picked":["PiercingWail","Choke"],"picked":"Acrobatics+1","floor":44.0},{"not_picked":["Finisher","Heel Hook","Escape Plan"],"picked":"SKIP","floor":46.0},{"not_picked":["Expertise+1","Skewer","Choke"],"picked":"SKIP","floor":47.0},{"not_picked":["Underhanded Strike","Flying Knee+1","Dagger Spray"],"picked":"SKIP","floor":48.0}],"player_experience":747309,"relics_obtained":[{"floor":9.0,"key":"Potion Belt"},{"floor":11.0,"key":"War Paint"},{"floor":24.0,"key":"Centennial Puzzle"},{"floor":26.0,"key":"Dodecahedron"},{"floor":37.0,"key":"Ginger"},{"floor":41.0,"key":"Ancient Tea Set"},{"floor":43.0,"key":"Shuriken"}],"event_choices":[{"damage_healed":0.0,"max_hp_gain":0.0,"max_hp_loss":0.0,"gold_gain":0.0,"event_name":"Liars Game","player_choice":"Ignored","floor":2.0,"gold_loss":0.0,"damage_taken":0.0},{"cards_removed":["Strike_G"],"damage_healed":0.0,"max_hp_gain":0.0,"max_hp_loss":0.0,"gold_gain":0.0,"event_name":"Purifier","player_choice":"Purged","floor":4.0,"gold_loss":0.0,"damage_taken":0.0},{"damage_healed":0.0,"max_hp_gain":0.0,"max_hp_loss":0.0,"gold_gain":0.0,"event_name":"Shining Light","player_choice":"Ignored","floor":13.0,"gold_loss":0.0,"damage_taken":0.0},{"damage_healed":0.0,"max_hp_gain":0.0,"max_hp_loss":0.0,"gold_gain":0.0,"event_name":"Addict","player_choice":"Obtained Relic","floor":19.0,"gold_loss":85.0,"damage_taken":0.0,"relics_obtained":["Vajra"]},{"cards_removed":["Strike_G"],"damage_healed":0.0,"max_hp_gain":0.0,"max_hp_loss":0.0,"gold_gain":0.0,"event_name":"Beggar","player_choice":"Gave Gold","floor":20.0,"gold_loss":75.0,"damage_taken":0.0},{"damage_healed":0.0,"max_hp_gain":0.0,"max_hp_loss":0.0,"gold_gain":0.0,"event_name":"Ghosts","player_choice":"Ignored","floor":21.0,"gold_loss":0.0,"damage_taken":0.0},{"damage_healed":0.0,"max_hp_gain":0.0,"max_hp_loss":0.0,"gold_gain":0.0,"event_name":"MindBloom","player_choice":"Fight","floor":37.0,"gold_loss":0.0,"damage_taken":0.0}],"is_beta":false,"boss_relics":[{"not_picked":["Runic Pyramid","Tiny House"],"picked":"Lizard Tail"},{"not_picked":["Snecko Eye","Astrolabe"],"picked":"Fusion Hammer"}],"items_purged_floors":[25,38],"is_endless":false,"potions_floor_spawned":[1,3,14,16,18,24,30,33,35,39,44,46,47],"ascension_level":14}