{"gold_per_floor":[110,73,85,85,102,102,177,209,236,264,280,298,311,311,311,311],"floor_reached":16,"playtime":465,"items_purged":[],"score":224,"play_id":"be523706-615c-467b-a403-e98d81919507","local_time":"20190713170327","is_ascension_mode":true,"campfire_choices":[{"data":"Armaments","floor":6.0,"key":"SMITH"},{"data":"Battle Trance","floor":15,"key":"SMITH"}],"neow_cost":"TEN_PERCENT_HP_LOSS","seed_source_timestamp":429229390241398,"circlet_count":0,"master_deck":["AscendersBane","Strike_R","Strike_R","Strike_R","Strike_R","Defend_R+1","Defend_R+1","Defend_R","Bash","Feed","Cleave","Carnage","Armaments+1","Immolate","Battle Trance+1"],"special_seed":0,"relics":["Burning Blood","War Paint","Vajra","Anchor","Meat on the Bone"],"potions_floor_usage":[10,16],"damage_taken":[{"damage":1.0,"enemies":"2 Louse","floor":1.0,"turns":3.0},{"damage":6.0,"enemies":"Cultist","floor":3.0,"turns":4.0},{"damage":9.0,"enemies":"Jaw Worm","floor":5.0,"turns":4.0},{"damage":20.0,"enemies":"Lagavulin","floor":8.0,"turns":4.0},{"damage":31,"enemies":"Gremlin Nob","floor":10,"turns":4},{"damage":0,"enemies":"3 Louse","floor":11,"turns":1},{"damage":1,"enemies":"Exordium Thugs","floor":12,"turns":3},{"damage":1,"enemies":"2 Fungi Beasts","floor":13,"turns":3},{"damage":54,"enemies":"Slime Boss","floor":16,"turns":6}],"seed_played":"-3778466271899717313","potions_obtained":[{"floor":1.0,"key":"Energy Potion"},{"floor":5.0,"key":"SpeedPotion"},{"floor":8.0,"key":"Poison Potion"},{"floor":10,"key":"LiquidBronze"},{"floor":12,"key":"GamblersBrew"}],"is_trial":false,"path_per_floor":["M","$","M","?","M","R","?","E","T","E","M","M","M","T","R","B"],"character_chosen":"IRONCLAD","items_purchased":["Carnage"],"campfire_rested":0,"item_purchase_floors":[2],"current_hp_per_floor":[71,71,74,74,71,71,60,46,46,21,27,35,43,43,43,0],"gold":311,"neow_bonus":"TRANSFORM_TWO_CARDS","is_prod":false,"is_daily":false,"chose_seed":false,"campfire_upgraded":2,"win_rate":0,"timestamp":1563005007,"path_taken":["M","$","M","?","?","R","?","E","T","E","M","M","M","?","R","BOSS"],"build_version":"2019-07-05","purchased_purges":0,"victory":false,"max_hp_per_floor":[71,71,74,74,74,74,74,74,74,74,74,77,80,80,80,80],"card_choices":[{"not_picked":["Blood for Blood","Body Slam","Entrench"],"picked":"SKIP","floor":1.0},{"not_picked":["Rupture","Feel No Pain","Burning Pact"],"picked":"SKIP","floor":3.0},{"not_picked":["Warcry","Rupture"],"picked":"Armaments","floor":5.0},{"not_picked":["Warcry","Heavy Blade"],"picked":"Immolate","floor":8.0},{"not_picked":["Cleave","Dark Embrace","Body Slam"],"picked":"SKIP","floor":10},{"not_picked":["Thunderclap","Bloodletting","Armaments"],"picked":"SKIP","floor":11},{"not_picked":["Cleave","Thunderclap","Iron Wave"],"picked":"SKIP","floor":12},{"not_picked":["Infernal Blade","Heavy Blade"],"picked":"Battle Trance","floor":13}],"player_experience":977514,"relics_obtained":[{"floor":8.0,"key":"War Paint"},{"floor":9.0,"key":"Vajra"},{"floor":10,"key":"Anchor"},{"floor":14,"key":"Meat on the Bone"}],"event_choices":[{"damage_healed":0.0,"max_hp_gain":0.0,"max_hp_loss":0.0,"gold_gain":0.0,"event_name":"Match and Keep!","player_choice":"0 cards matched","floor":4.0,"gold_loss":0.0,"damage_taken":0.0,"cards_obtained":[]},{"damage_healed":0.0,"max_hp_gain":0.0,"max_hp_loss":0.0,"gold_gain":0.0,"event_name":"Match and Keep!","player_choice":"0 cards matched","floor":4.0,"gold_loss":0.0,"damage_taken":0.0,"cards_obtained":[]},{"damage_healed":0.0,"max_hp_gain":0.0,"max_hp_loss":0.0,"gold_gain":75.0,"event_name":"World of Goop","player_choice":"Gather Gold","floor":7.0,"gold_loss":0.0,"damage_taken":11.0}],"is_beta":false,"boss_relics":[],"items_purged_floors":[],"is_endless":false,"potions_floor_spawned":[1,5,8,10,12],"killed_by":"Slime Boss","ascension_level":20}