{"gold_per_floor":[12,112,27,38,53,53,53,53,102,102,102,114,133,29,29,106,106,125,139,153,53,53,53,82,82,160,35,55,69,69,82,82,157,157,177,188,206,226,226,226,3,3,3,3,21,21,21,37,37,37],"floor_reached":51,"playtime":3386,"items_purged":["Defend_G","Strike_G","Normality"],"score":1397,"play_id":"6d4b7d1a-69e0-4642-9cfc-ab7c8e475d99","local_time":"20190220172155","is_ascension_mode":true,"campfire_choices":[{"data":"Neutralize","floor":6.0,"key":"SMITH"},{"data":"Footwork","floor":8.0,"key":"SMITH"},{"data":"Deflect","floor":10.0,"key":"SMITH"},{"data":"Prepared","floor":15.0,"key":"SMITH"},{"data":"Calculated Gamble","floor":23.0,"key":"SMITH"},{"data":"Well Laid Plans","floor":25.0,"key":"SMITH"},{"data":"Acrobatics","floor":30.0,"key":"SMITH"},{"data":"Grand Finale","floor":32.0,"key":"SMITH"},{"floor":40.0,"key":"REST"},{"floor":42.0,"key":"RECALL"},{"floor":47,"key":"REST"},{"floor":49,"key":"REST"}],"neow_cost":"NO_GOLD","seed_source_timestamp":0,"circlet_count":0,"master_deck":["AscendersBane","Defend_G","Defend_G","Defend_G","Strike_G","Survivor","Neutralize+1","Footwork+1","Deflect+1","Backflip","Acrobatics","Leg Sweep","Prepared+1","Grand Finale+1","Prepared+1","Calculated Gamble+1","Well Laid Plans+1","Dagger Throw","Acrobatics+1","Prepared","Shame"],"special_seed":0,"relics":["Ring of the Snake","Oddly Smooth Stone","Cursed Key","Darkstone Periapt","Mercury Hourglass","Fusion Hammer","Frozen Eye","Nunchaku"],"potions_floor_usage":[],"damage_taken":[{"damage":1.0,"enemies":"2 Louse","floor":1.0,"turns":3.0},{"damage":2.0,"enemies":"Cultist","floor":4.0,"turns":5.0},{"damage":1.0,"enemies":"Small Slimes","floor":5.0,"turns":4.0},{"damage":0.0,"enemies":"2 Fungi Beasts","floor":12.0,"turns":7.0},{"damage":4.0,"enemies":"Large Slime","floor":13.0,"turns":17.0},{"damage":24.0,"enemies":"The Guardian","floor":16.0,"turns":39.0},{"damage":0.0,"enemies":"Spheric Guardian","floor":18.0,"turns":10.0},{"damage":0.0,"enemies":"2 Thieves","floor":19.0,"turns":2.0},{"damage":0.0,"enemies":"3 Cultists","floor":20.0,"turns":2.0},{"damage":3.0,"enemies":"Book of Stabbing","floor":24.0,"turns":8.0},{"damage":1.0,"enemies":"Sentry and Sphere","floor":28.0,"turns":8.0},{"damage":0.0,"enemies":"Snecko","floor":29.0,"turns":3.0},{"damage":0.0,"enemies":"Cultist and Chosen","floor":31.0,"turns":3.0},{"damage":0.0,"enemies":"Collector","floor":33.0,"turns":6.0},{"damage":0.0,"enemies":"Orb Walker","floor":35.0,"turns":2.0},{"damage":0.0,"enemies":"3 Shapes","floor":36.0,"turns":1.0},{"damage":0.0,"enemies":"Jaw Worm Horde","floor":37.0,"turns":1.0},{"damage":0.0,"enemies":"Spire Growth","floor":38.0,"turns":4.0},{"damage":0,"enemies":"Sphere and 2 Shapes","floor":45,"turns":1},{"damage":1,"enemies":"Jaw Worm Horde","floor":48,"turns":2},{"damage":0,"enemies":"Donu and Deca","floor":50,"turns":7}],"seed_played":"-2154545893268807815","potions_obtained":[{"floor":5.0,"key":"Weak Potion"},{"floor":12.0,"key":"Fruit Juice"},{"floor":16.0,"key":"Ancient Potion"},{"floor":19.0,"key":"GhostInAJar"},{"floor":29.0,"key":"PowerPotion"},{"floor":31.0,"key":"EssenceOfSteel"},{"floor":33.0,"key":"GhostInAJar"},{"floor":36.0,"key":"GamblersBrew"}],"is_trial":false,"path_per_floor":["M","?","$","M","M","R","?","R","T","R","?","M","M","$","R","B",null,"M","M","M","$","?","R","E","R","T","$","M","M","R","M","R","B",null,"M","M","M","M","?","R","$","R","T","?","M","$","R","M","R","B",null],"character_chosen":"THE_SILENT","items_purchased":["Footwork","Prepared","Frozen Eye"],"campfire_rested":3,"item_purchase_floors":[3,14,41],"current_hp_per_floor":[58,58,58,56,55,55,60,60,60,60,60,60,61,61,61,37,66,66,66,66,66,66,66,63,63,69,69,68,68,68,68,68,68,79,79,79,79,79,79,82,82,82,88,88,88,88,88,87,88,88],"gold":37,"neow_bonus":"REMOVE_TWO","is_prod":false,"is_daily":false,"chose_seed":true,"campfire_upgraded":8,"win_rate":0,"timestamp":1550679715,"path_taken":["M","?","$","M","?","R","?","R","T","R","?","M","M","$","R","BOSS","M","M","M","$","?","R","E","R","T","$","M","M","R","M","R","BOSS","M","M","M","M","?","R","$","R","T","?","M","$","R","M","R","BOSS"],"build_version":"2019-01-23","purchased_purges":3,"victory":true,"max_hp_per_floor":[66,66,66,66,66,66,71,71,71,71,71,71,76,76,76,76,76,76,76,76,76,76,76,76,76,82,82,82,82,82,82,82,82,82,82,82,82,82,82,82,82,82,88,88,88,88,88,88,88,88],"card_choices":[{"not_picked":["Outmaneuver","Underhanded Strike","Choke"],"picked":"SKIP","floor":1.0},{"not_picked":["Quick Slash","Calculated Gamble"],"picked":"Deflect","floor":4.0},{"not_picked":["Concentrate","Deflect"],"picked":"Backflip","floor":5.0},{"not_picked":["Footwork","Backflip"],"picked":"Acrobatics","floor":12.0},{"not_picked":["Reflex","Dagger Spray"],"picked":"Leg Sweep","floor":13.0},{"not_picked":["Malaise","Wraith Form v2"],"picked":"Grand Finale","floor":16.0},{"not_picked":["Cloak And Dagger","Deadly Poison+1"],"picked":"Prepared+1","floor":18.0},{"not_picked":["Deflect","Bane"],"picked":"Calculated Gamble","floor":19.0},{"not_picked":["Eviscerate","Deflect","Dodge and Roll"],"picked":"SKIP","floor":20.0},{"not_picked":["Leg Sweep","Finisher"],"picked":"Well Laid Plans","floor":24.0},{"not_picked":["Deadly Poison","Calculated Gamble"],"picked":"Dagger Throw","floor":28.0},{"not_picked":["Deadly Poison","Slice"],"picked":"Acrobatics","floor":29.0},{"not_picked":["Infinite Blades","Acrobatics","Corpse Explosion"],"picked":"SKIP","floor":31.0},{"not_picked":["Backflip","Endless Agony+1","PiercingWail"],"picked":"SKIP","floor":35.0},{"not_picked":["Acrobatics","Flying Knee"],"picked":"Prepared","floor":36.0},{"not_picked":["Masterful Stab+1","Distraction","Dagger Spray+1"],"picked":"SKIP","floor":37.0},{"not_picked":["Slice","Calculated Gamble","Finisher"],"picked":"SKIP","floor":38.0},{"not_picked":["Dagger Throw","Blade Dance","Skewer"],"picked":"SKIP","floor":45},{"not_picked":["Endless Agony","Deadly Poison","Venomology"],"picked":"SKIP","floor":48}],"player_experience":831412,"relics_obtained":[{"floor":9.0,"key":"Oddly Smooth Stone"},{"floor":24.0,"key":"Darkstone Periapt"},{"floor":26.0,"key":"Mercury Hourglass"},{"floor":43.0,"key":"Nunchaku"}],"event_choices":[{"damage_healed":0.0,"max_hp_gain":0.0,"max_hp_loss":0.0,"gold_gain":100.0,"event_name":"Wheel of Change","player_choice":"Gold","floor":2.0,"gold_loss":0.0,"damage_taken":0.0},{"damage_healed":0.0,"max_hp_gain":5.0,"max_hp_loss":0.0,"gold_gain":0.0,"event_name":"Big Fish","player_choice":"Donut","floor":7.0,"gold_loss":0.0,"damage_taken":0.0},{"cards_removed":["Strike_G"],"damage_healed":0.0,"max_hp_gain":0.0,"max_hp_loss":0.0,"gold_gain":0.0,"event_name":"Living Wall","player_choice":"Forget","floor":11.0,"gold_loss":0.0,"damage_taken":0.0},{"damage_healed":0.0,"max_hp_gain":0.0,"max_hp_loss":0.0,"gold_gain":0.0,"event_name":"Vampires","player_choice":"Ignored","floor":22.0,"gold_loss":0.0,"damage_taken":0.0},{"damage_healed":0.0,"max_hp_gain":0.0,"max_hp_loss":0.0,"gold_gain":0.0,"event_name":"Tomb of Lord Red Mask","player_choice":"Ignored","floor":39.0,"gold_loss":0.0,"damage_taken":0.0},{"cards_removed":["Strike_G"],"damage_healed":0.0,"max_hp_gain":0.0,"max_hp_loss":0.0,"gold_gain":0.0,"event_name":"Falling","player_choice":"Removed Attack","floor":44.0,"gold_loss":0.0,"damage_taken":0.0}],"is_beta":false,"boss_relics":[{"not_picked":["Snecko Eye","Black Star"],"picked":"Cursed Key"},{"not_picked":["Lizard Tail","Runic Pyramid"],"picked":"Fusion Hammer"}],"items_purged_floors":[14,21,27],"is_endless":false,"potions_floor_spawned":[5,12,16,19,20,29,31,33,36,37,45],"ascension_level":18}