{"gold_per_floor":[118,137,137,137,137,172,187,201,248,268,341,355,119,144,144,264,264,288,312,312],"floor_reached":20,"playtime":884,"items_purged":["Strike_R"],"score":238,"play_id":"9b547b86-380c-4ebc-82c1-7d7d816e9b31","local_time":"20190415182959","is_ascension_mode":false,"campfire_choices":[{"data":"Heavy Blade","floor":15,"key":"SMITH"}],"neow_cost":"TEN_PERCENT_HP_LOSS","seed_source_timestamp":428653853316634,"circlet_count":0,"master_deck":["Strike_R","Defend_R","Defend_R","Defend_R","Bash","Carnage","Cleave","Demon Form","Armaments","Rupture","Heavy Blade+1","Inflame","Bludgeon","Brutality","Rupture"],"relics":["Burning Blood","Golden Idol","Meat on the Bone","Tiny Chest","Busted Crown"],"potions_floor_usage":[6,11,11,16,19],"damage_taken":[{"damage":1,"enemies":"Jaw Worm","floor":1,"turns":3},{"damage":7,"enemies":"Small Slimes","floor":2,"turns":3},{"damage":18,"enemies":"Lagavulin","floor":6,"turns":5},{"damage":9,"enemies":"Cultist","floor":7,"turns":4},{"damage":2,"enemies":"3 Louse","floor":8,"turns":3},{"damage":15,"enemies":"Exordium Wildlife","floor":10,"turns":4},{"damage":45,"enemies":"3 Sentries","floor":11,"turns":7},{"damage":14,"enemies":"Exordium Thugs","floor":12,"turns":5},{"damage":26,"enemies":"Red Slaver","floor":14,"turns":5},{"damage":0,"enemies":"Slime Boss","floor":16,"turns":5},{"damage":24,"enemies":"Spheric Guardian","floor":18,"turns":4},{"damage":2,"enemies":"Chosen","floor":19,"turns":4},{"damage":42,"enemies":"Colosseum Slavers","floor":20,"turns":5},{"damage":43,"enemies":"Colosseum Nobs","floor":20,"turns":3}],"seed_played":"-4653423100690171987","potions_obtained":[{"floor":1,"key":"BloodPotion"},{"floor":8,"key":"Dexterity Potion"},{"floor":10,"key":"Ancient Potion"},{"floor":14,"key":"AttackPotion"},{"floor":16,"key":"Weak Potion"}],"is_trial":false,"path_per_floor":["M","M","?","?","?","E","M","M","T","M","E","M","$","M","R","B",null,"M","M","?"],"character_chosen":"IRONCLAD","items_purchased":["Bludgeon"],"campfire_rested":0,"item_purchase_floors":[13],"current_hp_per_floor":[72,71,71,67,67,61,58,62,62,53,26,30,30,22,22,40,67,49,53,0],"gold":312,"neow_bonus":"REMOVE_TWO","is_prod":false,"is_daily":false,"chose_seed":false,"campfire_upgraded":1,"win_rate":0,"timestamp":1555370999,"path_taken":["M","M","?","?","?","E","?","M","T","M","E","M","$","M","R","BOSS","M","M","?"],"build_version":"2019-01-23","purchased_purges":1,"victory":false,"max_hp_per_floor":[72,72,72,67,67,67,67,67,67,67,67,67,67,67,67,67,67,67,67,67],"card_choices":[{"not_picked":["Havoc","Armaments"],"picked":"Carnage","floor":1},{"not_picked":["Reckless Charge","Iron Wave"],"picked":"Cleave","floor":2},{"not_picked":["Sword Boomerang","Perfected Strike"],"picked":"Armaments","floor":6},{"not_picked":["Ghostly Armor","Body Slam"],"picked":"Rupture","floor":7},{"not_picked":["Wild Strike","Shrug It Off"],"picked":"Heavy Blade","floor":8},{"not_picked":["Headbutt","Sword Boomerang","Twin Strike"],"picked":"SKIP","floor":10},{"not_picked":["Reaper","Body Slam"],"picked":"Inflame","floor":11},{"not_picked":["Havoc","Iron Wave","Cleave"],"picked":"SKIP","floor":12},{"not_picked":["Clothesline","Headbutt","Sword Boomerang"],"picked":"SKIP","floor":14},{"not_picked":["Fiend Fire","Bludgeon"],"picked":"Brutality","floor":16},{"not_picked":[],"picked":"Rupture","floor":18},{"not_picked":["Reckless Charge"],"picked":"SKIP","floor":19}],"player_experience":778821,"relics_obtained":[{"floor":6,"key":"Meat on the Bone"},{"floor":11,"key":"Tiny Chest"}],"event_choices":[{"cards_removed":["Strike_R"],"damage_healed":0,"gold_gain":0,"player_choice":"Forget","damage_taken":0,"max_hp_gain":0,"max_hp_loss":0,"event_name":"Living Wall","floor":3,"gold_loss":0},{"damage_healed":0,"gold_gain":0,"player_choice":"Lose Max HP","damage_taken":0,"relics_obtained":["Golden Idol"],"max_hp_gain":0,"max_hp_loss":5,"event_name":"Golden Idol","floor":4,"gold_loss":0},{"damage_healed":0,"gold_gain":0,"cards_transformed":["Strike_R"],"player_choice":"Transformed","damage_taken":0,"max_hp_gain":0,"max_hp_loss":0,"event_name":"Transmorgrifier","floor":5,"gold_loss":0,"cards_obtained":["Demon Form"]},{"damage_healed":0,"gold_gain":0,"player_choice":"Fight","damage_taken":0,"max_hp_gain":0,"max_hp_loss":0,"event_name":"Colosseum","floor":20,"gold_loss":0},{"damage_healed":0,"gold_gain":0,"player_choice":"Fought Nobs","damage_taken":0,"max_hp_gain":0,"max_hp_loss":0,"event_name":"Colosseum","floor":20,"gold_loss":0}],"is_beta":false,"boss_relics":[{"not_picked":["Astrolabe","Snecko Eye"],"picked":"Busted Crown"}],"items_purged_floors":[13],"is_endless":false,"potions_floor_spawned":[1,8,10,14,16],"killed_by":"Colosseum Nobs","ascension_level":0}