{"gold_per_floor":[113,113,113,129,144,144,174,174,174,174,174,124,49,49,49,149,149,165,140,40,40,40,40,56,56,56,74,87,87,87,103,103,103],"floor_reached":33,"playtime":1245,"items_purged":["Defend_R","Strike_R"],"score":243,"play_id":"0e40ef2d-dccc-42a2-a58c-a733486752d9","local_time":"20190310113225","is_ascension_mode":false,"campfire_choices":[{"data":"Bash","floor":6.0,"key":"SMITH"},{"data":"Shrug It Off","floor":8.0,"key":"SMITH"},{"data":"Defend_R","floor":11.0,"key":"SMITH"},{"data":"Strike_R","floor":15.0,"key":"SMITH"},{"floor":23.0,"key":"REST"},{"data":"Defend_R","floor":25.0,"key":"SMITH"},{"floor":32,"key":"REST"}],"neow_cost":"NONE","seed_source_timestamp":86091752108689,"circlet_count":0,"master_deck":["Strike_R+1","Defend_R+1","Defend_R+1","Bash+1","Shrug It Off+1","Strike_R"],"special_seed":0,"relics":["Burning Blood","Frozen Egg 2","Letter Opener","Runic Cube","Sundial","Singing Bowl"],"potions_floor_usage":[],"damage_taken":[{"damage":1.0,"enemies":"Jaw Worm","floor":1.0,"turns":3.0},{"damage":14.0,"enemies":"Small Slimes","floor":4.0,"turns":4.0},{"damage":2.0,"enemies":"Cultist","floor":5.0,"turns":5.0},{"damage":31.0,"enemies":"Gremlin Nob","floor":7.0,"turns":5.0},{"damage":36.0,"enemies":"The Guardian","floor":16.0,"turns":16.0},{"damage":40.0,"enemies":"Spheric Guardian","floor":18.0,"turns":8.0},{"damage":23.0,"enemies":"2 Thieves","floor":19.0,"turns":5.0},{"damage":4.0,"enemies":"Snecko","floor":24.0,"turns":6.0},{"damage":15.0,"enemies":"Centurion and Healer","floor":27.0,"turns":7.0},{"damage":10.0,"enemies":"Snake Plant","floor":28.0,"turns":7.0},{"damage":7,"enemies":"Shelled Parasite and Fungi","floor":31,"turns":9},{"damage":0,"enemies":"Automaton","floor":33,"turns":2}],"seed_played":"2346408838423063497","potions_obtained":[{"floor":5.0,"key":"EssenceOfSteel"},{"floor":14.0,"key":"Dexterity Potion"},{"floor":14.0,"key":"Regen Potion"},{"floor":14.0,"key":"Weak Potion"},{"floor":16.0,"key":"Regen Potion"},{"floor":19.0,"key":"Ancient Potion"},{"floor":27.0,"key":"Energy Potion"},{"floor":31,"key":"BloodPotion"}],"is_trial":false,"path_per_floor":["M","?","?","M","M","R","E","R","T","?","R","?","$","?","R","B",null,"M","M","$","?","$","R","M","R","T","M","M","?","?","M","R","B"],"character_chosen":"IRONCLAD","items_purchased":[],"campfire_rested":2,"item_purchase_floors":[],"current_hp_per_floor":[80,85,85,77,81,81,56,56,56,56,56,56,56,56,56,26,85,51,34,34,34,34,59,61,61,61,52,48,48,48,49,75,75],"gold":103,"neow_bonus":"REMOVE_CARD","is_prod":false,"is_daily":false,"chose_seed":false,"campfire_upgraded":5,"win_rate":0,"timestamp":1552213945,"path_taken":["M","?","?","?","M","R","E","R","T","?","R","?","$","?","R","BOSS","M","M","$","?","?","R","M","R","T","?","M","?","?","?","R","BOSS"],"build_version":"2019-01-23","purchased_purges":2,"victory":false,"max_hp_per_floor":[80,85,85,85,85,85,85,85,85,85,85,85,85,85,85,85,85,85,85,85,85,85,85,85,85,85,85,85,85,85,87,87,87],"card_choices":[{"not_picked":["Wild Strike","Dual Wield","Havoc"],"picked":"SKIP","floor":1.0},{"not_picked":["Thunderclap","Uppercut"],"picked":"Shrug It Off","floor":4.0},{"not_picked":["Heavy Blade","Cleave","Anger"],"picked":"SKIP","floor":5.0},{"not_picked":["Uppercut","Feel No Pain","Pommel Strike"],"picked":"SKIP","floor":7.0},{"not_picked":["Shrug It Off","Twin Strike","Metallicize+1"],"picked":"SKIP","floor":18.0},{"not_picked":["Pummel","Sever Soul","Body Slam"],"picked":"SKIP","floor":19.0},{"not_picked":["Anger+1","Flame Barrier","Sever Soul"],"picked":"SKIP","floor":24.0},{"not_picked":["Clash","Pummel","Cleave"],"picked":"SKIP","floor":27.0},{"not_picked":["Iron Wave","Wild Strike","Battle Trance"],"picked":"SKIP","floor":28.0},{"not_picked":["Flex+1","Warcry","Havoc"],"picked":"Singing Bowl","floor":31}],"player_experience":967975,"relics_obtained":[{"floor":7.0,"key":"Frozen Egg 2"},{"floor":9.0,"key":"Letter Opener"},{"floor":26.0,"key":"Sundial"}],"event_choices":[{"damage_healed":0.0,"max_hp_gain":5.0,"max_hp_loss":0.0,"gold_gain":0.0,"event_name":"Big Fish","player_choice":"Donut","floor":2.0,"gold_loss":0.0,"damage_taken":0.0},{"damage_healed":0.0,"max_hp_gain":0.0,"max_hp_loss":0.0,"gold_gain":0.0,"event_name":"The Woman in Blue","player_choice":"Bought 0 Potions","floor":3.0,"gold_loss":0.0,"damage_taken":0.0},{"cards_removed":["Defend_R"],"damage_healed":0.0,"max_hp_gain":0.0,"max_hp_loss":0.0,"gold_gain":0.0,"event_name":"Living Wall","player_choice":"Forget","floor":10.0,"gold_loss":0.0,"damage_taken":0.0},{"cards_removed":["Strike_R"],"damage_healed":0.0,"max_hp_gain":0.0,"max_hp_loss":0.0,"gold_gain":0.0,"event_name":"The Cleric","player_choice":"Card Removal","floor":12.0,"gold_loss":50.0,"damage_taken":0.0},{"damage_healed":0.0,"max_hp_gain":0.0,"max_hp_loss":0.0,"gold_gain":0.0,"event_name":"Lab","player_choice":"Got Potions","floor":14.0,"gold_loss":0.0,"damage_taken":0.0},{"cards_removed":["Strike_R"],"damage_healed":0.0,"max_hp_gain":0.0,"max_hp_loss":0.0,"gold_gain":0.0,"event_name":"NoteForYourself","player_choice":"Took Card","floor":21.0,"gold_loss":0.0,"damage_taken":0.0,"cards_obtained":["Strike_R"]},{"damage_healed":0.0,"max_hp_gain":0.0,"max_hp_loss":0.0,"gold_gain":0.0,"event_name":"Vampires","player_choice":"Ignored","floor":29.0,"gold_loss":0.0,"damage_taken":0.0},{"damage_healed":0.0,"max_hp_gain":0.0,"max_hp_loss":0.0,"gold_gain":0.0,"event_name":"WeMeetAgain","player_choice":"Gave Potion","floor":30.0,"gold_loss":0.0,"damage_taken":0.0,"relics_obtained":["Singing Bowl"]}],"is_beta":false,"boss_relics":[{"not_picked":["Tiny House","Eternal Feather"],"picked":"Runic Cube"}],"items_purged_floors":[13,20],"is_endless":false,"potions_floor_spawned":[5,16,19,27,28,31],"killed_by":"Automaton","ascension_level":0}