{"gold_per_floor":[14,14,32,107,118,118,138,138,138,138,138,138,153,185,185,284,284,303,328,342,342,7,7,7,17,66,66,77,92,92,102,102,198,198,215,232,26,38,38,38,38,64,91,91,22,37,37,52,52,52],"floor_reached":51,"playtime":2954,"items_purged":["Strike_G"],"score":683,"play_id":"d7538720-a8d6-4958-b3ce-073bd84820c2","local_time":"20190109162001","is_ascension_mode":true,"campfire_choices":[{"data":"Neutralize","floor":6.0,"key":"SMITH"},{"data":"Well Laid Plans","floor":8.0,"key":"SMITH"},{"data":"Poisoned Stab","floor":10.0,"key":"SMITH"},{"data":"Slice","floor":15.0,"key":"SMITH"},{"data":"Concentrate","floor":23.0,"key":"SMITH"},{"data":"Cloak And Dagger","floor":30.0,"key":"SMITH"},{"data":"Bane","floor":32.0,"key":"SMITH"},{"data":"Envenom","floor":40.0,"key":"SMITH"},{"data":"After Image","floor":44.0,"key":"SMITH"},{"data":"Envenom","floor":47.0,"key":"SMITH"},{"data":"Tactician","floor":49.0,"key":"SMITH"}],"neow_cost":"NO_GOLD","seed_source_timestamp":237968898791224,"circlet_count":0,"master_deck":["Defend_G+1","Defend_G","Defend_G","Defend_G","Defend_G","Strike_G","Strike_G","Strike_G","Survivor","Neutralize+1","Backflip+1","Well Laid Plans+1","Poisoned Stab+1","Slice","Slice+1","Heel Hook","After Image+1","Concentrate+1","Terror+1","Cloak And Dagger+1","RitualDagger","Acrobatics+1","Prepared+1","Bane+1","Envenom+1","Poisoned Stab+1","Flechettes+1","Tactician+1","Envenom+1","Catalyst+1"],"special_seed":0,"relics":["Ring of the Snake","Pocketwatch","Bottled Flame","Nunchaku","Question Card","Sozu","Red Mask","Meat on the Bone","War Paint","Runic Pyramid","Medical Kit","Pantograph","Ancient Tea Set"],"potions_floor_usage":[50],"damage_taken":[{"damage":0.0,"enemies":"Cultist","floor":1.0,"turns":4.0},{"damage":0.0,"enemies":"2 Louse","floor":3.0,"turns":3.0},{"damage":0.0,"enemies":"Jaw Worm","floor":5.0,"turns":5.0},{"damage":2.0,"enemies":"2 Fungi Beasts","floor":7.0,"turns":4.0},{"damage":0.0,"enemies":"Large Slime","floor":13.0,"turns":5.0},{"damage":12.0,"enemies":"3 Sentries","floor":14.0,"turns":8.0},{"damage":4.0,"enemies":"The Guardian","floor":16.0,"turns":13.0},{"damage":11.0,"enemies":"Spheric Guardian","floor":18.0,"turns":5.0},{"damage":14.0,"enemies":"Masked Bandits","floor":19.0,"turns":6.0},{"damage":0.0,"enemies":"3 Byrds","floor":20.0,"turns":5.0},{"damage":5.0,"enemies":"Snake Plant","floor":25.0,"turns":5.0},{"damage":0.0,"enemies":"Snecko","floor":28.0,"turns":5.0},{"damage":1.0,"enemies":"Shelled Parasite and Fungi","floor":29.0,"turns":7.0},{"damage":0.0,"enemies":"Centurion and Healer","floor":31.0,"turns":6.0},{"damage":55.0,"enemies":"Collector","floor":33.0,"turns":12.0},{"damage":0.0,"enemies":"Orb Walker","floor":35.0,"turns":2.0},{"damage":0.0,"enemies":"3 Shapes","floor":36.0,"turns":3.0},{"damage":25.0,"enemies":"3 Darklings","floor":38.0,"turns":9.0},{"damage":5.0,"enemies":"Giant Head","floor":42.0,"turns":6.0},{"damage":0.0,"enemies":"Transient","floor":46.0,"turns":5.0},{"damage":6.0,"enemies":"Maw","floor":48.0,"turns":6.0},{"damage":42,"enemies":"Donu and Deca","floor":50,"turns":10}],"seed_played":"2806946562962823701","potions_obtained":[{"floor":5.0,"key":"Regen Potion"},{"floor":7.0,"key":"LiquidBronze"},{"floor":14.0,"key":"LiquidBronze"},{"floor":16.0,"key":"Explosive Potion"}],"is_trial":false,"path_per_floor":["M","$","M","?","M","R","M","R","T","R","?","?","M","E","R","B",null,"M","?","M","?","$","R","?","M","T","$","M","M","R","M","R","B",null,"M","M","$","M","?","R","$","E","T","R","$","M","R","M","R","B",null],"character_chosen":"THE_SILENT","items_purchased":["Meat on the Bone","Medical Kit","Tactician"],"campfire_rested":0,"item_purchase_floors":[22,37,45],"current_hp_per_floor":[70,70,70,59,59,59,57,57,57,57,57,57,57,45,45,41,70,59,45,45,39,39,39,39,46,46,46,46,45,45,45,45,17,70,70,70,70,45,45,45,45,40,40,40,40,40,40,46,46,40],"gold":52,"neow_bonus":"ONE_RARE_RELIC","is_prod":false,"is_daily":false,"chose_seed":false,"campfire_upgraded":11,"win_rate":0,"timestamp":1547047201,"path_taken":["M","?","M","?","M","R","M","R","T","R","?","?","M","E","R","BOSS","M","?","M","?","?","R","?","M","T","?","M","?","R","M","R","BOSS","M","M","$","M","?","R","$","E","T","R","?","M","R","M","R","BOSS"],"build_version":"2019-01-03v4","purchased_purges":1,"victory":true,"max_hp_per_floor":[70,70,70,70,70,70,70,70,70,70,70,70,70,70,70,70,70,70,70,70,70,70,70,70,70,70,70,70,70,70,70,70,70,70,70,70,70,70,70,70,70,70,70,70,70,70,70,70,70,70],"card_choices":[{"not_picked":["Cloak And Dagger","Skewer"],"picked":"Backflip","floor":1.0},{"not_picked":["Terror","Accuracy"],"picked":"Well Laid Plans","floor":3.0},{"not_picked":["Dodge and Roll","Quick Slash"],"picked":"Poisoned Stab","floor":5.0},{"not_picked":["Calculated Gamble","Outmaneuver"],"picked":"Slice","floor":7.0},{"not_picked":["Dagger Spray","Cloak And Dagger"],"picked":"Slice","floor":13.0},{"not_picked":["Masterful Stab","Outmaneuver"],"picked":"Heel Hook","floor":14.0},{"not_picked":["Venomology","Glass Knife","Die Die Die"],"picked":"After Image","floor":16.0},{"not_picked":["Blade Dance","Reflex","Masterful Stab"],"picked":"Concentrate","floor":18.0},{"not_picked":["Blade Dance+1","Flying Knee","All Out Attack+1"],"picked":"Terror+1","floor":19.0},{"not_picked":["Setup","Dagger Throw+1","Flying Knee"],"picked":"Cloak And Dagger","floor":20.0},{"not_picked":["Bane+1","PiercingWail","Prepared"],"picked":"Acrobatics+1","floor":25.0},{"not_picked":["Acrobatics","Tactician","Cloak And Dagger+1"],"picked":"Prepared+1","floor":28.0},{"not_picked":["Dash","Catalyst+1","Outmaneuver","Prepared"],"picked":"SKIP","floor":29.0},{"not_picked":["Setup+1","Distraction","Sucker Punch"],"picked":"Bane","floor":31.0},{"not_picked":["Malaise","Night Terror","Bullet Time"],"picked":"Envenom","floor":33.0},{"not_picked":["Backflip+1","Heel Hook+1","Blade Dance+1","Dodge and Roll+1"],"picked":"SKIP","floor":35.0},{"not_picked":["Bane","Quick Slash+1","Finisher","Crippling Poison+1"],"picked":"SKIP","floor":36.0},{"not_picked":["PiercingWail","Dagger Throw+1","Dodge and Roll"],"picked":"Poisoned Stab+1","floor":38.0},{"not_picked":["Dagger Spray","Setup+1","Quick Slash+1"],"picked":"Flechettes+1","floor":42.0},{"not_picked":["Poisoned Stab+1","Quick Slash+1","Cloak And Dagger+1"],"picked":"Envenom","floor":46.0},{"not_picked":["Finisher","Blade Dance+1","Dagger Spray+1"],"picked":"Catalyst+1","floor":48.0}],"player_experience":641957,"relics_obtained":[{"floor":9.0,"key":"Bottled Flame"},{"floor":14.0,"key":"Question Card"},{"floor":19.0,"key":"Red Mask"},{"floor":26.0,"key":"War Paint"},{"floor":42.0,"key":"Pantograph"},{"floor":43.0,"key":"Ancient Tea Set"}],"event_choices":[{"damage_healed":0.0,"max_hp_gain":0.0,"max_hp_loss":0.0,"gold_gain":75.0,"event_name":"World of Goop","player_choice":"Gather Gold","floor":4.0,"gold_loss":0.0,"damage_taken":11.0},{"damage_healed":0.0,"max_hp_gain":0.0,"max_hp_loss":0.0,"gold_gain":0.0,"event_name":"Dead Adventurer","player_choice":"Searched \u00271\u0027 times","floor":11.0,"gold_loss":0.0,"damage_taken":0.0,"relics_obtained":["Nunchaku"]},{"damage_healed":0.0,"max_hp_gain":0.0,"max_hp_loss":0.0,"gold_gain":0.0,"event_name":"Golden Idol","player_choice":"Ignored","floor":12.0,"gold_loss":0.0,"damage_taken":0.0},{"damage_healed":0.0,"max_hp_gain":0.0,"max_hp_loss":0.0,"gold_gain":0.0,"event_name":"Masked Bandits","player_choice":"Fought Bandits","floor":19.0,"gold_loss":0.0,"damage_taken":0.0},{"damage_healed":0.0,"max_hp_gain":0.0,"max_hp_loss":0.0,"gold_gain":0.0,"event_name":"Nest","player_choice":"Joined the Cult","floor":21.0,"gold_loss":0.0,"damage_taken":6.0,"cards_obtained":["RitualDagger"]},{"damage_healed":0.0,"max_hp_gain":0.0,"max_hp_loss":0.0,"gold_gain":0.0,"event_name":"Cursed Tome","player_choice":"Ignored","floor":24.0,"gold_loss":0.0,"damage_taken":0.0},{"cards_removed":["Strike_G"],"damage_healed":0.0,"max_hp_gain":0.0,"max_hp_loss":0.0,"gold_gain":0.0,"event_name":"Purifier","player_choice":"Purged","floor":39.0,"gold_loss":0.0,"damage_taken":0.0}],"is_beta":false,"boss_relics":[{"not_picked":["Velvet Choker","Busted Crown"],"picked":"Sozu"},{"not_picked":["Calling Bell","White Beast Statue"],"picked":"Runic Pyramid"}],"items_purged_floors":[22],"is_endless":false,"potions_floor_spawned":[5,7,14,16,25,31,33,38,46,48],"ascension_level":1}