{"gold_per_floor":[114,133,308,308,319,319,334,334,364,5,72,72,89,190,190,288,288,302,352,366,63,113,113,113],"floor_reached":24,"playtime":850,"items_purged":["Doubt"],"score":186,"play_id":"c9f2f85a-f0f0-426d-95f5-4551febe7e94","local_time":"20190730184419","is_ascension_mode":false,"campfire_choices":[{"data":"Quick Slash","floor":6,"key":"SMITH"},{"data":"Quick Slash","floor":8,"key":"SMITH"},{"data":"Bane","floor":12,"key":"SMITH"},{"data":"Flying Knee","floor":15,"key":"SMITH"},{"data":"RitualDagger","floor":23,"key":"SMITH"}],"neow_cost":"NONE","seed_source_timestamp":1642450224891290,"circlet_count":0,"master_deck":["Strike_G","Strike_G","Strike_G","Strike_G","Strike_G","Defend_G","Defend_G","Defend_G","Defend_G","Defend_G","Survivor","Neutralize","Dodge and Roll","Blade Dance","Quick Slash+1","Quick Slash+1","Flying Knee+1","Bane+1","Dodge and Roll","Slice","Necronomicurse","Deadly Poison","Dagger Spray","Dodge and Roll","RitualDagger+1"],"relics":["Ring of the Snake","SsserpentHead","Tiny Chest","The Specimen","Orichalcum","Sozu","Necronomicon","Blood Vial"],"potions_floor_usage":[16,24],"damage_taken":[{"damage":0,"enemies":"2 Louse","floor":1,"turns":3},{"damage":1,"enemies":"Jaw Worm","floor":2,"turns":6},{"damage":4,"enemies":"Cultist","floor":5,"turns":4},{"damage":1,"enemies":"Exordium Wildlife","floor":7,"turns":5},{"damage":8,"enemies":"Blue Slaver","floor":11,"turns":4},{"damage":0,"enemies":"3 Louse","floor":13,"turns":3},{"damage":38,"enemies":"The Guardian","floor":16,"turns":15},{"damage":7,"enemies":"3 Byrds","floor":18,"turns":5},{"damage":13,"enemies":"Spheric Guardian","floor":20,"turns":4},{"damage":38,"enemies":"Gremlin Leader","floor":24,"turns":6}],"seed_played":"432368603045556328","potions_obtained":[{"floor":1,"key":"GhostInAJar"},{"floor":5,"key":"GamblersBrew"},{"floor":11,"key":"Fire Potion"}],"is_trial":false,"path_per_floor":["M","M","?","?","M","R","M","R","T","$","M","R","M","T","R","B",null,"M","?","M","$","?","R","E"],"character_chosen":"THE_SILENT","items_purchased":["The Specimen","Flying Knee","Dagger Spray","Dodge and Roll","Blood Vial"],"campfire_rested":0,"item_purchase_floors":[10,10,21,21,21],"current_hp_per_floor":[77,76,76,76,72,72,71,71,71,71,63,63,63,63,63,25,77,70,54,41,41,35,35,0],"gold":113,"neow_bonus":"TEN_PERCENT_HP_BONUS","is_prod":false,"is_daily":false,"chose_seed":false,"campfire_upgraded":5,"win_rate":0,"timestamp":1564526659,"path_taken":["M","M","?","?","M","R","M","R","T","$","?","R","M","?","R","BOSS","M","?","M","$","?","R","E"],"build_version":"2019-07-17","purchased_purges":1,"victory":false,"max_hp_per_floor":[77,77,77,77,77,77,77,77,77,77,77,77,77,77,77,77,77,77,77,77,77,77,77,77],"card_choices":[{"not_picked":["Endless Agony","Caltrops"],"picked":"Dodge and Roll","floor":1},{"not_picked":["Skewer","Expertise"],"picked":"Blade Dance","floor":2},{"not_picked":["Escape Plan","Well Laid Plans"],"picked":"Quick Slash","floor":5},{"not_picked":["Masterful Stab","Crippling Poison"],"picked":"Quick Slash","floor":7},{"not_picked":["Malaise","Slice"],"picked":"Bane","floor":11},{"not_picked":["Footwork","Outmaneuver"],"picked":"Dodge and Roll","floor":13},{"not_picked":["Skewer","Backstab"],"picked":"Slice","floor":18},{"not_picked":["Crippling Poison","Distraction"],"picked":"Deadly Poison","floor":20}],"player_experience":233100,"relics_obtained":[{"floor":9,"key":"Tiny Chest"},{"floor":14,"key":"Orichalcum"},{"floor":19,"key":"Necronomicon"}],"event_choices":[{"damage_healed":0,"gold_gain":175,"player_choice":"AGREE","damage_taken":0,"max_hp_gain":0,"max_hp_loss":0,"event_name":"Liars Game","floor":3,"gold_loss":0,"cards_obtained":["Doubt"]},{"damage_healed":0,"gold_gain":0,"player_choice":"Trade","damage_taken":0,"relics_obtained":["SsserpentHead"],"max_hp_gain":0,"max_hp_loss":0,"event_name":"FaceTrader","floor":4,"gold_loss":0},{"damage_healed":0,"gold_gain":0,"player_choice":"Obtained Book","damage_taken":16,"max_hp_gain":0,"max_hp_loss":0,"event_name":"Cursed Tome","floor":19,"gold_loss":0},{"damage_healed":0,"gold_gain":0,"player_choice":"Joined the Cult","damage_taken":6,"max_hp_gain":0,"max_hp_loss":0,"event_name":"Nest","floor":22,"gold_loss":0,"cards_obtained":["RitualDagger"]}],"is_beta":false,"boss_relics":[{"not_picked":["HoveringKite","Coffee Dripper"],"picked":"Sozu"}],"items_purged_floors":[21],"is_endless":false,"potions_floor_spawned":[1,5,11,18],"killed_by":"Gremlin Leader","ascension_level":0}