{"gold_per_floor":[110,185,197,197,212,212,244,244,244,264,280,290,290,311,311,311],"floor_reached":16,"playtime":565,"items_purged":[],"score":117,"play_id":"e6577206-c84b-4a75-8961-e1040986cbb8","local_time":"20190731171226","is_ascension_mode":true,"campfire_choices":[{"data":"Zap","floor":6,"key":"SMITH"},{"floor":8,"key":"REST"},{"floor":13,"key":"REST"},{"floor":15,"key":"REST"}],"neow_cost":"NONE","seed_source_timestamp":54441693608500,"circlet_count":0,"master_deck":["Strike_B","Strike_B","Defend_B","Defend_B","Defend_B","Defend_B","Zap+1","Dualcast","Capacitor","Scrape","Cold Snap","Leap","Reinforced Body","Glacier","Steam Power","Electrodynamics"],"relics":["Cracked Core","Blue Candle","Odd Mushroom"],"potions_floor_usage":[11,16,16],"damage_taken":[{"damage":0,"enemies":"Cultist","floor":1,"turns":4},{"damage":1,"enemies":"2 Louse","floor":3,"turns":2},{"damage":0,"enemies":"Small Slimes","floor":5,"turns":3},{"damage":39,"enemies":"Lagavulin","floor":7,"turns":10},{"damage":0,"enemies":"Red Slaver","floor":10,"turns":4},{"damage":30,"enemies":"Gremlin Gang","floor":11,"turns":6},{"damage":1,"enemies":"2 Fungi Beasts","floor":12,"turns":5},{"damage":14,"enemies":"The Mushroom Lair","floor":14,"turns":7},{"damage":57,"enemies":"The Guardian","floor":16,"turns":17}],"seed_played":"-5256155813560192995","potions_obtained":[{"floor":5,"key":"Weak Potion"},{"floor":11,"key":"EssenceOfSteel"},{"floor":14,"key":"Fire Potion"}],"is_trial":false,"path_per_floor":["M","?","M","?","M","R","E","R","T","M","M","M","R","?","R","B"],"character_chosen":"DEFECT","items_purchased":[],"campfire_rested":3,"item_purchase_floors":[],"current_hp_per_floor":[75,64,63,56,56,56,17,39,39,39,9,8,30,16,38,0],"gold":311,"neow_bonus":"TRANSFORM_CARD","is_prod":false,"is_daily":false,"chose_seed":false,"campfire_upgraded":1,"win_rate":0,"timestamp":1564611146,"path_taken":["M","?","M","?","M","R","E","R","T","M","M","M","R","?","R","BOSS"],"build_version":"2019-07-17","purchased_purges":0,"victory":false,"max_hp_per_floor":[75,75,75,75,75,75,75,75,75,75,75,75,75,75,75,75],"card_choices":[{"not_picked":["Hologram","Melter"],"picked":"Scrape","floor":1},{"not_picked":["Leap","Redo"],"picked":"Cold Snap","floor":3},{"not_picked":["Cold Snap","Heatsinks"],"picked":"Leap","floor":5},{"not_picked":["Beam Cell","FTL"],"picked":"Reinforced Body","floor":7},{"not_picked":["Storm","Hologram"],"picked":"Glacier","floor":10},{"not_picked":["Compile Driver","White Noise"],"picked":"Steam Power","floor":11},{"not_picked":["Beam Cell","Force Field","Compile Driver"],"picked":"SKIP","floor":12},{"not_picked":["Leap","Lockon"],"picked":"Electrodynamics","floor":14}],"player_experience":167897,"relics_obtained":[{"floor":7,"key":"Blue Candle"},{"floor":14,"key":"Odd Mushroom"}],"event_choices":[{"damage_healed":0,"gold_gain":75,"player_choice":"Gather Gold","damage_taken":11,"max_hp_gain":0,"max_hp_loss":0,"event_name":"World of Goop","floor":2,"gold_loss":0},{"cards_removed":["Strike_B"],"damage_healed":0,"gold_gain":0,"player_choice":"Card Removal","damage_taken":7,"max_hp_gain":0,"max_hp_loss":0,"event_name":"Golden Wing","floor":4,"gold_loss":0},{"damage_healed":0,"gold_gain":0,"player_choice":"Fought Mushrooms","damage_taken":0,"max_hp_gain":0,"max_hp_loss":0,"event_name":"Mushrooms","floor":14,"gold_loss":0}],"is_beta":false,"boss_relics":[],"items_purged_floors":[],"is_endless":false,"potions_floor_spawned":[5,11,14],"killed_by":"The Guardian","ascension_level":3}