{"gold_per_floor":[19,19,30,30,40,40,17,49,49,62,78,78,78,88,88,88],"floor_reached":16,"playtime":614,"items_purged":[],"score":179,"play_id":"0578f270-d7d7-4287-9c5e-043f44ccdd07","local_time":"20190116221401","is_ascension_mode":true,"campfire_choices":[{"data":"Neutralize","floor":6,"key":"SMITH"},{"data":"Blade Dance","floor":12,"key":"SMITH"},{"data":"Acrobatics","floor":15,"key":"SMITH"}],"neow_cost":"NO_GOLD","seed_source_timestamp":695558211039259,"circlet_count":0,"master_deck":["AscendersBane","Defend_G","Defend_G","Defend_G","Defend_G","Defend_G","Strike_G","Strike_G","Strike_G","Strike_G","Survivor","Neutralize+1","Metamorphosis+1","Deflect","Blade Dance+1","Backflip","Acrobatics+1","Backflip"],"relics":["Ring of the Snake","Ninja Scroll","Singing Bowl"],"potions_floor_usage":[8],"damage_taken":[{"damage":0,"enemies":"Small Slimes","floor":1,"turns":3},{"damage":4,"enemies":"Jaw Worm","floor":3,"turns":4},{"damage":0,"enemies":"Cultist","floor":5,"turns":3},{"damage":37,"enemies":"Gremlin Nob","floor":8,"turns":7},{"damage":1,"enemies":"Red Slaver","floor":10,"turns":4},{"damage":2,"enemies":"3 Louse","floor":11,"turns":3},{"damage":9,"enemies":"Exordium Thugs","floor":14,"turns":7},{"damage":22,"enemies":"The Guardian","floor":16,"turns":10}],"seed_played":"-6294713980597965925","potions_obtained":[{"floor":3,"key":"EssenceOfSteel"},{"floor":5,"key":"GhostInAJar"},{"floor":10,"key":"FearPotion"}],"is_trial":false,"path_per_floor":["M","?","M","?","M","R","$","E","T","M","M","R","?","M","R","B"],"character_chosen":"THE_SILENT","items_purchased":["Backflip"],"campfire_rested":0,"item_purchase_floors":[7],"current_hp_per_floor":[59,52,48,66,66,66,66,29,29,30,28,28,28,19,19,0],"gold":88,"neow_bonus":"RANDOM_COLORLESS_2","is_prod":false,"is_daily":false,"chose_seed":false,"campfire_upgraded":3,"win_rate":0,"timestamp":1547673241,"path_taken":["M","?","M","?","?","R","?","E","T","M","?","R","?","M","R","BOSS"],"build_version":"2019-01-10","purchased_purges":0,"victory":false,"max_hp_per_floor":[66,66,66,66,66,66,66,66,66,68,68,68,68,68,68,68],"card_choices":[{"not_picked":["Quick Slash","Blade Dance"],"picked":"Deflect","floor":1},{"not_picked":["Choke","Poisoned Stab","Sucker Punch"],"picked":"SKIP","floor":3},{"not_picked":["Endless Agony","Slice"],"picked":"Blade Dance","floor":5},{"not_picked":["Endless Agony","Expertise","Escape Plan"],"picked":"SKIP","floor":8},{"not_picked":["Phantasmal Killer","Dagger Spray","Flying Knee"],"picked":"Singing Bowl","floor":10},{"not_picked":["Backflip","Terror"],"picked":"Acrobatics","floor":11},{"not_picked":["Flying Knee","Backstab"],"picked":"Backflip","floor":14}],"player_experience":758572,"relics_obtained":[{"floor":8,"key":"Ninja Scroll"},{"floor":9,"key":"Singing Bowl"}],"event_choices":[{"cards_removed":["Strike_G"],"damage_healed":0,"gold_gain":0,"player_choice":"Card Removal","damage_taken":7,"max_hp_gain":0,"max_hp_loss":0,"event_name":"Golden Wing","floor":2,"gold_loss":0},{"cards_removed":["Madness"],"damage_healed":18,"gold_gain":0,"player_choice":"Offered Uncommon","damage_taken":0,"max_hp_gain":0,"max_hp_loss":0,"event_name":"Bonfire Elementals","floor":4,"gold_loss":0},{"damage_healed":0,"gold_gain":0,"player_choice":"Forge","damage_taken":0,"max_hp_gain":0,"max_hp_loss":0,"event_name":"Accursed Blacksmith","floor":13,"gold_loss":0,"cards_upgraded":["Metamorphosis"]}],"is_beta":false,"boss_relics":[],"items_purged_floors":[],"is_endless":false,"potions_floor_spawned":[3,5,10],"killed_by":"The Guardian","ascension_level":15}