{"gold_per_floor":[113,113,127,137,150,150,164,164,190,25,25,25,37,66,66,66],"floor_reached":16,"playtime":650,"items_purged":["Strike_R"],"score":204,"play_id":"fec660b1-e15c-4954-bfeb-0eea57d7bf6b","local_time":"20190224223440","is_ascension_mode":true,"campfire_choices":[{"data":"Bash","floor":6.0,"key":"SMITH"},{"data":"Iron Wave","floor":8.0,"key":"SMITH"},{"data":"Burning Pact","floor":15.0,"key":"SMITH"}],"neow_cost":"NONE","seed_source_timestamp":1472460111925554,"circlet_count":0,"master_deck":["AscendersBane","Strike_R","Strike_R","Strike_R","Strike_R","Defend_R","Defend_R","Defend_R+1","Defend_R","Bash+1","Iron Wave+1","Burning Pact+1","Flame Barrier+1","Dropkick","Evolve+1"],"special_seed":0,"relics":["Burning Blood","Centennial Puzzle","Strawberry","War Paint"],"potions_floor_usage":[16],"damage_taken":[{"damage":12.0,"enemies":"Jaw Worm","floor":1.0,"turns":3.0},{"damage":10.0,"enemies":"Small Slimes","floor":3.0,"turns":3.0},{"damage":1.0,"enemies":"Cultist","floor":4.0,"turns":3.0},{"damage":2.0,"enemies":"2 Fungi Beasts","floor":5.0,"turns":4.0},{"damage":30.0,"enemies":"Large Slime","floor":7.0,"turns":10.0},{"damage":16.0,"enemies":"Exordium Thugs","floor":13.0,"turns":8.0},{"damage":14.0,"enemies":"Lagavulin","floor":14.0,"turns":5.0},{"damage":46,"enemies":"Slime Boss","floor":16,"turns":8}],"seed_played":"-2172430340703605703","potions_obtained":[{"floor":1.0,"key":"Fire Potion"},{"floor":3.0,"key":"SpeedPotion"},{"floor":7.0,"key":"GamblersBrew"},{"floor":13.0,"key":"Energy Potion"}],"is_trial":false,"path_per_floor":["M","?","M","M","M","R","M","R","T","$","?","?","M","E","R","B"],"character_chosen":"IRONCLAD","items_purchased":["Evolve"],"campfire_rested":0,"item_purchase_floors":[10],"current_hp_per_floor":[62,62,58,63,67,67,43,43,50,50,50,50,40,32,32,0],"gold":66,"neow_bonus":"RANDOM_COMMON_RELIC","is_prod":false,"is_daily":false,"chose_seed":false,"campfire_upgraded":3,"win_rate":0,"timestamp":1551044080,"path_taken":["M","?","M","M","M","R","M","R","T","$","?","?","?","E","R","BOSS"],"build_version":"2019-01-23","purchased_purges":1,"victory":false,"max_hp_per_floor":[75,75,75,75,75,75,75,75,82,82,82,82,82,82,82,82],"card_choices":[{"not_picked":["Ghostly Armor","Thunderclap"],"picked":"Iron Wave","floor":1.0},{"not_picked":["Heavy Blade","Dropkick"],"picked":"Burning Pact","floor":3.0},{"not_picked":["Wild Strike","Whirlwind"],"picked":"Flame Barrier","floor":4.0},{"not_picked":["Second Wind","Havoc","Blood for Blood"],"picked":"SKIP","floor":5.0},{"not_picked":["Clash","Armaments"],"picked":"Dropkick","floor":7.0},{"not_picked":["Clash","Warcry","Twin Strike"],"picked":"SKIP","floor":13.0},{"not_picked":["Clash","Warcry","Twin Strike"],"picked":"SKIP","floor":13.0},{"not_picked":["Ghostly Armor","Disarm","Armaments"],"picked":"SKIP","floor":14.0}],"player_experience":896715,"relics_obtained":[{"floor":9.0,"key":"Strawberry"},{"floor":14.0,"key":"War Paint"}],"event_choices":[{"damage_healed":0.0,"max_hp_gain":0.0,"max_hp_loss":0.0,"gold_gain":0.0,"event_name":"Liars Game","player_choice":"Ignored","floor":2.0,"gold_loss":0.0,"damage_taken":0.0},{"damage_healed":0.0,"max_hp_gain":0.0,"max_hp_loss":0.0,"gold_gain":0.0,"event_name":"Shining Light","player_choice":"Ignored","floor":11.0,"gold_loss":0.0,"damage_taken":0.0},{"damage_healed":0.0,"max_hp_gain":0.0,"max_hp_loss":0.0,"gold_gain":0.0,"event_name":"Upgrade Shrine","player_choice":"Upgraded","floor":12.0,"gold_loss":0.0,"damage_taken":0.0,"cards_upgraded":["Evolve"]}],"is_beta":false,"boss_relics":[],"items_purged_floors":[10],"is_endless":false,"potions_floor_spawned":[1,3,7,13],"killed_by":"Slime Boss","ascension_level":20}