{"gold_per_floor":[109,109,124,139,139,139,150,150,203,221,238,268,268,25,25,25],"floor_reached":16,"playtime":373,"items_purged":["Strike_R"],"score":204,"play_id":"0763ad98-e558-45e3-818e-34e9d6f9ef5c","local_time":"20190303191952","is_ascension_mode":true,"campfire_choices":[{"data":"Inflame","floor":6,"key":"SMITH"},{"data":"Heavy Blade","floor":8,"key":"SMITH"},{"data":"True Grit","floor":15,"key":"SMITH"}],"neow_cost":"NONE","seed_source_timestamp":207111984510406,"circlet_count":0,"master_deck":["AscendersBane","Strike_R","Strike_R","Strike_R","Defend_R","Defend_R","Defend_R","Defend_R","Bash+1","Cleave","Inflame+1","Flame Barrier","Twin Strike","Heavy Blade+1","Seeing Red","True Grit+1"],"special_seed":0,"relics":["Burning Blood","Boot","Art of War","Potion Belt","Unceasing Top","Vajra"],"potions_floor_usage":[10,16],"damage_taken":[{"damage":3.0,"enemies":"2 Louse","floor":1.0,"turns":3.0},{"damage":1,"enemies":"Cultist","floor":3,"turns":3},{"damage":5,"enemies":"Small Slimes","floor":4,"turns":4},{"damage":13,"enemies":"Blue Slaver","floor":7,"turns":2},{"damage":0,"enemies":"3 Louse","floor":10,"turns":1},{"damage":0,"enemies":"2 Fungi Beasts","floor":11,"turns":2},{"damage":28,"enemies":"Lagavulin","floor":12,"turns":7},{"damage":53,"enemies":"Hexaghost","floor":16,"turns":9}],"seed_played":"6000830794452414693","potions_obtained":[{"floor":3,"key":"LiquidBronze"},{"floor":4,"key":"Explosive Potion"}],"is_trial":false,"path_per_floor":["M","?","M","M","?","R","M","R","T","M","M","E","?","$","R","B"],"character_chosen":"IRONCLAD","items_purchased":["Vajra"],"campfire_rested":0,"item_purchase_floors":[14],"current_hp_per_floor":[71,71,75,75,75,75,68,68,68,74,75,53,48,48,48,0],"gold":25,"neow_bonus":"RANDOM_COMMON_RELIC","is_prod":false,"is_daily":false,"chose_seed":false,"campfire_upgraded":3,"win_rate":0,"timestamp":1551637192,"path_taken":["M","?","M","?","?","R","?","R","T","M","M","E","?","$","R","BOSS"],"build_version":"2019-01-23","purchased_purges":1,"victory":false,"max_hp_per_floor":[75,75,75,75,75,75,75,75,75,75,75,75,75,75,75,75],"card_choices":[{"not_picked":["Anger","Sword Boomerang"],"picked":"Cleave","floor":1.0},{"not_picked":["Sentinel","Sword Boomerang"],"picked":"Flame Barrier","floor":3},{"not_picked":["Havoc","Carnage"],"picked":"Twin Strike","floor":4},{"not_picked":["Dual Wield","Flex"],"picked":"Heavy Blade","floor":7},{"not_picked":["Twin Strike","Demon Form"],"picked":"Seeing Red","floor":10},{"not_picked":["Wild Strike","Shrug It Off","Blood for Blood"],"picked":"SKIP","floor":11},{"not_picked":["Thunderclap","Entrench"],"picked":"True Grit","floor":12}],"player_experience":933847,"relics_obtained":[{"floor":9,"key":"Art of War"},{"floor":12,"key":"Potion Belt"}],"event_choices":[{"damage_healed":0,"gold_gain":0,"cards_transformed":["Strike_R"],"player_choice":"Transformed","damage_taken":0,"max_hp_gain":0,"max_hp_loss":0,"event_name":"Transmorgrifier","floor":2,"gold_loss":0,"cards_obtained":["Inflame"]},{"damage_healed":0,"gold_gain":0,"player_choice":"Forge","damage_taken":0,"max_hp_gain":0,"max_hp_loss":0,"event_name":"Accursed Blacksmith","floor":5,"gold_loss":0,"cards_upgraded":["Bash"]},{"damage_healed":0,"gold_gain":0,"player_choice":"Success","damage_taken":5,"relics_obtained":["Unceasing Top"],"max_hp_gain":0,"max_hp_loss":0,"event_name":"Scrap Ooze","floor":13,"gold_loss":0}],"is_beta":false,"boss_relics":[],"items_purged_floors":[14],"is_endless":false,"potions_floor_spawned":[3,4,7],"killed_by":"Hexaghost","ascension_level":20}