{"gold_per_floor":[111,60,60,78,78,78,78,113,113,133,149,149,163,142,142,266,266,284,284,309,325,325,363,363,132,158,87,118,139,139,152,152,152],"floor_reached":33,"playtime":1582,"items_purged":[],"score":308,"play_id":"ecda0b8b-9455-4eea-9b98-b64189c2f2ee","local_time":"20190630045824","is_ascension_mode":false,"campfire_choices":[{"floor":6,"key":"REST"},{"data":"Fusion","floor":12,"key":"SMITH"},{"data":"Static Discharge","floor":15,"key":"SMITH"},{"floor":24,"key":"REST"},{"floor":30,"key":"REST"},{"floor":32,"key":"REST"}],"neow_cost":"NONE","seed_source_timestamp":1422811896643969,"circlet_count":0,"master_deck":["Strike_B+1","Strike_B+1","Strike_B+1","Strike_B+1","Defend_B+1","Defend_B+1","Defend_B+1","Defend_B+1","Zap","Dualcast","Rebound","Ball Lightning","Injury","Fusion+1","Consume+1","Melter","Static Discharge+1","Multi-Cast+1","Glacier+1","Consume+1","Skim+1","Melter","Reboot+1","Jack Of All Trades+1","Reinforced Body+1","Conserve Battery+1"],"relics":["Cracked Core","NeowsBlessing","Bag of Preparation","Golden Idol","Boot","Toxic Egg 2","Black Star","Oddly Smooth Stone","Bottled Lightning","Kunai","PrismaticShard","Vajra","Blood Vial","Omamori"],"potions_floor_usage":[16,16,28,33,33],"damage_taken":[{"damage":0,"enemies":"Small Slimes","floor":1,"turns":1},{"damage":0,"enemies":"2 Louse","floor":4,"turns":1},{"damage":0,"enemies":"Lagavulin","floor":8,"turns":1},{"damage":6,"enemies":"Jaw Worm","floor":10,"turns":3},{"damage":2,"enemies":"Looter","floor":11,"turns":2},{"damage":24,"enemies":"Blue Slaver","floor":13,"turns":3},{"damage":19,"enemies":"Slime Boss","floor":16,"turns":8},{"damage":13,"enemies":"Chosen","floor":18,"turns":4},{"damage":2,"enemies":"3 Byrds","floor":21,"turns":5},{"damage":38,"enemies":"Book of Stabbing","floor":23,"turns":6},{"damage":32,"enemies":"Slavers","floor":28,"turns":5},{"damage":13,"enemies":"Shelled Parasite and Fungi","floor":29,"turns":5},{"damage":12,"enemies":"Snake Plant","floor":31,"turns":4},{"damage":53,"enemies":"Champ","floor":33,"turns":11}],"seed_played":"6953326368074939160","potions_obtained":[{"floor":8,"key":"Block Potion"},{"floor":10,"key":"SpeedPotion"},{"floor":11,"key":"Weak Potion"},{"floor":16,"key":"Swift Potion"},{"floor":23,"key":"LiquidBronze"},{"floor":29,"key":"PowerPotion"},{"floor":31,"key":"Dexterity Potion"}],"is_trial":false,"path_per_floor":["M","$","?","M","?","R","?","E","T","M","M","R","M","?","R","B",null,"M","?","T","M","?","E","R","$","T","$","E","M","R","M","R","B"],"character_chosen":"DEFECT","items_purchased":["Ball Lightning","PrismaticShard","Melter","Reboot+1"],"campfire_rested":4,"item_purchase_floors":[2,25,25,27],"current_hp_per_floor":[75,75,60,60,48,70,70,70,70,64,62,62,38,38,38,19,75,62,62,62,60,60,22,44,44,44,44,12,1,23,13,35,0],"gold":152,"neow_bonus":"THREE_ENEMY_KILL","is_prod":false,"is_daily":false,"chose_seed":false,"campfire_upgraded":2,"win_rate":0.0,"timestamp":1561885104,"path_taken":["M","$","?","M","?","R","?","E","T","M","?","R","M","?","R","BOSS","M","?","?","?","?","E","R","$","T","$","E","?","R","M","R","BOSS"],"build_version":"2019-01-23","purchased_purges":0,"victory":false,"max_hp_per_floor":[75,75,75,75,75,75,75,75,75,75,75,75,75,75,75,75,75,75,75,75,75,75,75,75,75,75,75,75,75,75,75,75,75],"card_choices":[{"not_picked":["Coolheaded","Turbo"],"picked":"Rebound","floor":1},{"not_picked":["Go for the Eyes","Steam","Turbo"],"picked":"SKIP","floor":4},{"not_picked":["Consume","Go for the Eyes"],"picked":"Fusion","floor":8},{"not_picked":["Compile Driver","Turbo+1"],"picked":"Consume+1","floor":10},{"not_picked":["Leap+1","Cold Snap"],"picked":"Melter","floor":11},{"not_picked":["Undo+1","Redo+1"],"picked":"Static Discharge","floor":13},{"not_picked":["Thunder Strike","Biased Cognition"],"picked":"Multi-Cast+1","floor":16},{"not_picked":["Leap+1","Reprogram+1"],"picked":"Glacier+1","floor":18},{"not_picked":["Barrage","Scrape"],"picked":"Consume+1","floor":21},{"not_picked":["Compile Driver","Go for the Eyes"],"picked":"Skim+1","floor":23},{"not_picked":["Capacitor","A Thousand Cuts"],"picked":"Jack Of All Trades+1","floor":28},{"not_picked":["Poisoned Stab+1","Trip+1"],"picked":"Reinforced Body+1","floor":29},{"not_picked":["Hemokinesis","Shrug It Off+1"],"picked":"Conserve Battery+1","floor":31}],"player_experience":44570,"relics_obtained":[{"floor":8,"key":"Boot"},{"floor":9,"key":"Toxic Egg 2"},{"floor":20,"key":"Oddly Smooth Stone"},{"floor":23,"key":"Bottled Lightning"},{"floor":23,"key":"Kunai"},{"floor":26,"key":"Vajra"},{"floor":28,"key":"Blood Vial"},{"floor":28,"key":"Omamori"}],"event_choices":[{"damage_healed":0,"gold_gain":0,"player_choice":"Entered Light","damage_taken":15,"max_hp_gain":0,"max_hp_loss":0,"event_name":"Shining Light","floor":3,"gold_loss":0,"cards_upgraded":["Defend_B","Strike_B"]},{"damage_healed":0,"gold_gain":0,"player_choice":"Success","damage_taken":12,"relics_obtained":["Bag of Preparation"],"max_hp_gain":0,"max_hp_loss":0,"event_name":"Scrap Ooze","floor":5,"gold_loss":0},{"damage_healed":0,"gold_gain":0,"player_choice":"Take Wound","damage_taken":0,"relics_obtained":["Golden Idol"],"max_hp_gain":0,"max_hp_loss":0,"event_name":"Golden Idol","floor":7,"gold_loss":0,"cards_obtained":["Injury"]},{"damage_healed":0,"gold_gain":0,"player_choice":"Left Gold","damage_taken":0,"max_hp_gain":0,"max_hp_loss":0,"event_name":"World of Goop","floor":14,"gold_loss":21},{"damage_healed":0,"gold_gain":0,"player_choice":"Simplicity","damage_taken":0,"max_hp_gain":0,"max_hp_loss":0,"event_name":"Back to Basics","floor":19,"gold_loss":0,"cards_upgraded":["Strike_B","Strike_B","Strike_B","Defend_B","Defend_B","Defend_B"]},{"cards_removed":["Defend_G"],"damage_healed":0,"gold_gain":0,"player_choice":"Took Card","damage_taken":0,"max_hp_gain":0,"max_hp_loss":0,"event_name":"NoteForYourself","floor":22,"gold_loss":0,"cards_obtained":["Defend_G"]}],"is_beta":false,"boss_relics":[{"not_picked":["Empty Cage","Ectoplasm"],"picked":"Black Star"}],"items_purged_floors":[],"is_endless":false,"potions_floor_spawned":[8,10,11,16,23,29,31],"killed_by":"Champ","ascension_level":0}