{"gold_per_floor":[114,114,28,47,67,67,87,87,87,119,137,137,102,119,119,119],"floor_reached":16,"playtime":441,"items_purged":[],"score":204,"play_id":"fe4130e1-b7f9-40b5-9de2-35be7b77373f","local_time":"20190713180422","is_ascension_mode":true,"campfire_choices":[{"data":"Armaments","floor":6,"key":"SMITH"},{"data":"Bash","floor":8,"key":"SMITH"},{"data":"Rupture","floor":15,"key":"SMITH"}],"neow_cost":"NONE","seed_source_timestamp":432929548563432,"circlet_count":0,"master_deck":["AscendersBane","Strike_R","Strike_R","Strike_R","Strike_R","Strike_R","Defend_R","Defend_R","Defend_R","Defend_R","Bash+1","Madness+1","Wild Strike","Whirlwind","Armaments+1","Combust","Metallicize","Rupture+1","Rupture"],"relics":["Burning Blood","The Courier","Gremlin Horn"],"potions_floor_usage":[10,11],"damage_taken":[{"damage":5,"enemies":"Small Slimes","floor":1,"turns":3},{"damage":6,"enemies":"Cultist","floor":4,"turns":3},{"damage":0,"enemies":"2 Louse","floor":5,"turns":1},{"damage":7,"enemies":"Large Slime","floor":7,"turns":4},{"damage":55,"enemies":"Gremlin Nob","floor":10,"turns":5},{"damage":13,"enemies":"3 Louse","floor":11,"turns":2},{"damage":6,"enemies":"Exordium Wildlife","floor":14,"turns":3},{"damage":37,"enemies":"The Guardian","floor":16,"turns":7}],"seed_played":"-4482050479482287554","potions_obtained":[{"floor":4,"key":"Dexterity Potion"},{"floor":7,"key":"Strength Potion"},{"floor":10,"key":"BloodPotion"}],"is_trial":false,"path_per_floor":["M","?","$","M","M","R","M","R","T","E","M","?","?","M","R","B"],"character_chosen":"IRONCLAD","items_purchased":["Whirlwind"],"campfire_rested":0,"item_purchase_floors":[3],"current_hp_per_floor":[69,69,69,69,75,75,74,74,74,25,36,36,36,36,36,0],"gold":119,"neow_bonus":"RANDOM_COLORLESS","is_prod":false,"is_daily":false,"chose_seed":false,"campfire_upgraded":3,"win_rate":0,"timestamp":1563008662,"path_taken":["M","?","$","M","M","R","?","R","T","E","M","?","?","M","R","BOSS"],"build_version":"2019-07-05","purchased_purges":0,"victory":false,"max_hp_per_floor":[75,75,75,75,75,75,75,75,75,75,75,75,75,75,75,75],"card_choices":[{"not_picked":["Seeing Red","Dual Wield"],"picked":"Wild Strike","floor":1},{"not_picked":["Thunderclap","Flex"],"picked":"Armaments","floor":4},{"not_picked":["Thunderclap","Dropkick","Wild Strike"],"picked":"SKIP","floor":5},{"not_picked":["Clothesline","Thunderclap"],"picked":"Combust","floor":7},{"not_picked":["Combust","Dual Wield"],"picked":"Metallicize","floor":10},{"not_picked":["Heavy Blade","Twin Strike"],"picked":"Rupture","floor":11},{"not_picked":["Perfected Strike","Double Tap"],"picked":"Rupture","floor":14}],"player_experience":978470,"relics_obtained":[{"floor":9,"key":"The Courier"},{"floor":10,"key":"Gremlin Horn"}],"event_choices":[{"damage_healed":0,"gold_gain":0,"player_choice":"Forge","damage_taken":0,"max_hp_gain":0,"max_hp_loss":0,"event_name":"Accursed Blacksmith","floor":2,"gold_loss":0,"cards_upgraded":["Madness"]},{"damage_healed":0,"gold_gain":0,"player_choice":"Ignored","damage_taken":0,"max_hp_gain":0,"max_hp_loss":0,"event_name":"Shining Light","floor":12,"gold_loss":0},{"damage_healed":0,"gold_gain":0,"player_choice":"Left Gold","damage_taken":0,"max_hp_gain":0,"max_hp_loss":0,"event_name":"World of Goop","floor":13,"gold_loss":35}],"is_beta":false,"boss_relics":[],"items_purged_floors":[],"is_endless":false,"potions_floor_spawned":[4,7,10],"killed_by":"The Guardian","ascension_level":20}