{"path_per_floor":["M","$","?","$","?","E","?","E","T","R","E","M","R","M","R","B",null,"M","?","M","M"],"character_chosen":"THE_SILENT","items_purchased":["Noxious Fumes"],"gold_per_floor":[109,39,39,39,39,66,66,101,128,128,155,168,168,178,178,283,283,302,302,322,339],"floor_reached":22,"campfire_rested":0,"playtime":772,"current_hp_per_floor":[63,63,56,56,56,56,44,44,44,44,30,30,30,30,30,28,57,44,44,32,6],"items_purged":[],"gold":339,"score":391,"play_id":"f1c740fc-e4ca-424c-a239-bb8b15506abc","local_time":"20180317185535","is_prod":false,"is_daily":false,"is_ascension_mode":true,"campfire_upgraded":3,"timestamp":1521309335,"path_taken":["M","$","?","$","?","E","?","E","T","R","E","M","R","M","R","BOSS","M","?","?","M","M"],"build_version":"2018-03-15v2","purchased_purges":0,"victory":false,"master_deck":["Defend_G","Defend_G","Defend_G","Defend_G","Defend_G+1","Strike_G","Strike_G","Strike_G","Strike_G","Survivor+1","Neutralize+1","Noxious Fumes+1","Noxious Fumes+1","Dagger Throw","Night Terror","Catalyst","PiercingWail+1"],"max_hp_per_floor":[70,70,67,67,67,67,67,67,67,67,67,67,67,67,67,67,67,67,67,67,67],"relics":["Ring of the Snake","NeowsBlessing","Tough Bandages","Orichalcum","Dream Catcher","Bag of Marbles","War Paint","Cursed Key"],"card_choices":[{"not_picked":["All Out Attack","Dash"],"picked":"Noxious Fumes"},{"not_picked":["Acrobatics","Underhanded Strike"],"picked":"Dagger Throw"},{"not_picked":["Wraith Form","Envenom"],"picked":"Night Terror"},{"not_picked":["Slice","Quick Slash"],"picked":"Catalyst"},{"not_picked":["Terror","Flying Knee"],"picked":"PiercingWail"}],"player_experience":411396,"potions_floor_usage":[16,16,20,21],"damage_taken":[{"damage":0,"enemies":"Small Slimes","floor":1,"turns":1},{"damage":0,"enemies":"Lagavulin","floor":6,"turns":1},{"damage":0,"enemies":"3 Sentries","floor":8,"turns":2},{"damage":14,"enemies":"Gremlin Nob","floor":11,"turns":5},{"damage":0,"enemies":"Jaw Worm","floor":12,"turns":3},{"damage":0,"enemies":"Cultist","floor":14,"turns":3},{"damage":14,"enemies":"Slime Boss","floor":16,"turns":9},{"damage":13,"enemies":"Shell Parasite","floor":18,"turns":6},{"damage":12,"enemies":"Chosen","floor":20,"turns":5},{"damage":26,"enemies":"Centurion and Healer","floor":21,"turns":6},{"damage":10,"enemies":"Snake Plant","floor":22,"turns":2}],"event_choices":[{"event_name":"Golden Wing","player_choice":"Card Removal","floor":3,"damage_taken":0},{"event_name":"Bonfire Elementals","player_choice":"BASIC","floor":5,"damage_taken":0},{"event_name":"Scrap Ooze","player_choice":"success","floor":7,"damage_taken":12},{"event_name":"Drug Dealer","player_choice":"Ignored","floor":19,"damage_taken":0}],"boss_relics":[{"not_picked":["Black Star","Orrery"],"picked":"Cursed Key"}],"potions_floor_spawned":[1,6,14,16,20],"seed_played":"8125231291172674080","killed_by":"Snake Plant","ascension_level":11,"is_trial":false}