{"gold_per_floor":[117,132,132,132,132,132,157,170,196,26,26,26,60,60,60,183,246,270,270,26,49,74,74,74,74,74,88,111,136,148,181,193,205],"floor_reached":33,"playtime":1106,"items_purged":[],"score":245,"play_id":"478a7336-5b0f-4213-a44e-1c42c1f0cdb1","local_time":"20190712144800","is_ascension_mode":false,"campfire_choices":[{"floor":6,"key":"REST"},{"floor":11,"key":"REST"},{"data":"Defragment","floor":15,"key":"SMITH"},{"data":"Creative AI","floor":23,"key":"SMITH"},{"data":"Dualcast","floor":25,"key":"SMITH"},{"data":"Chaos","floor":32,"key":"SMITH"}],"neow_cost":"NONE","seed_source_timestamp":94445237418881,"circlet_count":0,"master_deck":["Strike_B+1","Strike_B+1","Defend_B+1","Defend_B+1","Defend_B+1","Defend_B+1","Zap+1","Dualcast+1","Chaos","Genetic Algorithm","Leap","Lockon","Defragment+1","Lockon","Leap","Conserve Battery","Creative AI+1","Cold Snap","Rebound+1","Chaos+1","Coolheaded+1","Rebound+1","Conserve Battery+1","BootSequence"],"relics":["Cracked Core","Boot","Golden Idol","Happy Flower","FossilizedHelix","Tiny House","Membership Card","Vajra","MawBank"],"potions_floor_usage":[31,33,33,33],"damage_taken":[{"damage":9,"enemies":"2 Louse","floor":1,"turns":2},{"damage":2,"enemies":"Small Slimes","floor":2,"turns":3},{"damage":5,"enemies":"Cultist","floor":7,"turns":4},{"damage":14,"enemies":"Lots of Slimes","floor":8,"turns":6},{"damage":27,"enemies":"3 Sentries","floor":13,"turns":8},{"damage":14,"enemies":"The Guardian","floor":16,"turns":13},{"damage":0,"enemies":"Spheric Guardian","floor":18,"turns":6},{"damage":0,"enemies":"Chosen","floor":21,"turns":4},{"damage":13,"enemies":"Snake Plant","floor":22,"turns":6},{"damage":3,"enemies":"Sentry and Sphere","floor":27,"turns":6},{"damage":5,"enemies":"Centurion and Healer","floor":28,"turns":8},{"damage":10,"enemies":"Shelled Parasite and Fungi","floor":31,"turns":9},{"damage":70,"enemies":"Collector","floor":33,"turns":7}],"seed_played":"5951722255945942257","potions_obtained":[{"floor":1,"key":"SkillPotion"},{"floor":8,"key":"GamblersBrew"},{"floor":17,"key":"Regen Potion"},{"floor":21,"key":"PowerPotion"},{"floor":31,"key":"Swift Potion"}],"is_trial":false,"path_per_floor":["M","M","?","?","?","R","M","M","T","$","R","$","E","?","R","B",null,"M","?","$","M","M","R","?","R","T","M","M","T","?","M","R","B"],"character_chosen":"DEFECT","items_purchased":["Defragment","Lockon","Leap","Membership Card","Chaos"],"campfire_rested":2,"item_purchase_floors":[10,10,10,20,20],"current_hp_per_floor":[66,64,57,39,39,61,56,42,42,42,64,64,37,42,42,28,85,85,85,85,85,72,72,72,72,72,69,64,64,64,69,69,0],"gold":205,"neow_bonus":"UPGRADE_CARD","is_prod":false,"is_daily":false,"chose_seed":false,"campfire_upgraded":4,"win_rate":0.0,"timestamp":1562960880,"path_taken":["M","M","?","?","?","R","?","M","T","$","R","?","E","?","R","BOSS","M","?","$","M","?","R","?","R","T","M","M","?","?","M","R","BOSS"],"build_version":"2019-07-05","purchased_purges":0,"victory":false,"max_hp_per_floor":[75,75,75,75,75,75,75,75,75,75,75,75,75,80,80,80,85,85,85,85,85,85,85,85,85,85,85,85,85,85,85,85,85],"card_choices":[{"not_picked":["Reprogram","Beam Cell"],"picked":"Chaos","floor":1},{"not_picked":["BootSequence","Ball Lightning"],"picked":"Genetic Algorithm","floor":2},{"not_picked":["Double Energy","Recycle"],"picked":"Leap","floor":7},{"not_picked":["Doom and Gloom","Scrape"],"picked":"Lockon","floor":8},{"not_picked":["Sweeping Beam","Tempest"],"picked":"Conserve Battery","floor":13},{"not_picked":["Hyperbeam","Thunder Strike"],"picked":"Creative AI","floor":16},{"not_picked":["Redo","Leap"],"picked":"Cold Snap","floor":17},{"not_picked":["Reprogram","Gash+1"],"picked":"Rebound+1","floor":18},{"not_picked":["Force Field","Steam"],"picked":"Coolheaded+1","floor":21},{"not_picked":["Redo","Heatsinks"],"picked":"Rebound+1","floor":22},{"not_picked":["Steam","Beam Cell","White Noise"],"picked":"SKIP","floor":27},{"not_picked":["Turbo","Blizzard"],"picked":"Conserve Battery+1","floor":28},{"not_picked":["Ball Lightning","Recycle+1"],"picked":"BootSequence","floor":31}],"player_experience":80403,"relics_obtained":[{"floor":9,"key":"Happy Flower"},{"floor":13,"key":"FossilizedHelix"},{"floor":26,"key":"Vajra"},{"floor":29,"key":"MawBank"}],"event_choices":[{"damage_healed":0,"gold_gain":0,"player_choice":"Success","damage_taken":7,"relics_obtained":["Boot"],"max_hp_gain":0,"max_hp_loss":0,"event_name":"Scrap Ooze","floor":3,"gold_loss":0},{"damage_healed":0,"gold_gain":0,"player_choice":"Take Damage","damage_taken":18,"relics_obtained":["Golden Idol"],"max_hp_gain":0,"max_hp_loss":0,"event_name":"Golden Idol","floor":4,"gold_loss":0},{"cards_removed":["Strike_B"],"damage_healed":0,"gold_gain":0,"player_choice":"Purged","damage_taken":0,"max_hp_gain":0,"max_hp_loss":0,"event_name":"Purifier","floor":5,"gold_loss":0},{"damage_healed":0,"gold_gain":0,"player_choice":"Donut","damage_taken":0,"max_hp_gain":5,"max_hp_loss":0,"event_name":"Big Fish","floor":14,"gold_loss":0},{"cards_removed":["Strike_B"],"damage_healed":0,"gold_gain":0,"player_choice":"Purged","damage_taken":0,"max_hp_gain":0,"max_hp_loss":0,"event_name":"Purifier","floor":19,"gold_loss":0},{"damage_healed":0,"gold_gain":0,"player_choice":"Ignored","damage_taken":0,"max_hp_gain":0,"max_hp_loss":0,"event_name":"Vampires","floor":24,"gold_loss":0},{"damage_healed":0,"gold_gain":0,"player_choice":"Simplicity","damage_taken":0,"max_hp_gain":0,"max_hp_loss":0,"event_name":"Back to Basics","floor":30,"gold_loss":0,"cards_upgraded":["Strike_B","Strike_B","Defend_B","Defend_B","Defend_B"]}],"is_beta":false,"boss_relics":[{"not_picked":["Coffee Dripper","Orrery"],"picked":"Tiny House"}],"items_purged_floors":[],"is_endless":false,"potions_floor_spawned":[1,8,21,31],"killed_by":"Collector","ascension_level":0}