{"gold_per_floor":[112,112,57,57,73,73,86,86,86,112,141,25,43,43,43,43],"floor_reached":16,"playtime":417,"items_purged":["Defend_R"],"score":196,"play_id":"7b3b076f-1e74-4428-833f-5c5e7314671d","local_time":"20190306202515","is_ascension_mode":true,"campfire_choices":[{"data":"Bash","floor":6.0,"key":"SMITH"},{"data":"True Grit","floor":8.0,"key":"SMITH"},{"data":"Dark Embrace","floor":15,"key":"SMITH"}],"neow_cost":"TEN_PERCENT_HP_LOSS","seed_source_timestamp":130568011379734,"circlet_count":0,"master_deck":["AscendersBane","Strike_R+1","Strike_R+1","Strike_R","Defend_R","Defend_R","Bash+1","Combust","Dark Embrace+1","Battle Trance","True Grit+1","Power Through","Iron Wave"],"special_seed":0,"relics":["Burning Blood","Mercury Hourglass","Whetstone","Odd Mushroom"],"potions_floor_usage":[],"damage_taken":[{"damage":12.0,"enemies":"Small Slimes","floor":1.0,"turns":3.0},{"damage":9.0,"enemies":"2 Louse","floor":5.0,"turns":4.0},{"damage":3.0,"enemies":"Jaw Worm","floor":7.0,"turns":4.0},{"damage":15.0,"enemies":"Lagavulin","floor":10.0,"turns":4.0},{"damage":8,"enemies":"The Mushroom Lair","floor":11,"turns":3},{"damage":1,"enemies":"2 Fungi Beasts","floor":13,"turns":2},{"damage":52,"enemies":"Hexaghost","floor":16,"turns":7}],"seed_played":"1507881620851747594","potions_obtained":[{"floor":1.0,"key":"AttackPotion"},{"floor":11,"key":"LiquidBronze"},{"floor":13,"key":"Dexterity Potion"}],"is_trial":false,"path_per_floor":["M","?","$","?","M","R","M","R","T","E","?","$","M","$","R","B"],"character_chosen":"IRONCLAD","items_purchased":["True Grit","Power Through"],"campfire_rested":0,"item_purchase_floors":[3,12],"current_hp_per_floor":[62,62,62,55,52,52,55,55,55,46,44,44,49,49,49,0],"gold":43,"neow_bonus":"TRANSFORM_TWO_CARDS","is_prod":false,"is_daily":false,"chose_seed":false,"campfire_upgraded":3,"win_rate":0,"timestamp":1551900315,"path_taken":["M","?","$","?","M","R","M","R","T","E","?","?","M","$","R","BOSS"],"build_version":"2019-01-23","purchased_purges":1,"victory":false,"max_hp_per_floor":[68,68,68,68,68,68,68,68,68,68,68,68,68,68,68,68],"card_choices":[{"not_picked":["Headbutt","Warcry"],"picked":"Battle Trance","floor":1.0},{"not_picked":["Wild Strike","True Grit","Heavy Blade"],"picked":"SKIP","floor":5.0},{"not_picked":["True Grit","Burning Pact","Clothesline"],"picked":"SKIP","floor":7.0},{"not_picked":["Clash","Juggernaut","Feed"],"picked":"SKIP","floor":10.0},{"not_picked":["Dropkick","Disarm"],"picked":"Iron Wave","floor":13}],"player_experience":947249,"relics_obtained":[{"floor":9.0,"key":"Mercury Hourglass"},{"floor":10.0,"key":"Whetstone"},{"floor":11,"key":"Odd Mushroom"}],"event_choices":[{"damage_healed":0.0,"max_hp_gain":0.0,"max_hp_loss":0.0,"gold_gain":0.0,"event_name":"Liars Game","player_choice":"Ignored","floor":2.0,"gold_loss":0.0,"damage_taken":0.0},{"cards_removed":["Strike_R"],"damage_healed":0.0,"max_hp_gain":0.0,"max_hp_loss":0.0,"gold_gain":0.0,"event_name":"Golden Wing","player_choice":"Card Removal","floor":4.0,"gold_loss":0.0,"damage_taken":7.0},{"damage_healed":0,"gold_gain":0,"player_choice":"Fought Mushrooms","damage_taken":0,"max_hp_gain":0,"max_hp_loss":0,"event_name":"Mushrooms","floor":11,"gold_loss":0}],"is_beta":false,"boss_relics":[],"items_purged_floors":[12],"is_endless":false,"potions_floor_spawned":[1,11,13],"killed_by":"Hexaghost","ascension_level":20}