{"gold_per_floor":[359,359,41,59,59,59,59,59,114,114,127,127,143,173,185,197],"floor_reached":16,"playtime":437,"items_purged":[],"score":196,"play_id":"8cf23bcd-0568-4d5c-9791-3d7fbc8b878f","local_time":"20190227170523","is_ascension_mode":true,"campfire_choices":[{"data":"True Grit","floor":6,"key":"SMITH"},{"data":"Bash","floor":10,"key":"SMITH"},{"data":"Battle Trance","floor":12,"key":"SMITH"},{"floor":15,"key":"REST"}],"neow_cost":"TEN_PERCENT_HP_LOSS","seed_source_timestamp":68861067507207,"circlet_count":0,"master_deck":["AscendersBane","Strike_R","Strike_R","Strike_R","Strike_R","Strike_R","Defend_R","Defend_R","Defend_R","Defend_R","Bash+1","Battle Trance+1","True Grit+1","Headbutt","Ghostly Armor"],"relics":["Burning Blood","Dead Branch","Unceasing Top","Tiny Chest","MawBank"],"potions_floor_usage":[],"damage_taken":[{"damage":10,"enemies":"Small Slimes","floor":1,"turns":3},{"damage":10,"enemies":"Jaw Worm","floor":4,"turns":2},{"damage":2,"enemies":"Cultist","floor":11,"turns":4},{"damage":0,"enemies":"Large Slime","floor":13,"turns":5},{"damage":28,"enemies":"3 Sentries","floor":14,"turns":7},{"damage":67,"enemies":"The Guardian","floor":16,"turns":9}],"seed_played":"5423964631084891374","potions_obtained":[{"floor":4,"key":"Energy Potion"},{"floor":11,"key":"FearPotion"}],"is_trial":false,"path_per_floor":["M","?","$","M","$","R","T","?","T","R","M","R","M","E","R","B"],"character_chosen":"IRONCLAD","items_purchased":["Dead Branch"],"campfire_rested":1,"item_purchase_floors":[3],"current_hp_per_floor":[64,64,64,60,60,60,60,68,68,68,68,68,68,46,66,0],"gold":197,"neow_bonus":"TWO_FIFTY_GOLD","is_prod":false,"is_daily":false,"chose_seed":false,"campfire_upgraded":3,"win_rate":0,"timestamp":1551283523,"path_taken":["M","?","$","M","$","R","?","?","T","R","M","R","?","E","R","BOSS"],"build_version":"2019-01-23","purchased_purges":0,"victory":false,"max_hp_per_floor":[68,68,68,68,68,68,68,68,68,68,68,68,68,68,68,68],"card_choices":[{"not_picked":["Wild Strike","True Grit"],"picked":"Battle Trance","floor":1},{"not_picked":["Entrench","Shrug It Off"],"picked":"True Grit","floor":4},{"not_picked":["Pommel Strike","Battle Trance"],"picked":"Headbutt","floor":11},{"not_picked":["Cleave","Anger","Warcry"],"picked":"SKIP","floor":13},{"not_picked":["Pommel Strike","Havoc"],"picked":"Ghostly Armor","floor":14}],"player_experience":910851,"relics_obtained":[{"floor":7,"key":"Unceasing Top"},{"floor":9,"key":"Tiny Chest"},{"floor":14,"key":"MawBank"}],"event_choices":[{"damage_healed":0,"gold_gain":0,"player_choice":"Ignored","damage_taken":0,"max_hp_gain":0,"max_hp_loss":0,"event_name":"Liars Game","floor":2,"gold_loss":0},{"damage_healed":8,"gold_gain":0,"player_choice":"Full Heal","damage_taken":0,"max_hp_gain":0,"max_hp_loss":0,"event_name":"Wheel of Change","floor":8,"gold_loss":0}],"is_beta":false,"boss_relics":[],"items_purged_floors":[],"is_endless":false,"potions_floor_spawned":[4,11],"killed_by":"The Guardian","ascension_level":20}