{"gold_per_floor":[119,131,149,168,180,214,231,242,288,288,308,308,308,383,383,484,484,503,516,516,370,370,370],"floor_reached":23,"playtime":778,"items_purged":["Strike_B"],"score":207,"play_id":"7fa6158f-e780-4a3d-a27e-b42bcb32a39e","local_time":"20190723180206","is_ascension_mode":true,"campfire_choices":[{"data":"Zap","floor":10,"key":"SMITH"},{"data":"Genetic Algorithm","floor":13,"key":"SMITH"},{"floor":15,"key":"REST"}],"neow_cost":"NONE","seed_source_timestamp":1056861462934096,"circlet_count":0,"master_deck":["Strike_B","Strike_B","Strike_B","Defend_B","Defend_B","Defend_B","Defend_B","Zap+1","Dualcast+1","Gash","BootSequence","Steam Power","Auto Shields","Doom and Gloom","Biased Cognition","Cold Snap","Beam Cell","Loop","Hologram+1","Genetic Algorithm+1","Gash","Biased Cognition","Storm","Defragment","Writhe"],"relics":["Cracked Core","Prayer Wheel","Gremlin Horn","Busted Crown","War Paint"],"potions_floor_usage":[5,16,16,16,20,23],"damage_taken":[{"damage":0,"enemies":"Cultist","floor":1,"turns":4},{"damage":7,"enemies":"Small Slimes","floor":2,"turns":3},{"damage":0,"enemies":"2 Louse","floor":3,"turns":2},{"damage":5,"enemies":"Exordium Wildlife","floor":4,"turns":4},{"damage":0,"enemies":"Lots of Slimes","floor":5,"turns":3},{"damage":30,"enemies":"Gremlin Nob","floor":6,"turns":4},{"damage":0,"enemies":"2 Fungi Beasts","floor":7,"turns":3},{"damage":0,"enemies":"Exordium Wildlife","floor":8,"turns":2},{"damage":3,"enemies":"Red Slaver","floor":11,"turns":3},{"damage":41,"enemies":"The Guardian","floor":16,"turns":11},{"damage":19,"enemies":"Spheric Guardian","floor":18,"turns":6},{"damage":9,"enemies":"2 Thieves","floor":19,"turns":3},{"damage":17,"enemies":"Shelled Parasite and Fungi","floor":20,"turns":4},{"damage":37,"enemies":"Slavers","floor":23,"turns":3}],"seed_played":"8787753287925687664","potions_obtained":[{"floor":0,"key":"SteroidPotion"},{"floor":0,"key":"Ancient Potion"},{"floor":0,"key":"Swift Potion"},{"floor":1,"key":"Explosive Potion"},{"floor":2,"key":"LiquidBronze"},{"floor":5,"key":"Dexterity Potion"},{"floor":18,"key":"SmokeBomb"},{"floor":19,"key":"Explosive Potion"}],"is_trial":false,"path_per_floor":["M","M","M","M","M","E","M","M","T","R","M","?","R","?","R","B",null,"M","M","M","$","?","E"],"character_chosen":"DEFECT","items_purchased":["Defragment"],"campfire_rested":1,"item_purchase_floors":[21],"current_hp_per_floor":[75,68,68,63,63,33,33,33,33,33,30,30,30,23,45,4,75,56,47,30,30,30,0],"gold":370,"neow_bonus":"THREE_SMALL_POTIONS","is_prod":false,"is_daily":false,"chose_seed":false,"campfire_upgraded":2,"win_rate":0,"timestamp":1563922926,"path_taken":["M","M","M","M","?","E","?","M","T","R","M","?","R","?","R","BOSS","M","M","M","$","?","E"],"build_version":"2019-07-17","purchased_purges":1,"victory":false,"max_hp_per_floor":[75,75,75,75,75,75,75,75,75,75,75,75,75,75,75,75,75,75,75,75,75,75,75],"card_choices":[{"not_picked":["Force Field","Blizzard"],"picked":"Gash","floor":1},{"not_picked":["Beam Cell","Stack"],"picked":"BootSequence","floor":2},{"not_picked":["Redo","Stack"],"picked":"Steam Power","floor":3},{"not_picked":["Turbo","FTL"],"picked":"Auto Shields","floor":4},{"not_picked":["Undo","Compile Driver"],"picked":"Doom and Gloom","floor":5},{"not_picked":["Rip and Tear","Ball Lightning"],"picked":"Biased Cognition","floor":6},{"not_picked":["Coolheaded","Reinforced Body"],"picked":"Cold Snap","floor":7},{"not_picked":["Compile Driver","Meteor Strike"],"picked":"Beam Cell","floor":7},{"not_picked":["Beam Cell","Stack"],"picked":"Loop","floor":8},{"not_picked":["Reinforced Body","Beam Cell"],"picked":"Hologram","floor":8},{"not_picked":["Sweeping Beam","Leap"],"picked":"Genetic Algorithm","floor":11},{"not_picked":["Leap","Go for the Eyes"],"picked":"Gash","floor":11},{"not_picked":["Creative AI","Rainbow"],"picked":"Biased Cognition","floor":16},{"not_picked":["Stack+1"],"picked":"SKIP","floor":18},{"not_picked":["Stack"],"picked":"SKIP","floor":18},{"not_picked":[],"picked":"Storm","floor":19},{"not_picked":["BootSequence"],"picked":"SKIP","floor":19}],"player_experience":122064,"relics_obtained":[{"floor":6,"key":"Prayer Wheel"}],"event_choices":[{"damage_healed":0,"gold_gain":0,"player_choice":"Searched \u00271\u0027 times","damage_taken":0,"relics_obtained":["Gremlin Horn"],"max_hp_gain":0,"max_hp_loss":0,"event_name":"Dead Adventurer","floor":12,"gold_loss":0},{"damage_healed":0,"gold_gain":75,"player_choice":"Touch","damage_taken":7,"max_hp_gain":0,"max_hp_loss":0,"event_name":"FaceTrader","floor":14,"gold_loss":0},{"damage_healed":0,"gold_gain":0,"player_choice":"Opened","damage_taken":0,"relics_obtained":["War Paint"],"max_hp_gain":0,"max_hp_loss":0,"event_name":"The Mausoleum","floor":22,"gold_loss":0,"cards_obtained":["Writhe"]}],"is_beta":false,"boss_relics":[{"not_picked":["Astrolabe","Lizard Tail"],"picked":"Busted Crown"}],"items_purged_floors":[21],"is_endless":false,"potions_floor_spawned":[1,2,3,5,18,19],"killed_by":"Slavers","ascension_level":1}