{"gold_per_floor":[111,111,122,135,115,115,140,160,160,85,85,101,101,121,121,198,198,216,216,281,331,342,342,342],"floor_reached":24,"playtime":721,"items_purged":["Strike_R"],"score":446,"play_id":"ae4ce076-02a0-43b7-aba9-c2ee46033e0e","local_time":"20190308204906","is_ascension_mode":true,"campfire_choices":[{"data":"Bash","floor":6.0,"key":"SMITH"},{"data":"Demon Form","floor":13.0,"key":"SMITH"},{"data":"Heavy Blade","floor":15.0,"key":"SMITH"},{"data":"Inflame","floor":23,"key":"SMITH"}],"neow_cost":"TEN_PERCENT_HP_LOSS","seed_source_timestamp":8832181677625,"circlet_count":0,"master_deck":["AscendersBane","Strike_R","Strike_R","Strike_R","Strike_R","Defend_R","Defend_R","Defend_R","Defend_R","Bash+1","Demon Form+1","Cleave","Shrug It Off","Heavy Blade+1","Battle Trance","Heavy Blade","Inflame+1"],"special_seed":0,"relics":["Burning Blood","Meat on the Bone","Blue Candle","Velvet Choker","SsserpentHead"],"potions_floor_usage":[20,22],"damage_taken":[{"damage":16.0,"enemies":"Jaw Worm","floor":1.0,"turns":4.0},{"damage":6.0,"enemies":"Cultist","floor":3.0,"turns":3.0},{"damage":10.0,"enemies":"Small Slimes","floor":4.0,"turns":4.0},{"damage":35.0,"enemies":"Lagavulin","floor":7.0,"turns":6.0},{"damage":0.0,"enemies":"Gremlin Gang","floor":8.0,"turns":2.0},{"damage":18.0,"enemies":"Red Slaver","floor":12.0,"turns":3.0},{"damage":12.0,"enemies":"Exordium Wildlife","floor":14.0,"turns":4.0},{"damage":45.0,"enemies":"The Guardian","floor":16.0,"turns":11.0},{"damage":36,"enemies":"Shell Parasite","floor":18,"turns":4},{"damage":28,"enemies":"2 Thieves","floor":20,"turns":4},{"damage":33,"enemies":"Snake Plant","floor":22,"turns":4},{"damage":20,"enemies":"Chosen and Byrds","floor":24,"turns":3}],"seed_played":"-1505976759617560617","potions_obtained":[{"floor":4.0,"key":"SteroidPotion"},{"floor":5.0,"key":"Explosive Potion"},{"floor":16.0,"key":"Explosive Potion"},{"floor":21,"key":"BloodPotion"},{"floor":21,"key":"SpeedPotion"},{"floor":22,"key":"SpeedPotion"}],"is_trial":false,"path_per_floor":["M","?","M","M","?","R","E","M","T","$","?","M","R","M","R","B",null,"M","?","M","?","M","R","M"],"character_chosen":"IRONCLAD","items_purchased":[],"campfire_rested":0,"item_purchase_floors":[],"current_hp_per_floor":[58,58,58,54,54,54,25,43,43,43,43,43,43,49,49,22,57,39,39,29,29,20,20,0],"gold":342,"neow_bonus":"THREE_RARE_CARDS","is_prod":false,"is_daily":false,"chose_seed":false,"campfire_upgraded":4,"win_rate":0,"timestamp":1552074546,"path_taken":["M","?","M","?","?","R","E","?","T","?","?","M","R","M","R","BOSS","M","?","?","?","M","R","M"],"build_version":"2019-01-23","purchased_purges":1,"victory":false,"max_hp_per_floor":[68,68,68,68,68,68,68,68,68,68,68,68,68,68,68,68,68,68,68,68,68,68,68,68],"card_choices":[{"not_picked":["Barricade","Immolate"],"picked":"Demon Form","floor":0.0},{"not_picked":["Anger","Clash","Disarm"],"picked":"SKIP","floor":1.0},{"not_picked":["Armaments","Twin Strike"],"picked":"Shrug It Off","floor":3.0},{"not_picked":["Combust","Warcry"],"picked":"Heavy Blade","floor":4.0},{"not_picked":["Shrug It Off","Searing Blow","Pommel Strike"],"picked":"SKIP","floor":7.0},{"not_picked":["True Grit","Wild Strike","Power Through"],"picked":"SKIP","floor":8.0},{"not_picked":["Rage","True Grit","Clothesline"],"picked":"SKIP","floor":12.0},{"not_picked":["Impervious","Anger","Armaments"],"picked":"SKIP","floor":14.0},{"not_picked":["Shrug It Off","Sword Boomerang"],"picked":"Battle Trance","floor":18},{"not_picked":["Flame Barrier","Dual Wield"],"picked":"Heavy Blade","floor":20},{"not_picked":["Carnage","Armaments"],"picked":"Inflame","floor":22}],"player_experience":956308,"relics_obtained":[{"floor":7.0,"key":"Meat on the Bone"},{"floor":9.0,"key":"Blue Candle"}],"event_choices":[{"damage_healed":0.0,"max_hp_gain":0.0,"max_hp_loss":0.0,"gold_gain":0.0,"event_name":"Match and Keep!","player_choice":"1 cards matched","floor":2.0,"gold_loss":0.0,"damage_taken":0.0,"cards_obtained":["Cleave"]},{"damage_healed":0.0,"max_hp_gain":0.0,"max_hp_loss":0.0,"gold_gain":0.0,"event_name":"The Woman in Blue","player_choice":"Bought 1 Potion","floor":5.0,"gold_loss":0.0,"damage_taken":0.0},{"damage_healed":0.0,"max_hp_gain":0.0,"max_hp_loss":0.0,"gold_gain":0.0,"event_name":"Liars Game","player_choice":"Ignored","floor":11.0,"gold_loss":0.0,"damage_taken":0.0},{"damage_healed":0,"gold_gain":0,"player_choice":"Trade","damage_taken":0,"relics_obtained":["SsserpentHead"],"max_hp_gain":0,"max_hp_loss":0,"event_name":"FaceTrader","floor":19,"gold_loss":0},{"damage_healed":0,"gold_gain":0,"player_choice":"Got Potions","damage_taken":0,"max_hp_gain":0,"max_hp_loss":0,"event_name":"Lab","floor":21,"gold_loss":0}],"is_beta":false,"boss_relics":[{"not_picked":["Tiny House","Black Star"],"picked":"Velvet Choker"}],"items_purged_floors":[10],"is_endless":false,"potions_floor_spawned":[4,16,22],"killed_by":"Chosen and Byrds","ascension_level":20}