{"gold_per_floor":[99,99,99,99,0,0,0,0,0,0,0,0,0,0,0,0,0,0,0,0,0,0,0,0,0,0,0,0,0,0,0,0,0,0,0,0,0,0,0,0,0,0,0,0,0,0,0],"floor_reached":47,"playtime":1252,"items_purged":["Defend_R"],"score":548,"play_id":"232f6226-3352-49e4-8c4d-7012d8c1fbb8","local_time":"20190730205043","is_ascension_mode":false,"campfire_choices":[{"data":"Flex","floor":6,"key":"SMITH"},{"data":"Bash","floor":8,"key":"SMITH"},{"data":"Cleave","floor":15,"key":"SMITH"},{"data":"Double Tap","floor":23,"key":"SMITH"},{"floor":32,"key":"REST"},{"data":"Double Tap","floor":40,"key":"SMITH"},{"floor":42,"key":"REST"}],"neow_cost":"NONE","seed_source_timestamp":1649631003136699,"circlet_count":0,"master_deck":["Strike_R","Strike_R","Strike_R","Strike_R","Defend_R+1","Defend_R+1","Bash+1","Flex+1","Cleave+1","Double Tap+1","Pommel Strike+1","Flex","Demon Form+1","Pommel Strike+1","Double Tap+1","Cleave+1","Flex+1","Twin Strike+1","Disarm+1","Fire Breathing+1"],"relics":["Ectoplasm","War Paint","Runic Cube","Pear","Omamori","Tiny House","Mummified Hand","Art of War"],"potions_floor_usage":[3,20,20,29,29,30,30,37,41,41,47],"damage_taken":[{"damage":2,"enemies":"2 Louse","floor":1,"turns":4},{"damage":1,"enemies":"Cultist","floor":3,"turns":3},{"damage":1,"enemies":"Jaw Worm","floor":7,"turns":2},{"damage":11,"enemies":"Gremlin Nob","floor":10,"turns":3},{"damage":12,"enemies":"Exordium Wildlife","floor":11,"turns":3},{"damage":0,"enemies":"3 Louse","floor":13,"turns":2},{"damage":28,"enemies":"Hexaghost","floor":16,"turns":8},{"damage":2,"enemies":"Spheric Guardian","floor":18,"turns":3},{"damage":2,"enemies":"Chosen","floor":19,"turns":3},{"damage":12,"enemies":"3 Cultists","floor":20,"turns":3},{"damage":8,"enemies":"Snecko","floor":24,"turns":3},{"damage":0,"enemies":"Snake Plant","floor":25,"turns":2},{"damage":18,"enemies":"Gremlin Leader","floor":27,"turns":4},{"damage":10,"enemies":"Cultist and Chosen","floor":28,"turns":4},{"damage":11,"enemies":"Snecko","floor":29,"turns":3},{"damage":4,"enemies":"Centurion and Healer","floor":30,"turns":3},{"damage":13,"enemies":"Colosseum Slavers","floor":31,"turns":2},{"damage":26,"enemies":"Automaton","floor":33,"turns":6},{"damage":22,"enemies":"3 Shapes","floor":35,"turns":2},{"damage":2,"enemies":"Orb Walker","floor":37,"turns":2},{"damage":44,"enemies":"Maw","floor":38,"turns":7},{"damage":49,"enemies":"Reptomancer","floor":41,"turns":5},{"damage":17,"enemies":"Transient","floor":44,"turns":5},{"damage":24,"enemies":"4 Shapes","floor":45,"turns":2},{"damage":11,"enemies":"Sphere and 2 Shapes","floor":46,"turns":3},{"damage":5,"enemies":"3 Darklings","floor":47,"turns":1}],"seed_played":"7712271501674343905","potions_obtained":[{"floor":3,"key":"Fruit Juice"},{"floor":10,"key":"Explosive Potion"},{"floor":16,"key":"Weak Potion"},{"floor":18,"key":"SteroidPotion"},{"floor":27,"key":"Regen Potion"},{"floor":28,"key":"EntropicBrew"},{"floor":29,"key":"Block Potion"},{"floor":34,"key":"Weak Potion"},{"floor":36,"key":"AttackPotion"},{"floor":36,"key":"Dexterity Potion"},{"floor":37,"key":"BloodPotion"},{"floor":45,"key":"Weak Potion"}],"is_trial":false,"path_per_floor":["M","?","M","?","$","R","M","R","T","?","M","?","M","$","R","B",null,"M","M","M","?","?","R","M","M","T","E","M","M","M","?","R","B",null,"M","?","M","M","?","R","E","R","T","M","M","M","M"],"character_chosen":"IRONCLAD","items_purchased":["Flex"],"campfire_rested":2,"item_purchase_floors":[5],"current_hp_per_floor":[78,78,82,87,87,87,86,86,86,75,63,54,54,54,54,26,90,88,86,74,56,56,56,48,48,58,40,30,19,15,2,33,7,110,88,88,86,42,42,42,20,53,53,36,12,1,0],"gold":0,"neow_bonus":"BOSS_RELIC","is_prod":false,"is_daily":false,"chose_seed":false,"campfire_upgraded":5,"win_rate":0,"timestamp":1564534243,"path_taken":["M","?","?","?","?","R","M","R","T","?","M","?","M","$","R","BOSS","M","?","M","?","?","R","?","M","T","E","M","M","M","?","R","BOSS","M","?","?","M","?","R","E","R","T","?","M","M","M"],"build_version":"2019-07-17","purchased_purges":1,"victory":false,"max_hp_per_floor":[80,80,85,90,90,90,90,90,90,90,90,90,90,90,90,90,90,90,90,90,95,95,95,95,95,105,105,105,105,105,105,105,105,110,110,110,110,110,110,110,110,110,110,110,110,110,110],"card_choices":[{"not_picked":["Headbutt","Clothesline","Iron Wave"],"picked":"SKIP","floor":1},{"not_picked":["Warcry","Clash","Sword Boomerang"],"picked":"SKIP","floor":3},{"not_picked":["True Grit","Body Slam","Ghostly Armor"],"picked":"SKIP","floor":7},{"not_picked":["Juggernaut","Shrug It Off"],"picked":"Cleave","floor":10},{"not_picked":["Seeing Red","Clash","Burning Pact"],"picked":"SKIP","floor":11},{"not_picked":["Sentinel","Heavy Blade","Ghostly Armor"],"picked":"SKIP","floor":13},{"not_picked":["Dark Embrace","Barricade"],"picked":"Double Tap","floor":16},{"not_picked":["Heavy Blade","Feel No Pain","Clothesline"],"picked":"SKIP","floor":18},{"not_picked":["Sword Boomerang","Entrench"],"picked":"Pommel Strike+1","floor":19},{"not_picked":["Power Through","Wild Strike","Havoc"],"picked":"SKIP","floor":20},{"not_picked":["Cleave","Blood for Blood+1","Searing Blow+1"],"picked":"SKIP","floor":24},{"not_picked":["Second Wind","Havoc+1"],"picked":"Flex","floor":25},{"not_picked":["Evolve","Sentinel"],"picked":"Demon Form","floor":27},{"not_picked":["Clash","Metallicize"],"picked":"Pommel Strike+1","floor":28},{"not_picked":["Armaments","Perfected Strike+1","Wild Strike"],"picked":"SKIP","floor":29},{"not_picked":["Armaments","Dual Wield","Sever Soul"],"picked":"SKIP","floor":30},{"not_picked":["Dark Embrace","Immolate"],"picked":"Double Tap","floor":33},{"not_picked":["Blood for Blood","Armaments"],"picked":"Cleave+1","floor":34},{"not_picked":["Pommel Strike+1","Evolve"],"picked":"Flex","floor":35},{"not_picked":["Hemokinesis+1","Blood for Blood+1","True Grit"],"picked":"SKIP","floor":37},{"not_picked":["Entrench","Body Slam+1","Perfected Strike"],"picked":"SKIP","floor":38},{"not_picked":["Iron Wave+1","True Grit"],"picked":"Twin Strike+1","floor":41},{"not_picked":["Wild Strike+1","True Grit+1"],"picked":"Disarm+1","floor":44},{"not_picked":["Seeing Red","Clothesline"],"picked":"Fire Breathing+1","floor":45},{"not_picked":["Headbutt","Bludgeon","Thunderclap+1"],"picked":"SKIP","floor":46}],"player_experience":239563,"relics_obtained":[{"floor":10,"key":"War Paint"},{"floor":26,"key":"Pear"},{"floor":27,"key":"Omamori"},{"floor":41,"key":"Mummified Hand"},{"floor":43,"key":"Art of War"}],"event_choices":[{"cards_removed":["Defend_R"],"damage_healed":0,"gold_gain":0,"player_choice":"Offered Basic","damage_taken":0,"max_hp_gain":0,"max_hp_loss":0,"event_name":"Bonfire Elementals","floor":2,"gold_loss":0},{"damage_healed":0,"gold_gain":0,"player_choice":"Donut","damage_taken":0,"max_hp_gain":5,"max_hp_loss":0,"event_name":"Big Fish","floor":4,"gold_loss":0},{"damage_healed":0,"gold_gain":0,"player_choice":"Searched \u00271\u0027 times","damage_taken":0,"max_hp_gain":0,"max_hp_loss":0,"event_name":"Dead Adventurer","floor":10,"gold_loss":0},{"damage_healed":0,"gold_gain":75,"player_choice":"Touch","damage_taken":9,"max_hp_gain":0,"max_hp_loss":0,"event_name":"FaceTrader","floor":12,"gold_loss":0},{"damage_healed":0,"gold_gain":0,"player_choice":"Shed Blood","damage_taken":23,"max_hp_gain":5,"max_hp_loss":0,"event_name":"Forgotten Altar","floor":21,"gold_loss":0},{"cards_removed":["Strike_R"],"damage_healed":0,"gold_gain":0,"player_choice":"Card Removal","damage_taken":0,"max_hp_gain":0,"max_hp_loss":0,"event_name":"Wheel of Change","floor":22,"gold_loss":0},{"damage_healed":0,"gold_gain":0,"player_choice":"Fight","damage_taken":0,"max_hp_gain":0,"max_hp_loss":0,"event_name":"Colosseum","floor":31,"gold_loss":0},{"damage_healed":0,"gold_gain":0,"player_choice":"Fled From Nobs","damage_taken":0,"max_hp_gain":0,"max_hp_loss":0,"event_name":"Colosseum","floor":31,"gold_loss":0},{"damage_healed":0,"gold_gain":0,"player_choice":"Got Potions","damage_taken":0,"max_hp_gain":0,"max_hp_loss":0,"event_name":"Lab","floor":36,"gold_loss":0},{"damage_healed":0,"gold_gain":0,"player_choice":"Forge","damage_taken":0,"max_hp_gain":0,"max_hp_loss":0,"event_name":"Accursed Blacksmith","floor":39,"gold_loss":0,"cards_upgraded":["Flex"]}],"is_beta":false,"boss_relics":[{"not_picked":["Orrery","Runic Pyramid"],"picked":"Runic Cube"},{"not_picked":["Busted Crown","Velvet Choker"],"picked":"Tiny House"}],"items_purged_floors":[5],"is_endless":false,"potions_floor_spawned":[3,10,16,18,27,28,29,37,38,45],"killed_by":"3 Darklings","ascension_level":0}