{"gold_per_floor":[109,34,44,44,44,44,57,88,88,102,102,122,122,137,137,209,209,224,235,235,235,7,56,56],"floor_reached":24,"playtime":1033,"items_purged":["Strike_B"],"score":392,"play_id":"02d5bcc2-d8cd-48b7-8ba2-1baceeff4687","local_time":"20190223151156","is_ascension_mode":true,"campfire_choices":[{"data":"Zap","floor":6,"key":"SMITH"},{"data":"Dualcast","floor":11,"key":"SMITH"},{"data":"Conserve Battery","floor":13,"key":"SMITH"},{"floor":15,"key":"REST"}],"neow_cost":"NONE","seed_source_timestamp":1394632290856695,"circlet_count":0,"master_deck":["AscendersBane","Strike_B","Strike_B","Defend_B","Defend_B","Defend_B","Defend_B","Zap+1","Dualcast+1","Conserve Battery+1","Ball Lightning","Fusion+1","Compile Driver","Leap+1","Coolheaded+1","Machine Learning","Coolheaded+1","Defragment","Compile Driver","Turbo+1","Compile Driver","Capacitor","Glacier+1","Coolheaded+1","Capacitor"],"special_seed":0,"relics":["Cracked Core","Lantern","The Courier","Toxic Egg 2","Regal Pillow","Orrery","Dream Catcher"],"potions_floor_usage":[8,8,16,21],"damage_taken":[{"damage":0,"enemies":"Small Slimes","floor":1,"turns":4},{"damage":0,"enemies":"2 Louse","floor":3,"turns":3},{"damage":0,"enemies":"Cultist","floor":7,"turns":3},{"damage":8,"enemies":"Gremlin Nob","floor":8,"turns":3},{"damage":4,"enemies":"Large Slime","floor":10,"turns":5},{"damage":8,"enemies":"Blue Slaver","floor":12,"turns":3},{"damage":0,"enemies":"Exordium Wildlife","floor":14,"turns":4},{"damage":27,"enemies":"The Guardian","floor":16,"turns":15},{"damage":0,"enemies":"Shell Parasite","floor":18,"turns":5},{"damage":17,"enemies":"3 Byrds","floor":19,"turns":5},{"damage":40,"enemies":"Colosseum Slavers","floor":21,"turns":5},{"damage":7,"enemies":"3 Cultists","floor":24,"turns":3}],"seed_played":"23652901353225089","potions_obtained":[{"floor":3,"key":"Fire Potion"},{"floor":5,"key":"Swift Potion"},{"floor":10,"key":"SpeedPotion"},{"floor":12,"key":"AttackPotion"},{"floor":19,"key":"Poison Potion"}],"is_trial":false,"path_per_floor":["M","?","M","?","?","R","M","E","T","M","R","M","R","M","R","B",null,"M","M","?","?","$","T","M"],"character_chosen":"DEFECT","items_purchased":["Glacier+1","Coolheaded+1","Capacitor"],"campfire_rested":1,"item_purchase_floors":[22,22,22],"current_hp_per_floor":[64,64,64,46,46,46,46,38,38,34,34,26,26,26,62,35,62,62,45,45,5,5,5,0],"gold":56,"neow_bonus":"RANDOM_COMMON_RELIC","is_prod":false,"is_daily":false,"chose_seed":false,"campfire_upgraded":3,"win_rate":0,"timestamp":1550931116,"path_taken":["M","?","M","?","?","R","M","E","T","M","R","M","R","?","R","BOSS","M","M","?","?","$","?","M"],"build_version":"2019-01-23","purchased_purges":1,"victory":false,"max_hp_per_floor":[71,71,71,71,71,71,71,71,71,71,71,71,71,71,71,71,71,71,71,71,71,71,71,71],"card_choices":[{"not_picked":["Turbo","Sweeping Beam"],"picked":"Conserve Battery","floor":1},{"not_picked":["Leap","Turbo","Streamline"],"picked":"SKIP","floor":3},{"not_picked":["Steam Power","Rebound"],"picked":"Ball Lightning","floor":7},{"not_picked":["Hologram","Blizzard"],"picked":"Fusion","floor":8},{"not_picked":["Leap+1","Gash"],"picked":"Compile Driver","floor":10},{"not_picked":["Rebound","Aggregate+1"],"picked":"Leap+1","floor":12},{"not_picked":["Leap+1","Sweeping Beam"],"picked":"Coolheaded+1","floor":14},{"not_picked":["Amplify+1","Multi-Cast+1"],"picked":"Machine Learning","floor":16},{"not_picked":["FTL","BootSequence+1"],"picked":"Coolheaded+1","floor":17},{"not_picked":["Steam+1","Barrage"],"picked":"Defragment","floor":17},{"not_picked":["Static Discharge","Streamline"],"picked":"Compile Driver","floor":17},{"not_picked":["Ball Lightning","Blizzard"],"picked":"Turbo+1","floor":17},{"not_picked":["Cold Snap","Go for the Eyes"],"picked":"Compile Driver","floor":17},{"not_picked":["Stack+1","Hologram+1","Barrage"],"picked":"SKIP","floor":18},{"not_picked":["Stack+1","Hologram+1","Barrage"],"picked":"SKIP","floor":18},{"not_picked":["Genetic Algorithm+1","Turbo+1"],"picked":"Capacitor","floor":19}],"player_experience":874646,"relics_obtained":[{"floor":8,"key":"Toxic Egg 2"},{"floor":9,"key":"Regal Pillow"},{"floor":23,"key":"Dream Catcher"}],"event_choices":[{"cards_removed":["Strike_B"],"damage_healed":0,"gold_gain":0,"player_choice":"Card Removal","damage_taken":0,"max_hp_gain":0,"max_hp_loss":0,"event_name":"The Cleric","floor":2,"gold_loss":75},{"damage_healed":0,"gold_gain":0,"player_choice":"Success","damage_taken":18,"relics_obtained":["The Courier"],"max_hp_gain":0,"max_hp_loss":0,"event_name":"Scrap Ooze","floor":4,"gold_loss":0},{"damage_healed":0,"gold_gain":0,"player_choice":"Got Potions","damage_taken":0,"max_hp_gain":0,"max_hp_loss":0,"event_name":"Lab","floor":5,"gold_loss":0},{"damage_healed":0,"gold_gain":0,"player_choice":"Ignored","damage_taken":0,"max_hp_gain":0,"max_hp_loss":0,"event_name":"Ghosts","floor":20,"gold_loss":0},{"damage_healed":0,"gold_gain":0,"player_choice":"Fight","damage_taken":0,"max_hp_gain":0,"max_hp_loss":0,"event_name":"Colosseum","floor":21,"gold_loss":0},{"damage_healed":0,"gold_gain":0,"player_choice":"Fled From Nobs","damage_taken":0,"max_hp_gain":0,"max_hp_loss":0,"event_name":"Colosseum","floor":21,"gold_loss":0}],"is_beta":false,"boss_relics":[{"not_picked":["Snecko Eye","Ectoplasm"],"picked":"Orrery"}],"items_purged_floors":[22],"is_endless":false,"potions_floor_spawned":[3,10,12,14,19],"killed_by":"3 Cultists","ascension_level":20}