{"gold_per_floor":[118,118,135,41,41,84,105,105,105,25,25,25,25,38,38,163,163,186,205,223,248,248,248,248],"floor_reached":24,"playtime":1391,"items_purged":[],"score":194,"play_id":"f505b388-e7d4-477f-bb4e-549ea23dffda","local_time":"20190319222511","is_ascension_mode":false,"campfire_choices":[{"floor":8,"key":"RECALL"},{"data":"Body Slam","floor":12,"key":"SMITH"},{"data":"Shrug It Off","floor":15,"key":"SMITH"},{"floor":23,"key":"REST"}],"neow_cost":"NONE","seed_source_timestamp":478062271509695,"circlet_count":0,"master_deck":["Bash","Evolve","Shrug It Off","Body Slam+1","Shrug It Off+1","Exhume","Body Slam+1","Shockwave","Whirlwind","Headbutt","Limit Break","Reaper","Sever Soul","Power Through","Clothesline","Headbutt","Bloodletting","Second Wind","Exhume","Limit Break","Armaments+1","Burning Pact"],"relics":["Philosopher\u0027s Stone","Golden Idol","Letter Opener","Pandora\u0027s Box","Boot"],"potions_floor_usage":[16,16,19],"damage_taken":[{"damage":6,"enemies":"Small Slimes","floor":1,"turns":3},{"damage":0,"enemies":"Cultist","floor":3,"turns":4},{"damage":39,"enemies":"Lagavulin","floor":6,"turns":7},{"damage":0,"enemies":"Jaw Worm","floor":7,"turns":3},{"damage":1,"enemies":"Blue Slaver","floor":14,"turns":4},{"damage":10,"enemies":"Hexaghost","floor":16,"turns":11},{"damage":32,"enemies":"3 Byrds","floor":18,"turns":5},{"damage":19,"enemies":"Shell Parasite","floor":19,"turns":5},{"damage":23,"enemies":"Snecko","floor":20,"turns":6},{"damage":39,"enemies":"Snake Plant","floor":24,"turns":3}],"seed_played":"-2742601834360207644","potions_obtained":[{"floor":7,"key":"EssenceOfSteel"},{"floor":14,"key":"Weak Potion"},{"floor":18,"key":"Fire Potion"}],"is_trial":false,"path_per_floor":["M","?","M","$","?","E","M","R","T","$","?","R","?","M","R","B",null,"M","M","M","T","?","R","M"],"character_chosen":"IRONCLAD","items_purchased":["Body Slam","Shrug It Off","Body Slam","Shockwave"],"campfire_rested":1,"item_purchase_floors":[4,4,10,10],"current_hp_per_floor":[74,66,66,66,66,27,27,27,27,27,12,12,12,11,11,1,74,51,32,9,9,9,31,0],"gold":248,"neow_bonus":"BOSS_RELIC","is_prod":false,"is_daily":false,"chose_seed":false,"campfire_upgraded":2,"win_rate":0,"timestamp":1553052311,"path_taken":["M","?","?","$","?","E","M","R","T","$","?","R","?","M","R","BOSS","M","?","M","?","?","R","M"],"build_version":"2019-01-23","purchased_purges":0,"victory":false,"max_hp_per_floor":[80,80,80,80,74,74,74,74,74,74,74,74,74,74,74,74,74,74,74,74,74,74,74,74],"card_choices":[{"not_picked":["Iron Wave","Wild Strike"],"picked":"Evolve","floor":1},{"not_picked":["Flame Barrier","Wild Strike"],"picked":"Shrug It Off","floor":3},{"not_picked":["Perfected Strike","Second Wind"],"picked":"Exhume","floor":6},{"not_picked":["True Grit","Clash","Clothesline"],"picked":"SKIP","floor":7},{"not_picked":["Flame Barrier","Iron Wave"],"picked":"Headbutt","floor":14},{"not_picked":["Exhume","Bludgeon"],"picked":"Limit Break","floor":16},{"not_picked":["Headbutt","Pommel Strike","Hemokinesis+1"],"picked":"SKIP","floor":18},{"not_picked":["Headbutt","Heavy Blade"],"picked":"Armaments+1","floor":19},{"not_picked":["Flame Barrier","Thunderclap"],"picked":"Burning Pact","floor":20}],"player_experience":741853,"relics_obtained":[{"floor":6,"key":"Letter Opener"},{"floor":21,"key":"Boot"}],"event_choices":[{"damage_healed":0,"gold_gain":0,"player_choice":"Damaged","damage_taken":8,"max_hp_gain":0,"max_hp_loss":0,"event_name":"Wheel of Change","floor":2,"gold_loss":0},{"damage_healed":0,"gold_gain":0,"player_choice":"Lose Max HP","damage_taken":0,"relics_obtained":["Golden Idol"],"max_hp_gain":0,"max_hp_loss":6,"event_name":"Golden Idol","floor":5,"gold_loss":0},{"damage_healed":0,"gold_gain":0,"player_choice":"Entered Light","damage_taken":15,"max_hp_gain":0,"max_hp_loss":0,"event_name":"Shining Light","floor":11,"gold_loss":0,"cards_upgraded":["Defend_R","Body Slam"]},{"damage_healed":0,"gold_gain":0,"player_choice":"1 cards matched","damage_taken":0,"max_hp_gain":0,"max_hp_loss":0,"event_name":"Match and Keep!","floor":13,"gold_loss":0,"cards_obtained":["Whirlwind"]},{"damage_healed":0,"gold_gain":0,"player_choice":"0 cards matched","damage_taken":0,"max_hp_gain":0,"max_hp_loss":0,"event_name":"Match and Keep!","floor":22,"gold_loss":0,"cards_obtained":[]}],"is_beta":false,"boss_relics":[{"not_picked":["Eternal Feather","Snecko Eye"],"picked":"Pandora\u0027s Box"}],"items_purged_floors":[],"is_endless":false,"potions_floor_spawned":[7,14,18],"killed_by":"Snake Plant","ascension_level":0}