{"gold_per_floor":[114,114,131,131,131,166,166,192,192,192,205,205,223,241,241,315,315,240,240,88,88,88,88],"floor_reached":23,"playtime":622,"items_purged":["Strike_G"],"score":480,"play_id":"ed628acf-9681-4bc9-ad46-bb28fddf23b6","local_time":"20190116095732","is_ascension_mode":true,"campfire_choices":[{"data":"Neutralize","floor":7,"key":"SMITH"},{"data":"Cloak And Dagger","floor":12,"key":"SMITH"},{"data":"Accuracy","floor":15,"key":"SMITH"}],"neow_cost":"NONE","seed_source_timestamp":656901852391522,"circlet_count":0,"master_deck":["AscendersBane","Defend_G","Defend_G","Defend_G","Defend_G","Defend_G","Strike_G","Strike_G","Strike_G","Survivor","Neutralize+1","Deflect+1","Masterful Stab+1","Calculated Gamble+1","Blur","Cloak And Dagger+1","Accuracy+1","Accuracy","Acrobatics","Noxious Fumes"],"relics":["Ring of the Snake","NeowsBlessing","Thread and Needle","Mercury Hourglass","Turnip","Ectoplasm","StoneCalendar"],"potions_floor_usage":[16,23],"damage_taken":[{"damage":0,"enemies":"Small Slimes","floor":1,"turns":1},{"damage":0,"enemies":"Cultist","floor":3,"turns":1},{"damage":0,"enemies":"Gremlin Nob","floor":6,"turns":1},{"damage":18,"enemies":"3 Sentries","floor":8,"turns":12},{"damage":0,"enemies":"Jaw Worm","floor":11,"turns":4},{"damage":0,"enemies":"Large Slime","floor":13,"turns":4},{"damage":0,"enemies":"Lots of Slimes","floor":14,"turns":3},{"damage":0,"enemies":"The Guardian","floor":16,"turns":14},{"damage":18,"enemies":"2 Thieves","floor":18,"turns":5},{"damage":0,"enemies":"Chosen","floor":19,"turns":5},{"damage":41,"enemies":"Slavers","floor":23,"turns":3}],"seed_played":"-1258194539853385917","potions_obtained":[{"floor":6,"key":"LiquidBronze"},{"floor":13,"key":"Swift Potion"},{"floor":16,"key":"Regen Potion"},{"floor":18,"key":"PowerPotion"}],"is_trial":false,"path_per_floor":["M","?","M","?","?","E","R","E","T","?","M","R","M","M","R","B",null,"M","M","$","T","?","E"],"character_chosen":"THE_SILENT","items_purchased":["Noxious Fumes"],"campfire_rested":0,"item_purchase_floors":[20],"current_hp_per_floor":[59,59,59,39,39,39,39,21,21,21,21,21,21,21,21,21,55,37,37,37,37,37,0],"gold":88,"neow_bonus":"THREE_ENEMY_KILL","is_prod":false,"is_daily":false,"chose_seed":false,"campfire_upgraded":3,"win_rate":0,"timestamp":1547629052,"path_taken":["M","?","?","?","?","E","R","E","T","?","M","R","?","M","R","BOSS","M","M","$","?","?","E"],"build_version":"2019-01-10","purchased_purges":1,"victory":false,"max_hp_per_floor":[66,66,66,66,66,66,66,66,66,66,66,66,66,66,66,66,66,66,66,66,66,66,66],"card_choices":[{"not_picked":["Dodge and Roll","Leg Sweep"],"picked":"Deflect","floor":1},{"not_picked":["Prepared","Acrobatics"],"picked":"Masterful Stab","floor":3},{"not_picked":["Sucker Punch","A Thousand Cuts"],"picked":"Calculated Gamble","floor":6},{"not_picked":["Underhanded Strike","Distraction"],"picked":"Blur","floor":8},{"not_picked":["Blade Dance","Bane"],"picked":"Cloak And Dagger","floor":11},{"not_picked":["Footwork","Well Laid Plans"],"picked":"Accuracy","floor":13},{"not_picked":["Setup","Dagger Spray"],"picked":"Accuracy","floor":14},{"not_picked":["Masterful Stab+1","Poisoned Stab"],"picked":"Acrobatics","floor":18},{"not_picked":["Dodge and Roll","Catalyst+1","Caltrops"],"picked":"SKIP","floor":19}],"player_experience":751685,"relics_obtained":[{"floor":6,"key":"Thread and Needle"},{"floor":8,"key":"Mercury Hourglass"},{"floor":9,"key":"Turnip"},{"floor":21,"key":"StoneCalendar"}],"event_choices":[{"cards_removed":["Strike_G"],"damage_healed":0,"gold_gain":0,"player_choice":"Purged","damage_taken":0,"max_hp_gain":0,"max_hp_loss":0,"event_name":"Purifier","floor":2,"gold_loss":0},{"damage_healed":0,"gold_gain":0,"player_choice":"Entered Light","damage_taken":20,"max_hp_gain":0,"max_hp_loss":0,"event_name":"Shining Light","floor":4,"gold_loss":0,"cards_upgraded":["Masterful Stab","Deflect"]},{"damage_healed":0,"gold_gain":0,"player_choice":"Ignored","damage_taken":0,"max_hp_gain":0,"max_hp_loss":0,"event_name":"Liars Game","floor":5,"gold_loss":0},{"damage_healed":0,"gold_gain":0,"player_choice":"Upgraded","damage_taken":0,"max_hp_gain":0,"max_hp_loss":0,"event_name":"Upgrade Shrine","floor":10,"gold_loss":0,"cards_upgraded":["Calculated Gamble"]},{"damage_healed":0,"gold_gain":0,"player_choice":"Ignored","damage_taken":0,"max_hp_gain":0,"max_hp_loss":0,"event_name":"Ghosts","floor":22,"gold_loss":0}],"is_beta":false,"boss_relics":[{"not_picked":["Fusion Hammer","Velvet Choker"],"picked":"Ectoplasm"}],"items_purged_floors":[20],"is_endless":false,"potions_floor_spawned":[6,13,16,18],"killed_by":"Slavers","ascension_level":15}