{"gold_per_floor":[19,32,48,68,82,82,109,121,133,70,83,103,103,122,122,122],"floor_reached":16,"playtime":543,"items_purged":["Sentinel"],"score":106,"play_id":"e2c69bd5-37e7-4bf5-baba-1e25a8d5817e","local_time":"20190727220901","is_ascension_mode":false,"campfire_choices":[{"data":"Limit Break","floor":6,"key":"SMITH"},{"floor":15,"key":"REST"}],"neow_cost":"NO_GOLD","seed_source_timestamp":1479933312868100,"circlet_count":0,"master_deck":["Strike_R","Strike_R","Strike_R","Strike_R","Defend_R","Defend_R","Defend_R","Defend_R","Bash","Limit Break+1","Fire Breathing","Evolve","Cleave","Thunderclap","Dropkick","Flex","Flex"],"relics":["Burning Blood","MawBank"],"potions_floor_usage":[4,5,7,14],"damage_taken":[{"damage":9,"enemies":"Jaw Worm","floor":1,"turns":4},{"damage":5,"enemies":"Cultist","floor":2,"turns":4},{"damage":10,"enemies":"2 Louse","floor":3,"turns":4},{"damage":7,"enemies":"Blue Slaver","floor":4,"turns":2},{"damage":16,"enemies":"Red Slaver","floor":5,"turns":5},{"damage":40,"enemies":"3 Sentries","floor":7,"turns":6},{"damage":10,"enemies":"Looter","floor":11,"turns":4},{"damage":6,"enemies":"Gremlin Gang","floor":12,"turns":3},{"damage":27,"enemies":"Exordium Wildlife","floor":14,"turns":5},{"damage":40,"enemies":"Hexaghost","floor":16,"turns":7}],"seed_played":"430039903725308265","potions_obtained":[{"floor":1,"key":"PowerPotion"},{"floor":2,"key":"GamblersBrew"},{"floor":3,"key":"SteroidPotion"},{"floor":7,"key":"Regen Potion"}],"is_trial":false,"path_per_floor":["M","M","M","M","M","R","E","?","T","$","M","M","?","M","R","B"],"character_chosen":"IRONCLAD","items_purchased":[],"campfire_rested":1,"item_purchase_floors":[],"current_hp_per_floor":[77,78,74,73,63,63,29,29,29,29,25,25,18,11,35,0],"gold":122,"neow_bonus":"THREE_RARE_CARDS","is_prod":false,"is_daily":false,"chose_seed":false,"campfire_upgraded":1,"win_rate":0,"timestamp":1564283341,"path_taken":["M","M","M","M","M","R","E","?","T","$","M","?","?","M","R","BOSS"],"build_version":"2019-07-17","purchased_purges":1,"victory":false,"max_hp_per_floor":[80,80,80,80,80,80,80,80,80,80,80,80,80,80,80,80],"card_choices":[{"not_picked":["Brutality","Bludgeon"],"picked":"Limit Break","floor":0},{"not_picked":["Rampage","Sword Boomerang"],"picked":"Fire Breathing","floor":1},{"not_picked":["Shockwave","Sever Soul","Clash"],"picked":"SKIP","floor":2},{"not_picked":["Pommel Strike","Feel No Pain"],"picked":"Evolve","floor":3},{"not_picked":["Heavy Blade","Battle Trance"],"picked":"Cleave","floor":4},{"not_picked":["Perfected Strike","Clothesline"],"picked":"Thunderclap","floor":5},{"not_picked":["Thunderclap","Body Slam"],"picked":"Dropkick","floor":7},{"not_picked":["Clash","Twin Strike","Iron Wave"],"picked":"SKIP","floor":11},{"not_picked":["Double Tap","True Grit"],"picked":"Flex","floor":12},{"not_picked":["Wild Strike","Clothesline"],"picked":"Flex","floor":14}],"player_experience":817154,"relics_obtained":[{"floor":7,"key":"MawBank"}],"event_choices":[{"damage_healed":0,"gold_gain":0,"player_choice":"1 cards matched","damage_taken":0,"max_hp_gain":0,"max_hp_loss":0,"event_name":"Match and Keep!","floor":8,"gold_loss":0,"cards_obtained":["Sentinel"]},{"cards_removed":["Strike_R"],"damage_healed":0,"gold_gain":0,"player_choice":"Card Removal","damage_taken":7,"max_hp_gain":0,"max_hp_loss":0,"event_name":"Golden Wing","floor":13,"gold_loss":0}],"is_beta":false,"boss_relics":[],"items_purged_floors":[10],"is_endless":false,"potions_floor_spawned":[1,2,3,7],"killed_by":"Hexaghost","ascension_level":0}