{"gold_per_floor":[115,135,145,2,177,203,203,217,217,217,236,311,12,27,27,27],"floor_reached":16,"playtime":656,"items_purged":["Dualcast","Doubt"],"score":102,"play_id":"8ecc3693-fe9a-40ff-a6b1-017b84596309","local_time":"20190712001118","is_ascension_mode":false,"campfire_choices":[{"data":"Static Discharge","floor":7,"key":"SMITH"},{"floor":15,"key":"REST"}],"neow_cost":"NONE","seed_source_timestamp":20645137817789,"circlet_count":0,"master_deck":["Strike_B","Strike_B","Strike_B","Strike_B","Defend_B","Defend_B","Defend_B","Defend_B","Zap","Static Discharge+1","Reinforced Body","Defragment","Sunder","Storm","Ball Lightning"],"relics":["Cracked Core","Boot","Omamori","Singing Bowl","Membership Card"],"potions_floor_usage":[6,8,14],"damage_taken":[{"damage":1,"enemies":"Cultist","floor":1,"turns":3},{"damage":10,"enemies":"Jaw Worm","floor":2,"turns":4},{"damage":12,"enemies":"2 Louse","floor":3,"turns":2},{"damage":13,"enemies":"Lagavulin","floor":6,"turns":9},{"damage":10,"enemies":"Gremlin Gang","floor":8,"turns":4},{"damage":13,"enemies":"3 Louse","floor":11,"turns":2},{"damage":7,"enemies":"Exordium Thugs","floor":14,"turns":4},{"damage":36,"enemies":"The Guardian","floor":16,"turns":6}],"seed_played":"-601274245265473567","potions_obtained":[{"floor":2,"key":"AttackPotion"},{"floor":3,"key":"Block Potion"},{"floor":6,"key":"Swift Potion"}],"is_trial":false,"path_per_floor":["M","M","M","$","?","E","R","M","T","T","M","?","$","M","R","B"],"character_chosen":"DEFECT","items_purchased":["Defragment","Membership Card","Storm"],"campfire_rested":1,"item_purchase_floors":[4,13,13],"current_hp_per_floor":[81,71,59,59,59,46,46,36,36,36,25,17,17,10,35,0],"gold":27,"neow_bonus":"TEN_PERCENT_HP_BONUS","is_prod":false,"is_daily":false,"chose_seed":false,"campfire_upgraded":1,"win_rate":0,"timestamp":1562904678,"path_taken":["M","M","?","$","?","E","R","M","T","?","M","?","$","M","R","BOSS"],"build_version":"2019-07-05","purchased_purges":2,"victory":false,"max_hp_per_floor":[82,82,82,82,82,82,82,82,82,82,84,84,84,84,84,84],"card_choices":[{"not_picked":["Steam","Compile Driver"],"picked":"Static Discharge","floor":1},{"not_picked":["Chill","Fusion"],"picked":"Reinforced Body","floor":2},{"not_picked":["Glacier","Doom and Gloom","Aggregate"],"picked":"SKIP","floor":3},{"not_picked":["Rebound","Hello World","Steam"],"picked":"SKIP","floor":6},{"not_picked":["Stack","Consume"],"picked":"Sunder","floor":8},{"not_picked":["Beam Cell","Steam Power","Reprogram"],"picked":"Singing Bowl","floor":11},{"not_picked":["Hologram","Go for the Eyes"],"picked":"Ball Lightning","floor":14}],"player_experience":140500,"relics_obtained":[{"floor":6,"key":"Boot"},{"floor":9,"key":"Omamori"},{"floor":10,"key":"Singing Bowl"}],"event_choices":[{"damage_healed":0,"gold_gain":175,"player_choice":"AGREE","damage_taken":0,"max_hp_gain":0,"max_hp_loss":0,"event_name":"Liars Game","floor":5,"gold_loss":0,"cards_obtained":["Doubt"]},{"damage_healed":0,"gold_gain":75,"player_choice":"Touch","damage_taken":8,"max_hp_gain":0,"max_hp_loss":0,"event_name":"FaceTrader","floor":12,"gold_loss":0}],"is_beta":false,"boss_relics":[],"items_purged_floors":[4,13],"is_endless":false,"potions_floor_spawned":[2,3,6],"killed_by":"The Guardian","ascension_level":0}