{"path_per_floor":["M","M","?","?","?","R","E","$","T","?","R","M","E","$","R","B",null,"M","$","M","M","M","R","M","?","T"],"character_chosen":"THE_SILENT","items_purchased":["Leg Sweep","Bird Faced Urn","Well Laid Plans"],"gold_per_floor":[111,121,121,121,71,71,96,56,356,311,311,327,358,71,71,172,172,192,47,40,53,64,64,77,77,154],"floor_reached":27,"campfire_rested":1,"playtime":1713,"current_hp_per_floor":[62,56,56,56,56,56,11,11,11,11,31,31,17,17,17,5,52,41,41,21,25,20,20,12,12,12],"items_purged":["Strike_G"],"gold":154,"score":343,"play_id":"19ddb915-56c0-4ed1-aa1f-c78a9d9226ed","local_time":"20180316234634","is_prod":false,"is_daily":false,"is_ascension_mode":true,"campfire_upgraded":2,"timestamp":1521240394,"path_taken":["M","M","?","?","?","R","E","$","T","?","R","?","E","$","R","BOSS","M","$","M","M","M","R","M","?","T","E"],"build_version":"2018-03-15v2","purchased_purges":2,"victory":false,"master_deck":["Defend_G","Defend_G","Defend_G","Defend_G","Strike_G","Strike_G","Strike_G","Survivor","Neutralize","Burst","Cloak And Dagger+1","Acrobatics","Leg Sweep","Backflip","Noxious Fumes+1","Well Laid Plans+1","Prepared","Accuracy"],"max_hp_per_floor":[70,70,70,67,67,67,67,67,67,67,67,67,67,67,67,67,67,67,67,67,67,67,67,67,67,67],"relics":["Ring of the Snake","Kunai","Old Coin","Girya","Bird Faced Urn","White Beast Statue","Darkstone Periapt"],"card_choices":[{"not_picked":["Dodge and Roll","PiercingWail"],"picked":"Cloak And Dagger"},{"not_picked":["Poisoned Stab","Bane"],"picked":"Acrobatics"},{"not_picked":["Catalyst","Malaise"],"picked":"Backflip"},{"not_picked":["Bane","Backflip"],"picked":"Noxious Fumes"},{"not_picked":["Underhanded Strike","Acrobatics"],"picked":"Prepared"},{"not_picked":["Infinite Blades","Quick Slash"],"picked":"Accuracy"}],"player_experience":394946,"potions_floor_usage":[18,20,22,24,24],"damage_taken":[{"damage":1.0,"enemies":"Jaw Worm","floor":1.0,"turns":3.0},{"damage":6.0,"enemies":"2 Louse","floor":2.0,"turns":3.0},{"damage":45.0,"enemies":"Gremlin Nob","floor":7.0,"turns":6.0},{"damage":0.0,"enemies":"Small Slimes","floor":12.0,"turns":3.0},{"damage":14.0,"enemies":"Lagavulin","floor":13.0,"turns":16.0},{"damage":12.0,"enemies":"The Guardian","floor":16.0,"turns":23.0},{"damage":11,"enemies":"3 Byrds","floor":18,"turns":6},{"damage":24,"enemies":"2 Thieves","floor":20,"turns":5},{"damage":0,"enemies":"Snecko","floor":21,"turns":8},{"damage":9,"enemies":"Centurion and Healer","floor":22,"turns":11},{"damage":12,"enemies":"Cultist and Chosen","floor":24,"turns":9},{"damage":20,"enemies":"Slavers","floor":27,"turns":1}],"event_choices":[{"event_name":"Liars Game","player_choice":"disagreed","floor":3.0,"damage_taken":0.0},{"event_name":"Living Wall","player_choice":"Forget","floor":4.0,"damage_taken":0.0},{"event_name":"The Cleric","player_choice":"Card Removal","floor":5.0,"damage_taken":0.0},{"event_name":"World of Goop","player_choice":"Left","floor":10.0,"damage_taken":0.0},{"event_name":"Back to Basics","player_choice":"Elegance","floor":25,"damage_taken":0}],"boss_relics":[],"potions_floor_spawned":[13,16,18,20,21,22,24],"seed_played":"-115647018629608735","killed_by":"Slavers","ascension_level":11,"is_trial":false}