{"gold_per_floor":[110,110,35,54,1,1,1,1,54,54,64,77,77,77,77,77],"floor_reached":16,"playtime":326,"items_purged":["Strike_B"],"score":176,"play_id":"59f8789a-bab4-4cff-bb3c-ab7e06f7f7d2","local_time":"20190301163704","is_ascension_mode":true,"campfire_choices":[{"data":"Zap","floor":6,"key":"SMITH"},{"data":"Dualcast","floor":10,"key":"SMITH"},{"data":"Fusion","floor":13,"key":"SMITH"},{"data":"Barrage","floor":15,"key":"SMITH"}],"neow_cost":"NONE","seed_source_timestamp":89869017911875,"circlet_count":0,"master_deck":["AscendersBane","Strike_B","Strike_B","Defend_B","Defend_B","Defend_B","Defend_B","Zap+1","Dualcast+1","Ball Lightning","Conserve Battery","Fusion+1","Barrage+1"],"relics":["Cracked Core","Singing Bowl","Vajra","Bag of Marbles"],"potions_floor_usage":[],"damage_taken":[{"damage":1,"enemies":"Cultist","floor":1,"turns":3},{"damage":4,"enemies":"Jaw Worm","floor":4,"turns":4},{"damage":0,"enemies":"2 Louse","floor":11,"turns":2},{"damage":5,"enemies":"Looter","floor":12,"turns":3},{"damage":45,"enemies":"Slime Boss","floor":16,"turns":7}],"seed_played":"4503796183576448843","potions_obtained":[{"floor":7,"key":"SkillPotion"},{"floor":7,"key":"Energy Potion"},{"floor":12,"key":"Block Potion"}],"is_trial":false,"path_per_floor":["M","T","$","M","$","R","?","$","T","R","M","M","R","?","R","B"],"character_chosen":"DEFECT","items_purchased":["Conserve Battery"],"campfire_rested":0,"item_purchase_floors":[5],"current_hp_per_floor":[63,63,63,61,61,61,61,61,61,61,61,56,56,45,45,0],"gold":77,"neow_bonus":"REMOVE_CARD","is_prod":false,"is_daily":false,"chose_seed":false,"campfire_upgraded":4,"win_rate":0,"timestamp":1551454624,"path_taken":["M","?","$","M","$","R","?","$","T","R","M","?","R","?","R","BOSS"],"build_version":"2019-01-23","purchased_purges":1,"victory":false,"max_hp_per_floor":[71,71,71,73,73,73,73,73,73,73,73,73,73,73,73,73],"card_choices":[{"not_picked":["Coolheaded","Streamline"],"picked":"Ball Lightning","floor":1},{"not_picked":["Scrape","Ball Lightning","Steam Power"],"picked":"Singing Bowl","floor":4},{"not_picked":["Leap","Streamline"],"picked":"Fusion","floor":11},{"not_picked":["Reprogram","Doom and Gloom"],"picked":"Barrage","floor":12}],"player_experience":923338,"relics_obtained":[{"floor":2,"key":"Singing Bowl"},{"floor":9,"key":"Vajra"}],"event_choices":[{"damage_healed":0,"gold_gain":0,"player_choice":"Got Potions","damage_taken":0,"max_hp_gain":0,"max_hp_loss":0,"event_name":"Lab","floor":7,"gold_loss":0},{"damage_healed":0,"gold_gain":0,"player_choice":"Success","damage_taken":11,"relics_obtained":["Bag of Marbles"],"max_hp_gain":0,"max_hp_loss":0,"event_name":"Scrap Ooze","floor":14,"gold_loss":0}],"is_beta":false,"boss_relics":[],"items_purged_floors":[3],"is_endless":false,"potions_floor_spawned":[12],"killed_by":"Slime Boss","ascension_level":20}