{"gold_per_floor":[113,132,132,132,142,142,170,185,261,261,274,274,274,284,284,356,356,370,370,45,56,70,70,70,70,94,127,147,147,161,187,187,187],"floor_reached":33,"playtime":1245,"items_purged":["Defend_R"],"score":521,"play_id":"c4cd502c-acd3-433b-9f24-6dba70814b18","local_time":"20190224131225","is_ascension_mode":true,"campfire_choices":[{"data":"Armaments","floor":6.0,"key":"SMITH"},{"data":"Rampage","floor":10.0,"key":"SMITH"},{"data":"Blood for Blood","floor":13.0,"key":"SMITH"},{"data":"Flame Barrier","floor":15.0,"key":"SMITH"},{"floor":23.0,"key":"REST"},{"floor":25.0,"key":"REST"},{"floor":29.0,"key":"REST"},{"floor":32.0,"key":"REST"}],"neow_cost":"NONE","seed_source_timestamp":1437621873600259,"circlet_count":0,"master_deck":["AscendersBane","Strike_R+1","Strike_R","Defend_R","Defend_R","Defend_R","Bash","Rampage+1","Armaments+1","Blood for Blood+1","Thunderclap+1","Flame Barrier+1","Immolate","Double Tap","Shrug It Off","Headbutt"],"special_seed":0,"relics":["Burning Blood","Oddly Smooth Stone","Ginger","Pantograph","Fusion Hammer","ClockworkSouvenir","Whetstone","Red Mask","Boot"],"potions_floor_usage":[],"damage_taken":[{"damage":6.0,"enemies":"Jaw Worm","floor":1.0,"turns":3.0},{"damage":7.0,"enemies":"2 Louse","floor":2.0,"turns":3.0},{"damage":0.0,"enemies":"Cultist","floor":5.0,"turns":4.0},{"damage":8.0,"enemies":"Gremlin Nob","floor":7.0,"turns":3.0},{"damage":7.0,"enemies":"Blue Slaver","floor":8.0,"turns":4.0},{"damage":17.0,"enemies":"Large Slime","floor":11.0,"turns":7.0},{"damage":7.0,"enemies":"Exordium Thugs","floor":14.0,"turns":4.0},{"damage":59.0,"enemies":"Slime Boss","floor":16.0,"turns":12.0},{"damage":6.0,"enemies":"3 Byrds","floor":18.0,"turns":4.0},{"damage":14.0,"enemies":"Shell Parasite","floor":21.0,"turns":4.0},{"damage":24.0,"enemies":"Cultist and Chosen","floor":22.0,"turns":5.0},{"damage":22.0,"enemies":"Masked Bandits","floor":27.0,"turns":3.0},{"damage":16.0,"enemies":"Shelled Parasite and Fungi","floor":28.0,"turns":5.0},{"damage":12.0,"enemies":"Snecko","floor":30.0,"turns":4.0},{"damage":22.0,"enemies":"Book of Stabbing","floor":31.0,"turns":5.0},{"damage":105,"enemies":"Champ","floor":33,"turns":12}],"seed_played":"2422290077175095684","potions_obtained":[{"floor":5.0,"key":"Fire Potion"},{"floor":8.0,"key":"Strength Potion"},{"floor":11.0,"key":"Explosive Potion"}],"is_trial":false,"path_per_floor":["M","M","?","?","M","R","E","M","T","R","M","?","R","M","R","B",null,"M","?","$","M","M","R","$","R","T","?","M","R","M","E","R","B"],"character_chosen":"IRONCLAD","items_purchased":["Shrug It Off","ClockworkSouvenir"],"campfire_rested":4,"item_purchase_floors":[20,20],"current_hp_per_floor":[68,67,67,67,73,73,71,70,70,70,59,59,59,58,58,22,62,62,62,62,54,36,58,58,75,75,59,49,71,65,49,71,0],"gold":187,"neow_bonus":"RANDOM_COMMON_RELIC","is_prod":false,"is_daily":false,"chose_seed":false,"campfire_upgraded":4,"win_rate":0,"timestamp":1551010345,"path_taken":["M","M","?","?","M","R","E","?","T","R","M","?","R","M","R","BOSS","M","?","?","M","M","R","?","R","T","?","M","R","M","E","R","BOSS"],"build_version":"2019-01-23","purchased_purges":1,"victory":false,"max_hp_per_floor":[75,75,75,75,75,75,75,75,75,75,75,75,75,75,75,75,75,75,75,75,75,75,75,75,75,75,75,75,75,75,75,75,75],"card_choices":[{"not_picked":["True Grit","Heavy Blade"],"picked":"Rampage","floor":1.0},{"not_picked":["Ghostly Armor","Sentinel"],"picked":"Armaments","floor":2.0},{"not_picked":["Heavy Blade","Blood for Blood"],"picked":"Thunderclap","floor":5.0},{"not_picked":["Armaments","Havoc","Infernal Blade"],"picked":"SKIP","floor":7.0},{"not_picked":["True Grit","Evolve"],"picked":"Flame Barrier","floor":8.0},{"not_picked":["Flex","Wild Strike","Infernal Blade"],"picked":"SKIP","floor":11.0},{"not_picked":["Thunderclap","Armaments"],"picked":"Immolate","floor":14.0},{"not_picked":["Reaper","Dark Embrace"],"picked":"Double Tap","floor":16.0},{"not_picked":["Power Through","Fire Breathing","Sever Soul"],"picked":"SKIP","floor":18.0},{"not_picked":["Sever Soul","Anger+1","Sword Boomerang"],"picked":"SKIP","floor":21.0},{"not_picked":["Perfected Strike","Armaments","Anger+1"],"picked":"SKIP","floor":22.0},{"not_picked":["Anger","Armaments"],"picked":"Headbutt","floor":27.0},{"not_picked":["Wild Strike","Cleave+1","Sentinel+1"],"picked":"SKIP","floor":28.0},{"not_picked":["Flex+1","Thunderclap","Shrug It Off"],"picked":"SKIP","floor":30.0},{"not_picked":["Sword Boomerang","Armaments+1","Corruption"],"picked":"SKIP","floor":31.0}],"player_experience":886569,"relics_obtained":[{"floor":7.0,"key":"Ginger"},{"floor":9.0,"key":"Pantograph"},{"floor":26.0,"key":"Whetstone"},{"floor":27.0,"key":"Red Mask"},{"floor":31.0,"key":"Boot"}],"event_choices":[{"damage_healed":0.0,"max_hp_gain":0.0,"max_hp_loss":0.0,"gold_gain":0.0,"event_name":"Liars Game","player_choice":"Ignored","floor":3.0,"gold_loss":0.0,"damage_taken":0.0},{"damage_healed":0.0,"max_hp_gain":0.0,"max_hp_loss":0.0,"gold_gain":0.0,"cards_transformed":["Strike_R"],"event_name":"Transmorgrifier","player_choice":"Transformed","floor":4.0,"gold_loss":0.0,"damage_taken":0.0,"cards_obtained":["Blood for Blood"]},{"cards_removed":["Strike_R"],"damage_healed":0.0,"max_hp_gain":0.0,"max_hp_loss":0.0,"gold_gain":0.0,"event_name":"Living Wall","player_choice":"Forget","floor":12.0,"gold_loss":0.0,"damage_taken":0.0},{"cards_removed":["Strike_R"],"damage_healed":0.0,"max_hp_gain":0.0,"max_hp_loss":0.0,"gold_gain":0.0,"event_name":"Purifier","player_choice":"Purged","floor":19.0,"gold_loss":0.0,"damage_taken":0.0},{"damage_healed":0.0,"max_hp_gain":0.0,"max_hp_loss":0.0,"gold_gain":0.0,"event_name":"Masked Bandits","player_choice":"Fought Bandits","floor":27.0,"gold_loss":0.0,"damage_taken":0.0}],"is_beta":false,"boss_relics":[{"not_picked":["Tiny House","Coffee Dripper"],"picked":"Fusion Hammer"}],"items_purged_floors":[20],"is_endless":false,"potions_floor_spawned":[5,8,11,14,16,21,27],"killed_by":"Champ","ascension_level":19}