{"gold_per_floor":[119,119,119,136,136,136,152,186,212,212,53,66,66,66,66,142,142,159,159,159,6,6,6,16,33,33,64,64,64,84,7,7,86,86,99,99,99],"floor_reached":38,"playtime":1809,"items_purged":["Strike_R","Strike_R"],"score":1120,"play_id":"488d69ce-147f-45eb-9d8b-768160af639b","local_time":"20190221213757","is_ascension_mode":true,"campfire_choices":[{"data":"Shockwave","floor":6.0,"key":"SMITH"},{"data":"Flame Barrier","floor":10.0,"key":"SMITH"},{"data":"Rampage","floor":13.0,"key":"SMITH"},{"data":"Bash","floor":15.0,"key":"SMITH"},{"data":"J.A.X.","floor":23.0,"key":"SMITH"},{"data":"True Grit","floor":29.0,"key":"SMITH"},{"floor":32.0,"key":"REST"}],"neow_cost":"NONE","seed_source_timestamp":1289095586034836,"circlet_count":0,"master_deck":["AscendersBane","Strike_R","Strike_R","Strike_R+1","Defend_R","Defend_R","Defend_R+1","Defend_R+1","Bash+1","Shockwave+1","Twin Strike+1","Flame Barrier+1","Rampage+1","Headbutt","Rage","J.A.X.+1","Headbutt","Shrug It Off+1","True Grit+1","Reaper","Ghostly Armor+1","Metallicize","Limit Break"],"special_seed":0,"relics":["Burning Blood","Strawberry","Whetstone","War Paint","Unceasing Top","Velvet Choker","Torii","Centennial Puzzle","Runic Pyramid"],"potions_floor_usage":[37],"damage_taken":[{"damage":1.0,"enemies":"2 Louse","floor":1.0,"turns":2.0},{"damage":13.0,"enemies":"Jaw Worm","floor":4.0,"turns":5.0},{"damage":4.0,"enemies":"Small Slimes","floor":7.0,"turns":4.0},{"damage":31.0,"enemies":"3 Sentries","floor":8.0,"turns":6.0},{"damage":4.0,"enemies":"3 Louse","floor":12.0,"turns":3.0},{"damage":21.0,"enemies":"Hexaghost","floor":16.0,"turns":9.0},{"damage":22.0,"enemies":"Spheric Guardian","floor":18.0,"turns":6.0},{"damage":13.0,"enemies":"Colosseum Slavers","floor":22.0,"turns":4.0},{"damage":17.0,"enemies":"2 Thieves","floor":24.0,"turns":3.0},{"damage":6.0,"enemies":"Centurion and Healer","floor":25.0,"turns":5.0},{"damage":23.0,"enemies":"Book of Stabbing","floor":27.0,"turns":5.0},{"damage":14.0,"enemies":"Chosen and Byrds","floor":30.0,"turns":6.0},{"damage":53.0,"enemies":"Automaton","floor":33.0,"turns":9.0},{"damage":27.0,"enemies":"3 Darklings","floor":35.0,"turns":9.0},{"damage":89,"enemies":"Awakened One","floor":37,"turns":19}],"seed_played":"8612884694421788346","potions_obtained":[{"floor":4.0,"key":"AttackPotion"},{"floor":7.0,"key":"Fire Potion"},{"floor":12.0,"key":"Explosive Potion"},{"floor":16.0,"key":"FearPotion"},{"floor":24.0,"key":"Poison Potion"},{"floor":25.0,"key":"SpeedPotion"},{"floor":35.0,"key":"SneckoOil"}],"is_trial":false,"path_per_floor":["M","?","?","M","?","R","M","E","T","R","$","M","R","T","R","B",null,"M","?","?","$","?","R","M","M","T","E","?","R","M","$","R","B",null,"M","?","B",null],"character_chosen":"IRONCLAD","items_purchased":["Rampage","Headbutt","Metallicize"],"campfire_rested":1,"item_purchase_floors":[11,21,31],"current_hp_per_floor":[80,85,85,78,78,78,80,55,55,55,55,57,57,57,57,42,76,60,60,60,60,53,53,42,42,42,25,25,25,28,28,54,31,73,87,87,46],"gold":99,"neow_bonus":"RANDOM_COMMON_RELIC","is_prod":false,"is_daily":false,"chose_seed":false,"campfire_upgraded":6,"win_rate":0,"timestamp":1550781477,"path_taken":["M","?","?","M","?","R","M","E","T","R","$","M","R","?","R","BOSS","M","?","?","$","?","R","M","M","T","E","?","R","M","$","R","BOSS","M","?","BOSS"],"build_version":"2019-01-23","purchased_purges":2,"victory":true,"max_hp_per_floor":[82,87,87,87,87,87,87,87,87,87,87,87,87,87,87,87,87,87,87,87,87,87,87,87,87,87,87,87,87,87,87,87,87,87,87,87,87],"card_choices":[{"not_picked":["Twin Strike","Perfected Strike"],"picked":"Shockwave","floor":1.0},{"not_picked":["Heavy Blade","Anger","Havoc"],"picked":"SKIP","floor":4.0},{"not_picked":["Heavy Blade","Anger","Havoc"],"picked":"SKIP","floor":4.0},{"not_picked":["Heavy Blade","Second Wind"],"picked":"Twin Strike","floor":7.0},{"not_picked":["Heavy Blade","Wild Strike"],"picked":"Flame Barrier","floor":8.0},{"not_picked":["Uppercut","Armaments"],"picked":"Headbutt","floor":12.0},{"not_picked":["Body Slam","Fire Breathing"],"picked":"Rage","floor":18.0},{"not_picked":["Infernal Blade","Perfected Strike"],"picked":"Shrug It Off+1","floor":24.0},{"not_picked":["Armaments","Body Slam"],"picked":"True Grit","floor":25.0},{"not_picked":["Clothesline","Hemokinesis"],"picked":"Reaper","floor":27.0},{"not_picked":["Spot Weakness","Armaments"],"picked":"Ghostly Armor+1","floor":30.0},{"not_picked":["Brutality","Double Tap"],"picked":"Limit Break","floor":33.0},{"not_picked":["Iron Wave","Flex","Searing Blow"],"picked":"SKIP","floor":35.0}],"player_experience":848857,"relics_obtained":[{"floor":8.0,"key":"Whetstone"},{"floor":9.0,"key":"War Paint"},{"floor":14.0,"key":"Unceasing Top"},{"floor":26.0,"key":"Torii"},{"floor":27.0,"key":"Centennial Puzzle"}],"event_choices":[{"damage_healed":0.0,"max_hp_gain":5.0,"max_hp_loss":0.0,"gold_gain":0.0,"event_name":"Big Fish","player_choice":"Donut","floor":2.0,"gold_loss":0.0,"damage_taken":0.0},{"damage_healed":0.0,"max_hp_gain":0.0,"max_hp_loss":0.0,"gold_gain":0.0,"event_name":"Scrap Ooze","player_choice":"Fled","floor":3.0,"gold_loss":0.0,"damage_taken":0.0},{"damage_healed":0.0,"max_hp_gain":0.0,"max_hp_loss":0.0,"gold_gain":0.0,"event_name":"Liars Game","player_choice":"Ignored","floor":5.0,"gold_loss":0.0,"damage_taken":0.0},{"damage_healed":0.0,"max_hp_gain":0.0,"max_hp_loss":0.0,"gold_gain":0.0,"event_name":"Drug Dealer","player_choice":"Obtain J.A.X.","floor":19.0,"gold_loss":0.0,"damage_taken":0.0,"cards_obtained":["J.A.X."]},{"damage_healed":0.0,"max_hp_gain":0.0,"max_hp_loss":0.0,"gold_gain":0.0,"event_name":"Ghosts","player_choice":"Ignored","floor":20.0,"gold_loss":0.0,"damage_taken":0.0},{"damage_healed":0.0,"max_hp_gain":0.0,"max_hp_loss":0.0,"gold_gain":0.0,"event_name":"Colosseum","player_choice":"Fight","floor":22.0,"gold_loss":0.0,"damage_taken":0.0},{"damage_healed":0.0,"max_hp_gain":0.0,"max_hp_loss":0.0,"gold_gain":0.0,"event_name":"Colosseum","player_choice":"Fled From Nobs","floor":22.0,"gold_loss":0.0,"damage_taken":0.0},{"damage_healed":0.0,"max_hp_gain":0.0,"max_hp_loss":0.0,"gold_gain":0.0,"event_name":"The Mausoleum","player_choice":"Ignored","floor":28.0,"gold_loss":0.0,"damage_taken":0.0},{"damage_healed":0.0,"max_hp_gain":0.0,"max_hp_loss":0.0,"gold_gain":0.0,"event_name":"SecretPortal","player_choice":"Took Portal","floor":36.0,"gold_loss":0.0,"damage_taken":0.0}],"is_beta":false,"boss_relics":[{"not_picked":["Coffee Dripper","Ectoplasm"],"picked":"Velvet Choker"},{"not_picked":["Orrery","Pandora\u0027s Box"],"picked":"Runic Pyramid"}],"items_purged_floors":[11,21],"is_endless":false,"potions_floor_spawned":[4,7,12,16,24,25,30,35],"ascension_level":18}