{"path_per_floor":["M","M","?","$","T","R","?","R","T","M","M","?","R","M","R","B",null,"M","M","?"],"character_chosen":"THE_SILENT","items_purchased":["Trip"],"gold_per_floor":[109,126,126,38,111,111,111,111,138,157,170,170,170,186,186,281,281,301,315,315,315],"floor_reached":21,"campfire_rested":0,"playtime":984,"current_hp_per_floor":[50,50,55,55,55,55,55,55,55,57,58,43,43,40,40,14,60,22,24,24,0],"items_purged":[],"gold":315,"score":270,"play_id":"af2b358a-0cf4-480e-847e-b95809e35eef","local_time":"20180324170236","is_prod":false,"is_daily":false,"is_ascension_mode":true,"campfire_upgraded":4,"timestamp":1521907356,"path_taken":["M","M","?","$","?","R","?","R","T","M","M","?","R","M","R","BOSS","M","M","?","M"],"build_version":"2018-03-22v2","purchased_purges":0,"victory":false,"master_deck":["Defend_G","Defend_G","Defend_G","Defend_G","Defend_G","Strike_G+1","Strike_G","Strike_G+1","Strike_G","Survivor","Neutralize+1","AscendersBane","Backflip+1","Trip+1","Cloak And Dagger+1","Die Die Die","Dagger Throw+1"],"max_hp_per_floor":[70,70,75,75,75,75,75,75,75,75,75,75,75,75,75,75,75,75,75,75,75],"relics":["Ring of the Snake","The Courier","Blood Vial","Sozu"],"card_choices":[{"not_picked":["Underhanded Strike","Escape Plan"],"picked":"Backflip","floor":1.0},{"not_picked":["Caltrops","Deadly Poison"],"picked":"Cloak And Dagger","floor":14.0},{"not_picked":["Envenom","A Thousand Cuts"],"picked":"Die Die Die","floor":16.0},{"not_picked":["Underhanded Strike","Prepared"],"picked":"Dagger Throw","floor":19}],"player_experience":444728,"potions_floor_usage":[],"damage_taken":[{"damage":13.0,"enemies":"Jaw Worm","floor":1.0,"turns":7.0},{"damage":0.0,"enemies":"2 Louse","floor":2.0,"turns":3.0},{"damage":0.0,"enemies":"Cultist","floor":10.0,"turns":4.0},{"damage":1.0,"enemies":"3 Louse","floor":11.0,"turns":6.0},{"damage":5.0,"enemies":"Gremlin Gang","floor":14.0,"turns":5.0},{"damage":40.0,"enemies":"The Guardian","floor":16.0,"turns":20.0},{"damage":40,"enemies":"Chosen","floor":18,"turns":8},{"damage":0,"enemies":"Shell Parasite","floor":19,"turns":7},{"damage":63,"enemies":"Cultist and Chosen","floor":21,"turns":7}],"event_choices":[{"event_name":"Big Fish","player_choice":"Donut","floor":3.0,"damage_taken":0.0},{"event_name":"Bonfire Elementals","player_choice":"BASIC","floor":7.0,"damage_taken":0.0},{"event_name":"Shining Light","player_choice":"Entered Light","floor":12.0,"damage_taken":0.0},{"event_name":"Drug Dealer","player_choice":"Ignored","floor":20,"damage_taken":0}],"boss_relics":[],"potions_floor_spawned":[2,10,18],"seed_played":"-6139667717451747800","killed_by":"Cultist and Chosen","ascension_level":12,"is_trial":false}