{"gold_per_floor":[111,36,55,55,71,71,36,36,36,55,55,74,74,101,113,223,235,263,58,58,58,73,73,94,110,110,16,39,39,39,39,39,116,116,135,154,78,78,78,78,98,98,123,141,155,155,184,84,84,84],"floor_reached":51,"playtime":3453,"items_purged":["Strike_G","Survivor"],"score":1412,"play_id":"a6208d3c-c39c-47a5-9c93-fc66c7da9551","local_time":"20190222155431","is_ascension_mode":true,"campfire_choices":[{"data":"Neutralize","floor":6.0,"key":"SMITH"},{"data":"Cloak And Dagger","floor":8.0,"key":"SMITH"},{"data":"After Image","floor":15.0,"key":"SMITH"},{"data":"After Image","floor":23.0,"key":"SMITH"},{"floor":29.0,"key":"REST"},{"data":"Well Laid Plans","floor":30.0,"key":"SMITH"},{"data":"Accuracy","floor":32.0,"key":"SMITH"},{"data":"Wraith Form v2","floor":40.0,"key":"SMITH"},{"data":"Acrobatics","floor":46,"key":"SMITH"},{"data":"Outmaneuver","floor":49,"key":"SMITH"}],"neow_cost":"NONE","seed_source_timestamp":1325905699414059,"circlet_count":0,"master_deck":["AscendersBane","Neutralize+1","Infinite Blades","Cloak And Dagger+1","Cloak And Dagger","After Image+1","After Image","After Image+1","Accuracy","Backflip","Outmaneuver+1","After Image","Well Laid Plans+1","Accuracy+1","Backflip","Wraith Form v2+1","Escape Plan","Acrobatics+1"],"special_seed":0,"relics":["Ring of the Snake","Bloody Idol","Mercury Hourglass","MawBank","Pandora\u0027s Box","OrangePellets","Kunai","WingedGreaves","Empty Cage","Snake Skull","Bottled Tornado"],"potions_floor_usage":[50,50],"damage_taken":[{"damage":7.0,"enemies":"Cultist","floor":1.0,"turns":5.0},{"damage":11.0,"enemies":"Jaw Worm","floor":3.0,"turns":7.0},{"damage":1.0,"enemies":"Small Slimes","floor":5.0,"turns":4.0},{"damage":3.0,"enemies":"Exordium Wildlife","floor":10.0,"turns":4.0},{"damage":0.0,"enemies":"Blue Slaver","floor":12.0,"turns":4.0},{"damage":12.0,"enemies":"The Guardian","floor":16.0,"turns":17.0},{"damage":8.0,"enemies":"Shell Parasite","floor":18.0,"turns":5.0},{"damage":10.0,"enemies":"2 Thieves","floor":20.0,"turns":4.0},{"damage":6.0,"enemies":"Snake Plant","floor":22.0,"turns":6.0},{"damage":13.0,"enemies":"3 Cultists","floor":24.0,"turns":6.0},{"damage":0.0,"enemies":"Cultist and Chosen","floor":25.0,"turns":7.0},{"damage":1.0,"enemies":"Sentry and Sphere","floor":28.0,"turns":7.0},{"damage":5.0,"enemies":"Collector","floor":33.0,"turns":12.0},{"damage":6.0,"enemies":"3 Darklings","floor":35.0,"turns":7.0},{"damage":2.0,"enemies":"3 Shapes","floor":36.0,"turns":6.0},{"damage":0.0,"enemies":"Writhing Mass","floor":41.0,"turns":9.0},{"damage":14.0,"enemies":"4 Shapes","floor":44.0,"turns":6.0},{"damage":13,"enemies":"3 Darklings","floor":45,"turns":8},{"damage":0,"enemies":"Giant Head","floor":47,"turns":9},{"damage":0,"enemies":"Donu and Deca","floor":50,"turns":10}],"seed_played":"1316575828780179353","potions_obtained":[{"floor":3.0,"key":"Weak Potion"},{"floor":5.0,"key":"SpeedPotion"},{"floor":16.0,"key":"PowerPotion"},{"floor":24.0,"key":"Strength Potion"},{"floor":28.0,"key":"AttackPotion"},{"floor":44.0,"key":"Poison Potion"},{"floor":45,"key":"Energy Potion"}],"is_trial":false,"path_per_floor":["M","$","M","?","M","R","?","R","T","M","$","M","$","T","R","B",null,"M","$","M","T","M","R","M","M","T","$","M","R","R","?","R","B",null,"M","M","$","?","?","R","M","?","T","M","M","R","E","$","R","B",null],"character_chosen":"THE_SILENT","items_purchased":["OrangePellets","Accuracy","Backflip","Escape Plan"],"campfire_rested":1,"item_purchase_floors":[19,27,27,37],"current_hp_per_floor":[52,52,41,41,40,40,55,55,55,52,52,52,52,52,52,40,55,47,47,37,37,31,31,18,18,18,18,17,35,35,35,35,35,54,53,56,56,56,56,56,60,60,60,51,43,43,48,48,48,48],"gold":84,"neow_bonus":"REMOVE_CARD","is_prod":false,"is_daily":false,"chose_seed":false,"campfire_upgraded":9,"win_rate":0,"timestamp":1550847271,"path_taken":["M","$","?","?","M","R","?","R","T","M","$","M","?","?","R","BOSS","M","$","M","?","M","R","M","?","T","$","M","R","R","?","R","BOSS","M","M","$","?","?","R","M","?","T","?","M","R","E","$","R","BOSS"],"build_version":"2019-01-23","purchased_purges":2,"victory":true,"max_hp_per_floor":[66,66,66,60,60,60,60,60,60,60,60,60,60,60,60,60,60,60,60,60,60,60,60,60,60,60,60,60,60,60,60,60,60,60,60,60,60,60,60,60,60,60,60,60,60,60,60,60,60,60],"card_choices":[{"not_picked":["Poisoned Stab","Bane"],"picked":"Slice","floor":1.0},{"not_picked":["Riddle With Holes","Bouncing Flask"],"picked":"Infinite Blades","floor":3.0},{"not_picked":["Poisoned Stab","Bane"],"picked":"Cloak And Dagger","floor":5.0},{"not_picked":["Deadly Poison","Bouncing Flask"],"picked":"Cloak And Dagger","floor":10.0},{"not_picked":["Deflect","Cloak And Dagger"],"picked":"After Image","floor":12.0},{"not_picked":["Grand Finale","Night Terror"],"picked":"After Image","floor":16.0},{"not_picked":["Choke","Outmaneuver","Reflex"],"picked":"SKIP","floor":18.0},{"not_picked":["Masterful Stab","Noxious Fumes"],"picked":"Well Laid Plans","floor":20.0},{"not_picked":["Dodge and Roll","Bane","Dash"],"picked":"SKIP","floor":22.0},{"not_picked":["Dodge and Roll","Endless Agony","Cloak And Dagger"],"picked":"SKIP","floor":24.0},{"not_picked":["Cloak And Dagger","Poisoned Stab","Prepared"],"picked":"SKIP","floor":25.0},{"not_picked":["Poisoned Stab","Dodge and Roll","Sucker Punch"],"picked":"SKIP","floor":28.0},{"not_picked":["Bullet Time","Doppelganger"],"picked":"Wraith Form v2","floor":33.0},{"not_picked":["Bane+1","Flying Knee","Cloak And Dagger+1"],"picked":"SKIP","floor":35.0},{"not_picked":["Underhanded Strike","Dagger Throw+1","Tactician"],"picked":"SKIP","floor":36.0},{"not_picked":["Footwork","Acrobatics","Poisoned Stab"],"picked":"SKIP","floor":41.0},{"not_picked":["Dagger Throw","Outmaneuver","Bane"],"picked":"SKIP","floor":44.0},{"not_picked":["Expertise","Crippling Poison"],"picked":"Acrobatics","floor":45},{"not_picked":["Poisoned Stab","Setup","Backflip"],"picked":"SKIP","floor":47}],"player_experience":861320,"relics_obtained":[{"floor":9.0,"key":"Mercury Hourglass"},{"floor":14.0,"key":"MawBank"},{"floor":21.0,"key":"Kunai"},{"floor":26.0,"key":"WingedGreaves"},{"floor":43.0,"key":"Snake Skull"},{"floor":47,"key":"Bottled Tornado"}],"event_choices":[{"damage_healed":0.0,"max_hp_gain":0.0,"max_hp_loss":6.0,"gold_gain":0.0,"event_name":"Golden Idol","player_choice":"Lose Max HP","floor":4.0,"gold_loss":0.0,"damage_taken":0.0,"relics_obtained":["Golden Idol"]},{"damage_healed":15.0,"max_hp_gain":0.0,"max_hp_loss":0.0,"gold_gain":0.0,"event_name":"The Cleric","player_choice":"Healed","floor":7.0,"gold_loss":35.0,"damage_taken":0.0},{"damage_healed":0.0,"max_hp_gain":0.0,"max_hp_loss":0.0,"gold_gain":0.0,"event_name":"Forgotten Altar","player_choice":"Gave Idol","floor":31.0,"relics_lost":["Golden Idol"],"gold_loss":0.0,"damage_taken":0.0,"relics_obtained":["Bloody Idol"]},{"damage_healed":0.0,"max_hp_gain":0.0,"max_hp_loss":0.0,"gold_gain":0.0,"event_name":"Mysterious Sphere","player_choice":"Ignored","floor":38.0,"gold_loss":0.0,"damage_taken":0.0},{"cards_removed":["Slice"],"damage_healed":0.0,"max_hp_gain":0.0,"max_hp_loss":0.0,"gold_gain":0.0,"event_name":"Falling","player_choice":"Removed Attack","floor":39.0,"gold_loss":0.0,"damage_taken":0.0},{"cards_removed":["Backstab"],"damage_healed":0.0,"max_hp_gain":0.0,"max_hp_loss":0.0,"gold_gain":0.0,"event_name":"Bonfire Elementals","player_choice":"Offered Uncommon","floor":42.0,"gold_loss":0.0,"damage_taken":0.0}],"is_beta":false,"boss_relics":[{"not_picked":["Eternal Feather","Busted Crown"],"picked":"Pandora\u0027s Box"},{"not_picked":["Black Star","Philosopher\u0027s Stone"],"picked":"Empty Cage"}],"items_purged_floors":[2,48],"is_endless":false,"potions_floor_spawned":[3,5,16,24,28,33,35,44,45],"ascension_level":18}