{"gold_per_floor":[119,194,206,206,18,59,84,84,84,84,107,32,51,89,89,213,213,238,238,252,202,215,215,249,249,249,263,263,20,75,350,350,479,479,492,617,73,73,139,139,139],"floor_reached":41,"playtime":1449,"items_purged":["Dualcast","Injury","Regret"],"score":551,"play_id":"d30a86be-8c6e-4fc4-9a4c-8ca39c9f925d","local_time":"20190721223546","is_ascension_mode":true,"campfire_choices":[{"data":"Apotheosis","floor":8,"key":"SMITH"},{"data":"Hyperbeam","floor":10,"key":"SMITH"},{"floor":15,"key":"RECALL"},{"data":"Hyperbeam","floor":23,"key":"SMITH"},{"floor":25,"key":"REST"},{"floor":32,"key":"REST"},{"floor":40,"key":"DIG"}],"neow_cost":"CURSE","seed_source_timestamp":878132140863541,"circlet_count":0,"master_deck":["Strike_B","Strike_B","Strike_B","Strike_B","Defend_B","Defend_B","Defend_B","Defend_B","Zap","Blind+1","Dark Shackles","Ball Lightning","Apotheosis+1","Hyperbeam+1","Gash","Go for the Eyes","Gash","Hyperbeam+1","Sweeping Beam","Go for the Eyes+1","Hyperbeam","Double Energy+1","Gash+1","Secret Technique","Rebound"],"relics":["FrozenCore","Golden Idol","Mango","Thread and Needle","Odd Mushroom","The Courier","ClockworkSouvenir","Juzu Bracelet","Nuclear Battery","Shovel","Toxic Egg 2","Happy Flower","Nunchaku","Vajra"],"potions_floor_usage":[16,24,33,36,36],"damage_taken":[{"damage":5,"enemies":"Small Slimes","floor":1,"turns":3},{"damage":12,"enemies":"Jaw Worm","floor":3,"turns":3},{"damage":5,"enemies":"Lagavulin","floor":6,"turns":8},{"damage":4,"enemies":"Cultist","floor":7,"turns":3},{"damage":0,"enemies":"Blue Slaver","floor":11,"turns":3},{"damage":0,"enemies":"Large Slime","floor":13,"turns":6},{"damage":0,"enemies":"The Mushroom Lair","floor":14,"turns":2},{"damage":0,"enemies":"Slime Boss","floor":16,"turns":6},{"damage":13,"enemies":"2 Thieves","floor":18,"turns":3},{"damage":11,"enemies":"Shell Parasite","floor":20,"turns":4},{"damage":15,"enemies":"Snake Plant","floor":22,"turns":6},{"damage":44,"enemies":"Gremlin Leader","floor":24,"turns":6},{"damage":2,"enemies":"Cultist and Chosen","floor":27,"turns":5},{"damage":40,"enemies":"Collector","floor":33,"turns":9},{"damage":14,"enemies":"Orb Walker","floor":35,"turns":4},{"damage":2,"enemies":"Mind Bloom Boss Battle","floor":36,"turns":5},{"damage":18,"enemies":"2 Orb Walkers","floor":39,"turns":3},{"damage":78,"enemies":"Giant Head","floor":41,"turns":8}],"seed_played":"-5871020776900520979","potions_obtained":[{"floor":3,"key":"FocusPotion"},{"floor":6,"key":"GamblersBrew"},{"floor":11,"key":"EssenceOfSteel"},{"floor":14,"key":"Strength Potion"},{"floor":20,"key":"Swift Potion"},{"floor":27,"key":"SteroidPotion"},{"floor":33,"key":"GamblersBrew"},{"floor":35,"key":"AttackPotion"},{"floor":39,"key":"SpeedPotion"}],"is_trial":false,"path_per_floor":["M","?","M","?","$","E","M","R","T","R","M","$","M","?","R","B",null,"M","?","M","?","M","R","E","R","T","M","?","$","T","?","R","B",null,"M","?","$","?","?","R","E"],"character_chosen":"DEFECT","items_purchased":["Apotheosis","ClockworkSouvenir","Secret Technique","Toxic Egg 2","Happy Flower"],"campfire_rested":2,"item_purchase_floors":[5,29,37,37,37],"current_hp_per_floor":[70,59,47,29,29,38,34,34,34,34,34,34,34,34,34,34,89,76,76,65,65,50,50,6,32,32,30,30,30,30,30,56,16,89,75,73,73,73,55,55,0],"gold":139,"neow_bonus":"RANDOM_COLORLESS_2","is_prod":false,"is_daily":false,"chose_seed":false,"campfire_upgraded":3,"win_rate":0,"timestamp":1563762946,"path_taken":["M","?","M","?","?","E","M","R","T","R","?","$","M","?","R","BOSS","M","?","M","?","?","R","E","R","T","M","?","?","?","?","R","BOSS","M","?","$","?","?","R","E"],"build_version":"2019-07-17","purchased_purges":3,"victory":false,"max_hp_per_floor":[75,75,75,75,75,89,89,89,89,89,89,89,89,89,89,89,89,89,89,89,89,89,89,89,89,89,89,89,89,89,89,89,89,89,89,89,89,89,89,89,89],"card_choices":[{"not_picked":["Stack","Capacitor"],"picked":"Ball Lightning","floor":1},{"not_picked":["Chill","Self Repair"],"picked":"Storm","floor":3},{"not_picked":["Cold Snap","Turbo"],"picked":"Hyperbeam","floor":6},{"not_picked":["Steam","Hologram","Sweeping Beam"],"picked":"SKIP","floor":7},{"not_picked":["Tempest","Consume"],"picked":"Gash","floor":11},{"not_picked":["Genetic Algorithm","Defragment"],"picked":"Go for the Eyes","floor":13},{"not_picked":["Storm","Steam"],"picked":"Gash","floor":14},{"not_picked":["Electrodynamics","Amplify"],"picked":"Hyperbeam","floor":16},{"not_picked":["Redo","Ball Lightning","Conserve Battery"],"picked":"SKIP","floor":18},{"not_picked":["Turbo","Conserve Battery"],"picked":"Sweeping Beam","floor":20},{"not_picked":["Cold Snap","Aggregate","Hologram"],"picked":"SKIP","floor":22},{"not_picked":["Leap","Ball Lightning+1"],"picked":"Go for the Eyes+1","floor":24},{"not_picked":["Darkness+1","Undo","Storm"],"picked":"SKIP","floor":27},{"not_picked":["Reboot","Core Surge"],"picked":"Hyperbeam","floor":33},{"not_picked":["Cold Snap","Redo"],"picked":"Double Energy+1","floor":35},{"not_picked":["Lockon","Melter"],"picked":"Gash+1","floor":36},{"not_picked":["Hologram+1","Leap+1"],"picked":"Rebound","floor":39}],"player_experience":194670,"relics_obtained":[{"floor":6,"key":"Mango"},{"floor":9,"key":"Thread and Needle"},{"floor":14,"key":"Odd Mushroom"},{"floor":24,"key":"The Courier"},{"floor":30,"key":"Juzu Bracelet"},{"floor":36,"key":"Shovel"},{"floor":39,"key":"Nunchaku"},{"floor":40,"key":"Vajra"}],"event_choices":[{"damage_healed":0,"gold_gain":75,"player_choice":"Gather Gold","damage_taken":11,"max_hp_gain":0,"max_hp_loss":0,"event_name":"World of Goop","floor":2,"gold_loss":0},{"damage_healed":0,"gold_gain":0,"player_choice":"Take Damage","damage_taken":18,"relics_obtained":["Golden Idol"],"max_hp_gain":0,"max_hp_loss":0,"event_name":"Golden Idol","floor":4,"gold_loss":0},{"damage_healed":0,"gold_gain":0,"player_choice":"Fought Mushrooms","damage_taken":0,"max_hp_gain":0,"max_hp_loss":0,"event_name":"Mushrooms","floor":14,"gold_loss":0},{"damage_healed":0,"gold_gain":0,"player_choice":"Ignored","damage_taken":0,"max_hp_gain":0,"max_hp_loss":0,"event_name":"Ghosts","floor":19,"gold_loss":0},{"damage_healed":0,"gold_gain":0,"player_choice":"Bet on Owner","damage_taken":0,"max_hp_gain":0,"max_hp_loss":0,"event_name":"The Joust","floor":21,"gold_loss":50},{"damage_healed":0,"gold_gain":0,"player_choice":"Upgraded","damage_taken":0,"max_hp_gain":0,"max_hp_loss":0,"event_name":"Upgrade Shrine","floor":28,"gold_loss":0,"cards_upgraded":["Blind"]},{"damage_healed":0,"gold_gain":275,"player_choice":"Desecrate","damage_taken":0,"max_hp_gain":0,"max_hp_loss":0,"event_name":"Golden Shrine","floor":31,"gold_loss":0,"cards_obtained":["Regret"]},{"damage_healed":0,"gold_gain":0,"player_choice":"Fight","damage_taken":0,"max_hp_gain":0,"max_hp_loss":0,"event_name":"MindBloom","floor":36,"gold_loss":0},{"cards_removed":["Storm"],"damage_healed":0,"gold_gain":0,"player_choice":"Removed Power","damage_taken":0,"max_hp_gain":0,"max_hp_loss":0,"event_name":"Falling","floor":38,"gold_loss":0},{"damage_healed":0,"gold_gain":0,"player_choice":"Fight","damage_taken":0,"max_hp_gain":0,"max_hp_loss":0,"event_name":"Mysterious Sphere","floor":39,"gold_loss":0}],"is_beta":false,"boss_relics":[{"not_picked":["Cursed Key","Sozu"],"picked":"FrozenCore"},{"not_picked":["Tiny House","Fusion Hammer"],"picked":"Nuclear Battery"}],"items_purged_floors":[12,29,37],"is_endless":false,"potions_floor_spawned":[3,6,11,14,20,27,33,35,39],"killed_by":"Giant Head","ascension_level":2}