{"gold_per_floor":[117,117,128,45,61,61,77,77,77,77,93,123,143,160,160,235,235,245,245,1,18,18,18,36,47,71,71,71,71,71,71,71,143,143,156,156,30,30,45,45,60,60,60,60,71,71,71,82,82,82],"floor_reached":51,"playtime":2215,"items_purged":["Decay","Decay"],"score":1362,"play_id":"de2843dd-248e-4869-98cf-3c0cb8b3bdb0","local_time":"20190223095103","is_ascension_mode":true,"campfire_choices":[{"data":"Zap","floor":6.0,"key":"SMITH"},{"data":"Defragment","floor":8.0,"key":"SMITH"},{"data":"Redo","floor":10.0,"key":"SMITH"},{"data":"Coolheaded","floor":15.0,"key":"SMITH"},{"floor":23.0,"key":"REST"},{"data":"Redo","floor":30.0,"key":"SMITH"},{"data":"Dualcast","floor":32.0,"key":"SMITH"},{"data":"Coolheaded","floor":40.0,"key":"SMITH"},{"data":"Blizzard","floor":42.0,"key":"SMITH"},{"floor":49,"key":"REST"}],"neow_cost":"NONE","seed_source_timestamp":1373485141414265,"circlet_count":0,"master_deck":["AscendersBane","Strike_B","Defend_B","Defend_B","Defend_B+1","Defend_B","Zap+1","Dualcast+1","Coolheaded+1","Compile Driver","Defragment+1","Melter","Redo+1","Glacier","Clumsy","Glacier","Conserve Battery+1","Blizzard+1","Redo+1","Barrage+1","Coolheaded+1","Blizzard+1"],"special_seed":0,"relics":["Cracked Core","DataDisk","Kunai","The Courier","Calling Bell","Regal Pillow","Matryoshka","Emotion Chip","Runic Capacitor","Strawberry","Juzu Bracelet","Sozu","War Paint","Shuriken","Molten Egg 2"],"potions_floor_usage":[50],"damage_taken":[{"damage":0.0,"enemies":"Small Slimes","floor":1.0,"turns":3.0},{"damage":6.0,"enemies":"Cultist","floor":3.0,"turns":3.0},{"damage":3.0,"enemies":"2 Louse","floor":5.0,"turns":3.0},{"damage":4.0,"enemies":"Looter","floor":7.0,"turns":3.0},{"damage":0.0,"enemies":"Lots of Slimes","floor":11.0,"turns":1.0},{"damage":25.0,"enemies":"Lagavulin","floor":12.0,"turns":5.0},{"damage":14.0,"enemies":"Gremlin Gang","floor":13.0,"turns":5.0},{"damage":1.0,"enemies":"Looter","floor":14.0,"turns":3.0},{"damage":0.0,"enemies":"The Guardian","floor":16.0,"turns":12.0},{"damage":13.0,"enemies":"Chosen","floor":18.0,"turns":6.0},{"damage":12.0,"enemies":"2 Thieves","floor":21.0,"turns":5.0},{"damage":3.0,"enemies":"Snecko","floor":24.0,"turns":9.0},{"damage":8.0,"enemies":"Snake Plant","floor":25.0,"turns":4.0},{"damage":6.0,"enemies":"Champ","floor":33.0,"turns":15.0},{"damage":8.0,"enemies":"3 Shapes","floor":35.0,"turns":5.0},{"damage":6.0,"enemies":"Orb Walker","floor":39.0,"turns":4.0},{"damage":16.0,"enemies":"Spire Growth","floor":41.0,"turns":8.0},{"damage":10,"enemies":"Transient","floor":45,"turns":6},{"damage":12,"enemies":"Writhing Mass","floor":48,"turns":8},{"damage":19,"enemies":"Time Eater","floor":50,"turns":20}],"seed_played":"-1914557874692884524","potions_obtained":[{"floor":5.0,"key":"AttackPotion"},{"floor":7.0,"key":"GamblersBrew"},{"floor":16.0,"key":"AttackPotion"},{"floor":18.0,"key":"PowerPotion"},{"floor":33.0,"key":"Ancient Potion"}],"is_trial":false,"path_per_floor":["M","?","M","$","M","R","M","R","T","R","M","E","M","M","R","B",null,"M","?","$","M","$","R","M","M","T","?","?","$","R","?","R","B",null,"M","?","$","?","M","R","M","R","T","T","M","?","$","M","R","B",null],"character_chosen":"DEFECT","items_purchased":["Defragment","Runic Capacitor","Coolheaded"],"campfire_rested":2,"item_purchase_floors":[4,20,37],"current_hp_per_floor":[64,64,58,58,55,55,51,51,51,51,51,26,12,11,11,11,56,43,43,43,31,31,67,64,56,63,63,63,63,63,63,63,57,73,65,65,65,65,59,59,43,43,43,43,33,61,61,49,61,42],"gold":82,"neow_bonus":"RANDOM_COMMON_RELIC","is_prod":false,"is_daily":false,"chose_seed":false,"campfire_upgraded":8,"win_rate":0,"timestamp":1550911863,"path_taken":["M","?","?","$","M","R","M","R","T","R","M","E","M","M","R","BOSS","M","?","$","M","$","R","M","M","T","?","?","$","R","?","R","BOSS","M","?","$","?","M","R","M","R","T","?","M","?","$","M","R","BOSS"],"build_version":"2019-01-23","purchased_purges":2,"victory":true,"max_hp_per_floor":[71,71,71,71,71,71,71,71,71,71,71,71,71,71,71,71,71,71,71,71,71,71,71,71,71,78,78,78,78,78,78,78,78,78,78,74,74,74,74,74,74,74,74,74,74,61,61,61,61,61],"card_choices":[{"not_picked":["Go for the Eyes","Ball Lightning"],"picked":"Coolheaded","floor":1.0},{"not_picked":["Stack","Genetic Algorithm"],"picked":"Compile Driver","floor":3.0},{"not_picked":["Lockon","Hologram"],"picked":"Melter","floor":5.0},{"not_picked":["Darkness","Gash"],"picked":"Redo","floor":7.0},{"not_picked":["Rebound","Cold Snap","Turbo"],"picked":"SKIP","floor":11.0},{"not_picked":["White Noise","Melter"],"picked":"Glacier","floor":12.0},{"not_picked":["Double Energy","Hologram","Fission"],"picked":"SKIP","floor":13.0},{"not_picked":["Glacier","Doom and Gloom","Rebound"],"picked":"SKIP","floor":14.0},{"not_picked":["Chaos","Streamline","Sunder"],"picked":"SKIP","floor":18.0},{"not_picked":["Beam Cell+1","Force Field"],"picked":"Blizzard+1","floor":21.0},{"not_picked":["Loop","Darkness"],"picked":"Redo","floor":24.0},{"not_picked":["Steam Power","Hologram+1"],"picked":"Skim","floor":25.0},{"not_picked":["Darkness+1","Force Field"],"picked":"Barrage+1","floor":35.0},{"not_picked":["Sweeping Beam","Cold Snap+1","Steam Power"],"picked":"SKIP","floor":39.0},{"not_picked":["Rebound","Self Repair"],"picked":"Blizzard","floor":41.0},{"not_picked":["Beam Cell+1","Genetic Algorithm","Loop+1"],"picked":"SKIP","floor":45},{"not_picked":["Echo Form","Darkness","Turbo"],"picked":"SKIP","floor":48}],"player_experience":871692,"relics_obtained":[{"floor":9.0,"key":"Kunai"},{"floor":12.0,"key":"The Courier"},{"floor":17.0,"key":"Regal Pillow"},{"floor":17.0,"key":"Matryoshka"},{"floor":17.0,"key":"Emotion Chip"},{"floor":26.0,"key":"Strawberry"},{"floor":26.0,"key":"Juzu Bracelet"},{"floor":43.0,"key":"War Paint"},{"floor":43.0,"key":"Shuriken"},{"floor":44.0,"key":"Molten Egg 2"}],"event_choices":[{"cards_removed":["Strike_B"],"damage_healed":0.0,"max_hp_gain":0.0,"max_hp_loss":0.0,"gold_gain":0.0,"event_name":"Bonfire Elementals","player_choice":"Offered Basic","floor":2.0,"gold_loss":0.0,"damage_taken":0.0},{"damage_healed":0.0,"max_hp_gain":0.0,"max_hp_loss":0.0,"gold_gain":0.0,"cards_transformed":["Strike_B","Strike_B"],"event_name":"Drug Dealer","player_choice":"Became Test Subject","floor":19.0,"gold_loss":0.0,"damage_taken":0.0,"cards_obtained":["Glacier","Conserve Battery"]},{"cards_removed":["Shame"],"damage_healed":0.0,"max_hp_gain":0.0,"max_hp_loss":0.0,"gold_gain":0.0,"event_name":"Back to Basics","player_choice":"Elegance","floor":27.0,"gold_loss":0.0,"damage_taken":0.0},{"damage_healed":0.0,"max_hp_gain":0.0,"max_hp_loss":0.0,"gold_gain":0.0,"event_name":"Wheel of Change","player_choice":"Cursed","floor":28.0,"gold_loss":0.0,"damage_taken":0.0,"cards_obtained":["Decay"]},{"damage_healed":0.0,"max_hp_gain":0.0,"max_hp_loss":0.0,"gold_gain":0.0,"event_name":"Upgrade Shrine","player_choice":"Upgraded","floor":31.0,"gold_loss":0.0,"damage_taken":0.0,"cards_upgraded":["Skim"]},{"damage_healed":0.0,"max_hp_gain":0.0,"max_hp_loss":4.0,"gold_gain":0.0,"event_name":"Winding Halls","player_choice":"Max HP","floor":36.0,"gold_loss":0.0,"damage_taken":0.0},{"cards_removed":["Skim"],"damage_healed":0.0,"max_hp_gain":0.0,"max_hp_loss":0.0,"gold_gain":0.0,"event_name":"Falling","player_choice":"Removed Skill","floor":38.0,"gold_loss":0.0,"damage_taken":0.0},{"damage_healed":61,"gold_gain":0,"player_choice":"Heal","damage_taken":0,"max_hp_gain":0,"max_hp_loss":13,"event_name":"The Moai Head","floor":46,"gold_loss":0}],"is_beta":false,"boss_relics":[{"not_picked":["Runic Pyramid","Tiny House"],"picked":"Calling Bell"},{"not_picked":["Lizard Tail","Black Star"],"picked":"Sozu"}],"items_purged_floors":[20,37],"is_endless":false,"potions_floor_spawned":[5,7,16,18,24,25,33,35,41],"ascension_level":19}