{"gold_per_floor":[118,130,142,74,74,74,88,88,88,114,114,131,131,142,142,238,238,250,262,262,337,349,349,374,374,453,470,486,486],"floor_reached":29,"playtime":1054,"items_purged":[],"score":259,"play_id":"88fb13df-40d1-4f6e-a4f0-4174277c1839","local_time":"20190709182412","is_ascension_mode":true,"campfire_choices":[{"data":"Storm","floor":6,"key":"SMITH"},{"data":"Tempest","floor":8,"key":"SMITH"},{"data":"Static Discharge","floor":11,"key":"SMITH"},{"data":"Sunder","floor":13,"key":"SMITH"},{"data":"Tempest","floor":15,"key":"SMITH"},{"data":"Electrodynamics","floor":23,"key":"SMITH"},{"data":"Capacitor","floor":25,"key":"SMITH"}],"neow_cost":"NONE","seed_source_timestamp":120253352034951,"circlet_count":0,"master_deck":["Strike_B","Strike_B","Strike_B","Defend_B","Defend_B","Defend_B","Defend_B","Zap","Dualcast","Rebound","Self Repair","Tempest+1","Amplify","Storm+1","Sweeping Beam","Tempest+1","Static Discharge+1","Sunder+1","Electrodynamics+1","Hologram+1","Ball Lightning","Capacitor+1","Double Energy+1"],"relics":["Cracked Core","Oddly Smooth Stone","Mercury Hourglass","Philosopher\u0027s Stone","Orichalcum"],"potions_floor_usage":[7,10,16,27],"damage_taken":[{"damage":1,"enemies":"Cultist","floor":1,"turns":3},{"damage":1,"enemies":"Jaw Worm","floor":2,"turns":4},{"damage":5,"enemies":"2 Louse","floor":3,"turns":3},{"damage":8,"enemies":"Gremlin Gang","floor":7,"turns":3},{"damage":22,"enemies":"Gremlin Nob","floor":10,"turns":4},{"damage":5,"enemies":"Large Slime","floor":12,"turns":4},{"damage":6,"enemies":"Blue Slaver","floor":14,"turns":2},{"damage":48,"enemies":"Hexaghost","floor":16,"turns":6},{"damage":0,"enemies":"Spheric Guardian","floor":18,"turns":3},{"damage":12,"enemies":"Chosen","floor":19,"turns":3},{"damage":26,"enemies":"Snecko","floor":22,"turns":4},{"damage":21,"enemies":"Gremlin Leader","floor":24,"turns":4},{"damage":18,"enemies":"Snake Plant","floor":27,"turns":2},{"damage":12,"enemies":"Centurion and Healer","floor":28,"turns":4},{"damage":12,"enemies":"Shelled Parasite and Fungi","floor":29,"turns":1}],"seed_played":"-8798525141084767651","potions_obtained":[{"floor":3,"key":"Explosive Potion"},{"floor":7,"key":"AttackPotion"},{"floor":12,"key":"AttackPotion"},{"floor":19,"key":"FearPotion"},{"floor":22,"key":"Ancient Potion"},{"floor":24,"key":"PowerPotion"}],"is_trial":false,"path_per_floor":["M","M","M","$","?","R","M","R","T","E","R","M","R","M","R","B",null,"M","M","?","?","M","R","E","R","T","M","M","M"],"character_chosen":"DEFECT","items_purchased":["Storm"],"campfire_rested":0,"item_purchase_floors":[4],"current_hp_per_floor":[74,75,75,75,75,75,67,67,67,52,52,61,61,62,62,21,75,75,75,75,68,49,49,35,35,35,17,12,0],"gold":486,"neow_bonus":"THREE_CARDS","is_prod":false,"is_daily":false,"chose_seed":false,"campfire_upgraded":7,"win_rate":0,"timestamp":1562711052,"path_taken":["M","M","M","$","?","R","M","R","T","E","R","M","R","M","R","BOSS","M","?","?","?","M","R","E","R","T","M","M","M"],"build_version":"2019-07-05","purchased_purges":0,"victory":false,"max_hp_per_floor":[75,75,75,75,75,75,75,75,75,75,75,75,75,75,75,75,75,75,75,75,75,75,75,75,75,75,75,75,75],"card_choices":[{"not_picked":["Hologram","Go for the Eyes"],"picked":"Rebound","floor":0},{"not_picked":["Barrage","Compile Driver"],"picked":"Self Repair","floor":1},{"not_picked":["Gash","Streamline"],"picked":"Tempest","floor":2},{"not_picked":["Streamline","Consume"],"picked":"Amplify","floor":3},{"not_picked":["Rebound","Gash"],"picked":"Tempest","floor":7},{"not_picked":["Ball Lightning","Compile Driver"],"picked":"Static Discharge","floor":10},{"not_picked":["Force Field","Aggregate"],"picked":"Sunder","floor":12},{"not_picked":["Hologram","Barrage","Steam"],"picked":"SKIP","floor":14},{"not_picked":["Multi-Cast","Machine Learning"],"picked":"Electrodynamics","floor":16},{"not_picked":["Tempest","Leap","Self Repair"],"picked":"SKIP","floor":18},{"not_picked":["Sweeping Beam","Barrage"],"picked":"Hologram+1","floor":19},{"not_picked":["Glacier","Go for the Eyes+1"],"picked":"Ball Lightning","floor":22},{"not_picked":["Rip and Tear","Auto Shields+1"],"picked":"Capacitor","floor":24},{"not_picked":["Capacitor","Sweeping Beam+1"],"picked":"Double Energy+1","floor":27},{"not_picked":["Conserve Battery","Glacier+1","Cold Snap"],"picked":"SKIP","floor":28}],"player_experience":129494,"relics_obtained":[{"floor":9,"key":"Oddly Smooth Stone"},{"floor":10,"key":"Mercury Hourglass"},{"floor":24,"key":"Orichalcum"}],"event_choices":[{"damage_healed":0,"gold_gain":0,"cards_transformed":["Strike_B"],"player_choice":"Transformed","damage_taken":0,"max_hp_gain":0,"max_hp_loss":0,"event_name":"Transmorgrifier","floor":5,"gold_loss":0,"cards_obtained":["Sweeping Beam"]},{"damage_healed":0,"gold_gain":0,"player_choice":"Ignored","damage_taken":0,"max_hp_gain":0,"max_hp_loss":0,"event_name":"Ghosts","floor":20,"gold_loss":0},{"damage_healed":0,"gold_gain":75,"player_choice":"Touch","damage_taken":7,"max_hp_gain":0,"max_hp_loss":0,"event_name":"FaceTrader","floor":21,"gold_loss":0}],"is_beta":false,"boss_relics":[{"not_picked":["Lizard Tail","Runic Pyramid"],"picked":"Philosopher\u0027s Stone"}],"items_purged_floors":[],"is_endless":false,"potions_floor_spawned":[3,7,12,19,22,24],"killed_by":"Shelled Parasite and Fungi","ascension_level":1}