{"gold_per_floor":[119,119,42,58,72,72,72,98,98,121,140,140,174,190,190,318,318,332,7,32,32,56,56,75,75],"floor_reached":25,"playtime":981,"items_purged":["Strike_B"],"score":328,"play_id":"ae4e5928-720a-449e-94e6-64f5519c6236","local_time":"20180807003355","is_ascension_mode":true,"campfire_choices":[{"data":"Zap","floor":6,"key":"SMITH"},{"floor":12,"key":"REST"},{"floor":15,"key":"REST"},{"data":"Redo","floor":23,"key":"SMITH"}],"neow_cost":"NONE","seed_source_timestamp":380283982120106,"circlet_count":0,"master_deck":["Strike_B","Strike_B","Strike_B","Defend_B+1","Defend_B","Defend_B","Defend_B+1","Zap+1","Dualcast","AscendersBane","Conserve Battery","Redo+1","Defragment","Glacier","Sweeping Beam","Heatsinks+1","Defragment+1","Echo Form+1","Barrage","Force Field"],"relics":["Cracked Core","Golden Idol","Odd Mushroom","Frozen Egg 2","StoneCalendar","Inserter","Mercury Hourglass"],"potions_floor_usage":[13],"damage_taken":[{"damage":2,"enemies":"2 Louse","floor":1,"turns":3},{"damage":11,"enemies":"Jaw Worm","floor":4,"turns":4},{"damage":6,"enemies":"Small Slimes","floor":5,"turns":4},{"damage":8,"floor":8,"turns":6},{"damage":0,"enemies":"Blue Slaver","floor":10,"turns":4},{"damage":1,"enemies":"2 Fungi Beasts","floor":11,"turns":3},{"damage":5,"enemies":"Gremlin Nob","floor":13,"turns":5},{"damage":6,"enemies":"3 Louse","floor":14,"turns":5},{"damage":20,"enemies":"Slime Boss","floor":16,"turns":8},{"damage":11,"enemies":"Shell Parasite","floor":18,"turns":8},{"damage":4,"enemies":"3 Byrds","floor":20,"turns":5},{"damage":12,"enemies":"Snecko","floor":22,"turns":6},{"damage":29,"enemies":"Snake Plant","floor":24,"turns":5},{"damage":6,"enemies":"Sentry and Sphere","floor":25,"turns":2}],"seed_played":"-2294120964272570531","potions_obtained":[{"floor":8,"key":"Dexterity Potion"},{"floor":11,"key":"GamblersBrew"},{"floor":16,"key":"FocusPotion"}],"is_trial":false,"path_per_floor":["M","?","$","M","M","R","?","?","T","M","M","R","E","M","R","B",null,"M","$","M","?","M","R","M"],"character_chosen":"DEFECT","items_purchased":["Defragment","Mercury Hourglass"],"campfire_rested":2,"item_purchase_floors":[3,19],"current_hp_per_floor":[66,48,48,37,31,31,16,8,8,8,7,29,24,18,40,20,61,50,50,46,46,34,34,5,0],"gold":75,"neow_bonus":"THREE_CARDS","is_prod":false,"is_daily":false,"chose_seed":false,"campfire_upgraded":2,"win_rate":0,"timestamp":1533594835,"path_taken":["M","?","$","M","M","R","?","?","T","M","M","R","E","M","R","BOSS","M","$","M","?","?","R","M","M"],"build_version":"2018-08-01","purchased_purges":1,"victory":false,"max_hp_per_floor":[75,75,75,75,75,75,75,75,75,75,75,75,75,75,75,75,75,75,75,75,75,75,75,75,75],"card_choices":[{"not_picked":["Gash","Rebound"],"picked":"Conserve Battery","floor":0},{"not_picked":["Double Energy","Gash"],"picked":"Redo","floor":1},{"not_picked":["Steam","Barrage"],"picked":"Glacier","floor":4},{"not_picked":["Glacier","Streamline","Fusion"],"picked":"SKIP","floor":5},{"not_picked":["Reinforced Body","Conserve Battery"],"picked":"Sweeping Beam","floor":8},{"not_picked":["Rebound","Sweeping Beam"],"picked":"Heatsinks+1","floor":10},{"not_picked":["Conserve Battery","White Noise"],"picked":"Defragment+1","floor":11},{"not_picked":["Darkness","Conserve Battery","Aggregate"],"picked":"SKIP","floor":13},{"not_picked":["Conserve Battery","Rebound","Streamline"],"picked":"SKIP","floor":14},{"not_picked":["Hyperbeam","All For One"],"picked":"Echo Form+1","floor":16},{"not_picked":["FTL","Beam Cell"],"picked":"Barrage","floor":18},{"not_picked":["Conserve Battery","Leap"],"picked":"Force Field","floor":20},{"not_picked":["Streamline","Thunder Strike","Cold Snap"],"picked":"SKIP","floor":22},{"not_picked":["Go for the Eyes","Conserve Battery","Rip and Tear"],"picked":"SKIP","floor":24}],"player_experience":759922,"relics_obtained":[{"floor":8,"key":"Odd Mushroom"},{"floor":9,"key":"Frozen Egg 2"},{"floor":13,"key":"StoneCalendar"}],"event_choices":[{"event_name":"Golden Idol","player_choice":"Take Damage","floor":2,"damage_taken":0},{"event_name":"Shining Light","player_choice":"Entered Light","floor":7,"damage_taken":0},{"event_name":"Mushrooms","player_choice":"Fought Mushrooms","floor":8,"damage_taken":0},{"event_name":"Vampires","player_choice":"Ignored","floor":21,"damage_taken":0}],"is_beta":true,"boss_relics":[{"not_picked":["Tiny House","Calling Bell"],"picked":"Inserter"}],"items_purged_floors":[19],"is_endless":false,"potions_floor_spawned":[8,11,16,18,24],"killed_by":"Sentry and Sphere","ascension_level":12}