{"gold_per_floor":[110,130,150,150,150,150,183,183,207,222,222,232,257,274,274,274],"floor_reached":16,"playtime":548,"items_purged":[],"score":224,"play_id":"63d50158-1109-442a-952c-dabdbf3d3d2b","local_time":"20190727123638","is_ascension_mode":true,"campfire_choices":[{"data":"Go for the Eyes","floor":6.0,"key":"SMITH"},{"data":"Hologram","floor":8.0,"key":"SMITH"},{"data":"Dualcast","floor":11.0,"key":"SMITH"},{"data":"Consume","floor":15.0,"key":"SMITH"}],"neow_cost":"NONE","seed_source_timestamp":492479557385625,"circlet_count":0,"master_deck":["AscendersBane","Strike_B","Strike_B","Strike_B","Defend_B","Defend_B","Defend_B","Defend_B","Zap","Dualcast+1","Panacea","Go for the Eyes+1","Cold Snap","Sweeping Beam","Hologram+1","Undo","Consume+1","Multi-Cast","Conserve Battery"],"special_seed":0,"relics":["Cracked Core","Centennial Puzzle","DataDisk","Thread and Needle"],"potions_floor_usage":[16,16],"damage_taken":[{"damage":0.0,"enemies":"2 Louse","floor":1.0,"turns":2.0},{"damage":2.0,"enemies":"Jaw Worm","floor":2.0,"turns":3.0},{"damage":4.0,"enemies":"Cultist","floor":3.0,"turns":4.0},{"damage":21.0,"enemies":"3 Sentries","floor":7.0,"turns":7.0},{"damage":5.0,"enemies":"Red Slaver","floor":10.0,"turns":3.0},{"damage":7.0,"enemies":"Gremlin Gang","floor":12.0,"turns":3.0},{"damage":6.0,"enemies":"Lagavulin","floor":13.0,"turns":7.0},{"damage":0.0,"enemies":"Lots of Slimes","floor":14.0,"turns":2.0},{"damage":27,"enemies":"Slime Boss","floor":16,"turns":11}],"seed_played":"4356657155503944151","potions_obtained":[{"floor":10.0,"key":"PowerPotion"},{"floor":14.0,"key":"Swift Potion"}],"is_trial":false,"path_per_floor":["M","M","M","?","?","R","E","R","T","M","R","M","E","M","R","B"],"character_chosen":"DEFECT","items_purchased":[],"campfire_rested":0,"item_purchase_floors":[],"current_hp_per_floor":[64,62,58,63,63,63,42,42,42,37,37,30,24,24,24,0],"gold":274,"neow_bonus":"RANDOM_COLORLESS","is_prod":false,"is_daily":false,"chose_seed":false,"campfire_upgraded":4,"win_rate":0,"timestamp":1564198598,"path_taken":["M","M","M","?","?","R","E","R","T","M","R","M","E","?","R","BOSS"],"build_version":"2019-07-17","purchased_purges":0,"victory":false,"max_hp_per_floor":[71,71,71,76,76,76,76,76,76,76,76,76,76,76,76,76],"card_choices":[{"not_picked":["Hologram","Barrage"],"picked":"Go for the Eyes","floor":1.0},{"not_picked":["Redo","Reboot"],"picked":"Cold Snap","floor":2.0},{"not_picked":["Chaos","Steam"],"picked":"Sweeping Beam","floor":3.0},{"not_picked":["Cold Snap","Go for the Eyes"],"picked":"Hologram","floor":7.0},{"not_picked":["Conserve Battery","Heatsinks"],"picked":"Undo","floor":10.0},{"not_picked":["Compile Driver","Go for the Eyes"],"picked":"Consume","floor":12.0},{"not_picked":["Hello World","Sunder"],"picked":"Multi-Cast","floor":13.0},{"not_picked":["Steam","Hologram"],"picked":"Conserve Battery","floor":14.0}],"player_experience":1025336,"relics_obtained":[{"floor":7.0,"key":"Centennial Puzzle"},{"floor":9.0,"key":"DataDisk"},{"floor":13.0,"key":"Thread and Needle"}],"event_choices":[{"damage_healed":0.0,"max_hp_gain":5.0,"max_hp_loss":0.0,"gold_gain":0.0,"event_name":"Big Fish","player_choice":"Donut","floor":4.0,"gold_loss":0.0,"damage_taken":0.0},{"cards_removed":["Strike_B"],"damage_healed":0.0,"max_hp_gain":0.0,"max_hp_loss":0.0,"gold_gain":0.0,"event_name":"Bonfire Elementals","player_choice":"Offered Basic","floor":5.0,"gold_loss":0.0,"damage_taken":0.0}],"is_beta":false,"boss_relics":[],"items_purged_floors":[],"is_endless":false,"potions_floor_spawned":[10,14],"killed_by":"Slime Boss","ascension_level":20}