{"gold_per_floor":[114,126,126,50,67,67,86,120,120,138,138,138,165,165,165,239,239,250,265,315,198,198,198,217,217,217,234,252,270,270,282,282,359,359,372,472,472,472,486,486,506,506,506,516,535,535,563,577,577,577],"floor_reached":51,"playtime":2484,"items_purged":["Strike_B"],"score":1429,"play_id":"f97f5bf5-32cf-4d93-a938-e812433bef54","local_time":"20190114093848","is_ascension_mode":true,"campfire_choices":[{"data":"Defragment","floor":6.0,"key":"SMITH"},{"data":"Redo","floor":11.0,"key":"SMITH"},{"floor":15.0,"key":"REST"},{"data":"Fusion","floor":23.0,"key":"SMITH"},{"data":"Capacitor","floor":25.0,"key":"SMITH"},{"data":"Blizzard","floor":30.0,"key":"SMITH"},{"data":"Defragment","floor":32.0,"key":"SMITH"},{"data":"Dualcast","floor":40.0,"key":"SMITH"},{"floor":42.0,"key":"REST"},{"data":"Redo","floor":46.0,"key":"SMITH"},{"data":"Coolheaded","floor":49,"key":"SMITH"}],"neow_cost":"NONE","seed_source_timestamp":552971097508207,"circlet_count":0,"master_deck":["AscendersBane","Strike_B","Defend_B","Defend_B","Defend_B","Zap+1","Dualcast+1","Defragment+1","Conserve Battery","Coolheaded+1","Compile Driver","Capacitor+1","Genetic Algorithm","Redo+1","Fusion+1","Blizzard+1","Defragment+1","Sunder","Coolheaded+1","Redo+1","Electrodynamics","Glacier+1"],"special_seed":0,"relics":["FrozenCore","Symbiotic Virus","Cables","Meat on the Bone","Anchor","Bronze Scales","Empty Cage","FossilizedHelix","Ancient Tea Set","Shovel"],"potions_floor_usage":[50],"damage_taken":[{"damage":0.0,"enemies":"2 Louse","floor":1.0,"turns":3.0},{"damage":0.0,"enemies":"Cultist","floor":2.0,"turns":3.0},{"damage":2.0,"enemies":"Jaw Worm","floor":5.0,"turns":4.0},{"damage":4.0,"enemies":"Blue Slaver","floor":7.0,"turns":4.0},{"damage":23.0,"enemies":"Gremlin Nob","floor":8.0,"turns":4.0},{"damage":9.0,"enemies":"Red Slaver","floor":10.0,"turns":3.0},{"damage":14.0,"enemies":"3 Sentries","floor":13.0,"turns":6.0},{"damage":0.0,"enemies":"Slime Boss","floor":16.0,"turns":7.0},{"damage":5.0,"enemies":"2 Thieves","floor":18.0,"turns":5.0},{"damage":0.0,"enemies":"3 Byrds","floor":19.0,"turns":6.0},{"damage":3.0,"enemies":"Centurion and Healer","floor":24.0,"turns":7.0},{"damage":0.0,"enemies":"Snake Plant","floor":27.0,"turns":4.0},{"damage":9.0,"enemies":"Snecko","floor":28.0,"turns":5.0},{"damage":1.0,"enemies":"Centurion and Healer","floor":29.0,"turns":6.0},{"damage":0.0,"enemies":"Shelled Parasite and Fungi","floor":31.0,"turns":5.0},{"damage":4.0,"enemies":"Champ","floor":33.0,"turns":9.0},{"damage":4.0,"enemies":"Orb Walker","floor":35.0,"turns":3.0},{"damage":0.0,"enemies":"Mind Bloom Boss Battle","floor":36.0,"turns":8.0},{"damage":0.0,"enemies":"3 Darklings","floor":39.0,"turns":4.0},{"damage":40.0,"enemies":"Transient","floor":41.0,"turns":5.0},{"damage":0.0,"enemies":"Spire Growth","floor":44.0,"turns":5.0},{"damage":0.0,"enemies":"Maw","floor":45.0,"turns":10.0},{"damage":25.0,"enemies":"Reptomancer","floor":47.0,"turns":8.0},{"damage":6.0,"enemies":"Jaw Worm Horde","floor":48.0,"turns":5.0},{"damage":0,"enemies":"Awakened One","floor":50,"turns":14}],"seed_played":"-2898234223827618472","potions_obtained":[{"floor":1.0,"key":"LiquidBronze"},{"floor":7.0,"key":"Explosive Potion"},{"floor":10.0,"key":"Weak Potion"},{"floor":13.0,"key":"SteroidPotion"},{"floor":19.0,"key":"FairyPotion"},{"floor":36.0,"key":"Block Potion"},{"floor":44.0,"key":"SkillPotion"},{"floor":45.0,"key":"Energy Potion"},{"floor":47.0,"key":"Swift Potion"}],"is_trial":false,"path_per_floor":["M","M","?","$","M","R","M","E","T","M","R","?","E","T","R","B",null,"M","M","?","$","?","R","M","R","T","M","M","M","R","M","R","B",null,"M","?","?","?","M","R","M","R","T","M","M","R","E","M","R","B",null],"character_chosen":"DEFECT","items_purchased":["Coolheaded","Compile Driver","Defragment"],"campfire_rested":2,"item_purchase_floors":[4,4,21],"current_hp_per_floor":[64,64,64,64,62,62,58,35,35,26,26,26,12,12,33,45,65,60,60,60,60,60,60,57,57,57,57,48,47,47,47,47,43,64,60,60,60,60,60,60,32,53,53,53,53,53,40,46,46,46],"gold":577,"neow_bonus":"UPGRADE_CARD","is_prod":false,"is_daily":false,"chose_seed":false,"campfire_upgraded":9,"win_rate":0,"timestamp":1547455128,"path_taken":["M","M","?","$","M","R","?","E","T","M","R","?","E","?","R","BOSS","M","M","?","$","?","R","M","R","T","M","M","M","R","?","R","BOSS","M","?","?","?","M","R","M","R","T","M","M","R","E","M","R","BOSS"],"build_version":"2019-01-10","purchased_purges":1,"victory":true,"max_hp_per_floor":[71,71,71,71,71,71,71,71,71,71,71,71,71,71,71,71,71,71,71,71,71,71,71,71,71,71,71,71,71,71,71,71,71,71,71,71,71,71,71,71,71,71,71,71,71,71,71,71,71,71],"card_choices":[{"not_picked":["Reprogram","Gash"],"picked":"Defragment","floor":1.0},{"not_picked":["Heatsinks","Compile Driver"],"picked":"Conserve Battery","floor":2.0},{"not_picked":["White Noise","Steam"],"picked":"Compile Driver","floor":5.0},{"not_picked":["Gash","Reprogram"],"picked":"Capacitor","floor":7.0},{"not_picked":["Conserve Battery","Undo"],"picked":"Genetic Algorithm","floor":8.0},{"not_picked":["Sweeping Beam","Heatsinks"],"picked":"Redo","floor":10.0},{"not_picked":["Skim","Compile Driver","Leap"],"picked":"SKIP","floor":13.0},{"not_picked":["Stack","Melter"],"picked":"Fusion","floor":18.0},{"not_picked":["Rebound","Redo"],"picked":"Blizzard","floor":19.0},{"not_picked":["Fusion","Barrage"],"picked":"Coolheaded+1","floor":24.0},{"not_picked":["Self Repair","Stack"],"picked":"Redo","floor":27.0},{"not_picked":["Rebound","Coolheaded","Force Field"],"picked":"SKIP","floor":28.0},{"not_picked":["Rainbow","Doom and Gloom","Turbo"],"picked":"SKIP","floor":29.0},{"not_picked":["Go for the Eyes","Undo+1","Beam Cell"],"picked":"SKIP","floor":31.0},{"not_picked":["Echo Form","Meteor Strike"],"picked":"Electrodynamics","floor":33.0},{"not_picked":["Redo","Turbo","Leap"],"picked":"SKIP","floor":35.0},{"not_picked":["Conserve Battery","Coolheaded"],"picked":"Glacier+1","floor":39.0},{"not_picked":["FTL","Chaos","Steam Power"],"picked":"SKIP","floor":41.0},{"not_picked":["Defragment","Fusion","Darkness"],"picked":"SKIP","floor":44.0},{"not_picked":["Ball Lightning+1","Scrape","Static Discharge"],"picked":"SKIP","floor":45.0},{"not_picked":["Steam+1","Reprogram","Coolheaded"],"picked":"SKIP","floor":47.0},{"not_picked":["Undo","Ball Lightning+1","Chaos"],"picked":"SKIP","floor":48.0}],"player_experience":737311,"relics_obtained":[{"floor":8.0,"key":"Symbiotic Virus"},{"floor":9.0,"key":"Cables"},{"floor":13.0,"key":"Meat on the Bone"},{"floor":14.0,"key":"Anchor"},{"floor":26.0,"key":"Bronze Scales"},{"floor":36.0,"key":"FossilizedHelix"},{"floor":43.0,"key":"Ancient Tea Set"},{"floor":47.0,"key":"Shovel"}],"event_choices":[{"damage_healed":0.0,"max_hp_gain":0.0,"max_hp_loss":0.0,"gold_gain":0.0,"event_name":"Match and Keep!","player_choice":"0 cards matched","floor":3.0,"gold_loss":0.0,"damage_taken":0.0,"cards_obtained":[]},{"damage_healed":0.0,"max_hp_gain":0.0,"max_hp_loss":0.0,"gold_gain":0.0,"event_name":"Scrap Ooze","player_choice":"Fled","floor":12.0,"gold_loss":0.0,"damage_taken":0.0},{"damage_healed":0.0,"max_hp_gain":0.0,"max_hp_loss":0.0,"gold_gain":50.0,"event_name":"Nest","player_choice":"Stole From Cult","floor":20.0,"gold_loss":0.0,"damage_taken":0.0},{"damage_healed":0.0,"max_hp_gain":0.0,"max_hp_loss":0.0,"gold_gain":0.0,"cards_transformed":["Strike_B"],"event_name":"Transmorgrifier","player_choice":"Transformed","floor":22.0,"gold_loss":0.0,"damage_taken":0.0,"cards_obtained":["Sunder"]},{"damage_healed":0.0,"max_hp_gain":0.0,"max_hp_loss":0.0,"gold_gain":0.0,"event_name":"MindBloom","player_choice":"Fight","floor":36.0,"gold_loss":0.0,"damage_taken":0.0},{"cards_removed":["Compile Driver"],"damage_healed":0.0,"max_hp_gain":0.0,"max_hp_loss":0.0,"gold_gain":0.0,"event_name":"Falling","player_choice":"Removed Attack","floor":37.0,"gold_loss":0.0,"damage_taken":0.0},{"damage_healed":0.0,"max_hp_gain":0.0,"max_hp_loss":0.0,"gold_gain":0.0,"event_name":"Tomb of Lord Red Mask","player_choice":"Ignored","floor":38.0,"gold_loss":0.0,"damage_taken":0.0}],"is_beta":false,"boss_relics":[{"not_picked":["Pandora\u0027s Box","Eternal Feather"],"picked":"FrozenCore"},{"not_picked":["Calling Bell","Sozu"],"picked":"Empty Cage"}],"items_purged_floors":[21],"is_endless":false,"potions_floor_spawned":[1,7,10,13,19,27,33,36,44,45,47],"ascension_level":16}