{"gold_per_floor":[365,290,390,402,16,16,16,32,32,64,64,97,111,126,126,126],"floor_reached":16,"playtime":398,"items_purged":["Strike_R"],"score":110,"play_id":"58684574-2de1-4421-8e52-683538539abb","local_time":"20190420114805","is_ascension_mode":false,"campfire_choices":[{"data":"Limit Break","floor":6,"key":"SMITH"},{"floor":15,"key":"REST"}],"neow_cost":"TEN_PERCENT_HP_LOSS","seed_source_timestamp":837176522518173,"circlet_count":0,"master_deck":["Strike_R","Strike_R","Strike_R","Strike_R","Defend_R","Defend_R","Defend_R","Defend_R","Bash","Body Slam","Limit Break+1","Headbutt","Seeing Red","Carnage","Thunderclap"],"relics":["Burning Blood","Brimstone","Bag of Preparation","Question Card","Bottled Lightning","Kunai"],"potions_floor_usage":[16],"damage_taken":[{"damage":11,"enemies":"Small Slimes","floor":1,"turns":3},{"damage":10,"enemies":"Cultist","floor":4,"turns":4},{"damage":2,"enemies":"Jaw Worm","floor":8,"turns":2},{"damage":32,"enemies":"3 Sentries","floor":10,"turns":6},{"damage":31,"enemies":"Lagavulin","floor":12,"turns":4},{"damage":2,"enemies":"Exordium Wildlife","floor":13,"turns":2},{"damage":10,"enemies":"Large Slime","floor":14,"turns":4},{"damage":39,"enemies":"Hexaghost","floor":16,"turns":4}],"seed_played":"2532546907827928509","potions_obtained":[{"floor":10,"key":"Dexterity Potion"},{"floor":13,"key":"SteroidPotion"}],"is_trial":false,"path_per_floor":["M","$","?","M","$","R","?","M","T","E","T","E","M","M","R","B"],"character_chosen":"IRONCLAD","items_purchased":["Brimstone","Limit Break","Headbutt"],"campfire_rested":1,"item_purchase_floors":[5,5,5],"current_hp_per_floor":[67,67,67,63,63,63,63,67,67,41,41,16,20,16,37,0],"gold":126,"neow_bonus":"TWO_FIFTY_GOLD","is_prod":false,"is_daily":false,"chose_seed":false,"campfire_upgraded":1,"win_rate":0,"timestamp":1555778885,"path_taken":["M","$","?","?","$","R","?","M","T","E","?","E","M","M","R","BOSS"],"build_version":"2019-01-23","purchased_purges":1,"victory":false,"max_hp_per_floor":[72,72,72,72,72,72,72,72,72,72,72,72,72,72,72,72],"card_choices":[{"not_picked":["Havoc","Clothesline","Sword Boomerang"],"picked":"SKIP","floor":1},{"not_picked":["Ghostly Armor","True Grit"],"picked":"Body Slam","floor":4},{"not_picked":["Warcry","Fire Breathing"],"picked":"Seeing Red","floor":8},{"not_picked":["Seeing Red","Shrug It Off"],"picked":"Carnage","floor":10},{"not_picked":["Headbutt","Armaments","Wild Strike","Anger"],"picked":"SKIP","floor":12},{"not_picked":["Evolve","Rage","True Grit","Fiend Fire"],"picked":"SKIP","floor":13},{"not_picked":["Iron Wave","Anger","Sword Boomerang"],"picked":"Thunderclap","floor":14}],"player_experience":781431,"relics_obtained":[{"floor":10,"key":"Question Card"},{"floor":11,"key":"Bottled Lightning"},{"floor":12,"key":"Kunai"}],"event_choices":[{"damage_healed":0,"gold_gain":100,"player_choice":"Gold","damage_taken":0,"max_hp_gain":0,"max_hp_loss":0,"event_name":"Wheel of Change","floor":3,"gold_loss":0},{"damage_healed":0,"gold_gain":0,"player_choice":"Searched \u00271\u0027 times","damage_taken":0,"relics_obtained":["Bag of Preparation"],"max_hp_gain":0,"max_hp_loss":0,"event_name":"Dead Adventurer","floor":7,"gold_loss":0}],"is_beta":false,"boss_relics":[],"items_purged_floors":[2],"is_endless":false,"potions_floor_spawned":[10,13],"killed_by":"Hexaghost","ascension_level":0}