{"path_per_floor":["M","?","$","?","M","R","M","T","T","M","E","R","E","M","R","B",null,"M","?","M","?","$","E","R","M","T","R","?","M","R","$","R","B",null,"M","$","?","M","?","R","E","$","T","R","M","M","M","M","R","B"],"character_chosen":"THE_SILENT","items_purchased":["Noxious Fumes","Medical Kit"],"gold_per_floor":[110,110,35,35,53,53,72,97,122,136,170,170,201,213,213,309,309,328,253,265,210,37,71,71,84,136,136,136,152,152,152,152,253,253,268,66,116,130,130,130,159,34,34,34,52,63,76,86,86,86],"floor_reached":51,"campfire_rested":5,"playtime":2872,"current_hp_per_floor":[61,49,49,42,44,44,46,46,46,43,29,50,38,39,39,27,59,42,42,41,41,41,23,23,10,10,33,33,20,20,20,42,10,61,60,60,22,14,14,38,28,28,28,28,16,14,18,22,51,24],"items_purged":["Defend_G","Defend_G","Strike_G"],"gold":86,"score":791,"play_id":"54440ce4-b5e0-4854-bd9a-adfce728cd50","is_prod":false,"is_daily":false,"is_ascension_mode":true,"campfire_upgraded":4,"path_taken":["M","?","?","?","?","R","M","?","T","?","E","R","E","M","R","BOSS","M","?","M","?","$","E","R","M","T","R","?","?","R","?","R","BOSS","M","$","?","?","?","R","E","?","T","R","M","M","M","M","R","BOSS"],"build_version":"2018-02-15-PROD1","purchased_purges":4,"victory":true,"master_deck":["Defend_G","Survivor","Neutralize","Bouncing Flask+1","Noxious Fumes+1","Setup+1","PiercingWail","Tools of the Trade+1","Dash+1","Noxious Fumes+1","Catalyst+1","Well Laid Plans+1","Corpse Explosion+1","Bane+1","Dodge and Roll+1","Backflip+1","Acrobatics+1","Backflip+1"],"max_hp_per_floor":[70,70,70,70,70,70,70,70,70,70,70,70,70,70,70,70,70,70,70,70,70,70,72,72,72,72,74,74,76,76,76,76,78,78,80,80,82,82,82,82,82,82,82,82,84,86,88,90,92,92],"relics":["Ring of the Snake","Blood Vial","Dream Catcher","Vajra","Frozen Eye","Frozen Egg 2","Velvet Choker","Tiny Chest","Singing Bowl","Anchor","Peace Pipe","Astrolabe","Medical Kit","Calipers","Bag of Marbles","Torii"],"card_choices":[{"not_picked":["Acrobatics","Dodge and Roll"],"picked":"Backflip"},{"not_picked":["Dash","Poisoned Stab"],"picked":"Bouncing Flask"},{"not_picked":["Slice","Bane"],"picked":"Noxious Fumes"},{"not_picked":["A Thousand Cuts","Deflect"],"picked":"Setup"},{"not_picked":["Poisoned Stab","Deadly Poison"],"picked":"PiercingWail"},{"not_picked":["Night Terror","Phantasmal Killer"],"picked":"Tools of the Trade"},{"not_picked":["Concentrate","Dodge and Roll"],"picked":"Dash"},{"not_picked":["Quick Slash","Prepared"],"picked":"Catalyst"},{"not_picked":["Outmaneuver","Tools of the Trade"],"picked":"Well Laid Plans"},{"not_picked":["Acrobatics","Outmaneuver"],"picked":"Backflip"},{"not_picked":["Sucker Punch","Poisoned Stab"],"picked":"Acrobatics"},{"not_picked":["Underhanded Strike","Dagger Spray"],"picked":"Backflip"}],"player_experience":305846,"potions_floor_usage":[],"damage_taken":[{"damage":2.0,"enemies":"2 Louse","floor":1.0,"turns":3.0},{"damage":0.0,"enemies":"Jaw Worm","floor":5.0,"turns":6.0},{"damage":0.0,"enemies":"Cultist","floor":7.0,"turns":3.0},{"damage":5.0,"enemies":"Blue Slaver","floor":10.0,"turns":3.0},{"damage":16.0,"enemies":"Gremlin Nob","floor":11.0,"turns":4.0},{"damage":14.0,"enemies":"3 Sentries","floor":13.0,"turns":5.0},{"damage":1.0,"enemies":"2 Fungi Beasts","floor":14.0,"turns":3.0},{"damage":14.0,"enemies":"Hexaghost","floor":16.0,"turns":8.0},{"damage":19.0,"enemies":"Shell Parasite","floor":18.0,"turns":5.0},{"damage":3.0,"enemies":"Spheric Guardian","floor":20.0,"turns":3.0},{"damage":22.0,"enemies":"Slavers","floor":23.0,"turns":5.0},{"damage":15.0,"enemies":"Centurion and Healer","floor":25.0,"turns":5.0},{"damage":17.0,"enemies":"3 Cultists","floor":29.0,"turns":5.0},{"damage":36.0,"enemies":"Collector","floor":33.0,"turns":7.0},{"damage":5.0,"enemies":"3 Shapes","floor":35.0,"turns":3.0},{"damage":42,"enemies":"신비한 구체","floor":37,"turns":5},{"damage":10,"enemies":"3 Darklings","floor":38,"turns":3},{"damage":12,"enemies":"Giant Head","floor":41,"turns":6},{"damage":16,"enemies":"Sphere and 2 Shapes","floor":45,"turns":4},{"damage":6,"enemies":"4 Shapes","floor":46,"turns":3},{"damage":0,"enemies":"Maw","floor":47,"turns":4},{"damage":0,"enemies":"Sphere and 2 Shapes","floor":48,"turns":3},{"damage":29,"enemies":"Time Eater","floor":50,"turns":5}],"event_choices":[{"event_name":"Scrap Ooze","player_choice":"success","floor":2.0,"damage_taken":12.0},{"event_name":"Golden Wing","player_choice":"Card Removal","floor":4.0,"damage_taken":0.0},{"event_name":"Beggar","player_choice":"Gave Gold","floor":19.0,"damage_taken":0.0},{"event_name":"Addict","player_choice":"Obtained Relic","floor":21.0,"damage_taken":0.0},{"event_name":"The Mausoleum","player_choice":"Yes","floor":28.0,"damage_taken":0.0},{"event_name":"Mysterious Sphere","player_choice":"Fight","floor":37,"damage_taken":0}],"boss_relics":[],"potions_floor_spawned":[1,5,11,20,33,41,46],"seed_played":"5235879871152668034","ascension_level":7,"is_trial":false}