{"gold_per_floor":[117,34,48,64,64,94,105,105,105,115,40,50,50,50,50,50],"floor_reached":16,"playtime":436,"items_purged":["Strike_B"],"score":204,"play_id":"fc931258-d7ed-481f-a33d-ec557989d9e8","local_time":"20190226110213","is_ascension_mode":true,"campfire_choices":[{"data":"Zap","floor":8,"key":"SMITH"},{"data":"Turbo","floor":15,"key":"SMITH"}],"neow_cost":"TEN_PERCENT_HP_LOSS","seed_source_timestamp":1552857197141494,"circlet_count":0,"master_deck":["AscendersBane","Strike_B","Strike_B","Defend_B","Defend_B","Defend_B","Zap+1","Dualcast","Glacier","Reboot","Sweeping Beam","Electrodynamics","Static Discharge","Conserve Battery","Machine Learning","Heatsinks","Ball Lightning","Turbo+1"],"relics":["Cracked Core","CultistMask","Singing Bowl","Blue Candle","Golden Idol"],"potions_floor_usage":[10],"damage_taken":[{"damage":7,"enemies":"Jaw Worm","floor":1,"turns":4},{"damage":0,"enemies":"Cultist","floor":3,"turns":3},{"damage":8,"enemies":"2 Louse","floor":4,"turns":2},{"damage":11,"enemies":"Lagavulin","floor":6,"turns":8},{"damage":8,"enemies":"Blue Slaver","floor":7,"turns":4},{"damage":0,"enemies":"Lots of Slimes","floor":10,"turns":1},{"damage":0,"enemies":"3 Louse","floor":12,"turns":1},{"damage":34,"enemies":"Hexaghost","floor":16,"turns":10}],"seed_played":"-2232484699005376082","potions_obtained":[{"floor":3,"key":"Swift Potion"},{"floor":4,"key":"Dexterity Potion"},{"floor":7,"key":"AttackPotion"}],"is_trial":false,"path_per_floor":["M","$","M","M","?","E","M","R","T","M","$","M","$","?","R","B"],"character_chosen":"DEFECT","items_purchased":["Electrodynamics"],"campfire_rested":0,"item_purchase_floors":[2],"current_hp_per_floor":[57,57,57,49,49,38,30,30,30,30,30,30,30,30,30,0],"gold":50,"neow_bonus":"TRANSFORM_TWO_CARDS","is_prod":false,"is_daily":false,"chose_seed":false,"campfire_upgraded":2,"win_rate":0,"timestamp":1551175333,"path_taken":["M","$","M","M","?","E","?","R","T","M","?","M","?","?","R","BOSS"],"build_version":"2019-01-23","purchased_purges":1,"victory":false,"max_hp_per_floor":[64,64,64,64,64,64,64,64,64,64,64,64,64,58,58,58],"card_choices":[{"not_picked":["Turbo","Auto Shields"],"picked":"Sweeping Beam","floor":1},{"not_picked":["Coolheaded","Redo"],"picked":"Static Discharge","floor":3},{"not_picked":["Chaos","Stack"],"picked":"Conserve Battery","floor":4},{"not_picked":["Rebound","Cold Snap"],"picked":"Machine Learning","floor":6},{"not_picked":["Turbo","Cold Snap"],"picked":"Heatsinks","floor":7},{"not_picked":["Sweeping Beam","Stack"],"picked":"Ball Lightning","floor":10},{"not_picked":["Ball Lightning","Auto Shields"],"picked":"Turbo","floor":12}],"player_experience":907557,"relics_obtained":[{"floor":6,"key":"Singing Bowl"},{"floor":9,"key":"Blue Candle"}],"event_choices":[{"damage_healed":0,"gold_gain":0,"player_choice":"Trade","damage_taken":0,"relics_obtained":["CultistMask"],"max_hp_gain":0,"max_hp_loss":0,"event_name":"FaceTrader","floor":5,"gold_loss":0},{"damage_healed":0,"gold_gain":0,"player_choice":"Lose Max HP","damage_taken":0,"relics_obtained":["Golden Idol"],"max_hp_gain":0,"max_hp_loss":6,"event_name":"Golden Idol","floor":14,"gold_loss":0}],"is_beta":false,"boss_relics":[],"items_purged_floors":[11],"is_endless":false,"potions_floor_spawned":[3,4,7],"killed_by":"Hexaghost","ascension_level":20}