{"gold_per_floor":[214,230,246,266,280,280,305,325,350,363,363,363,383,343,343,343],"floor_reached":16,"playtime":720,"items_purged":[],"score":164,"play_id":"8e827fab-3953-41f0-b98c-ab9c0c401f43","local_time":"20180809000858","is_ascension_mode":true,"campfire_choices":[{"data":"Zap","floor":6.0,"key":"SMITH"},{"data":"Defragment","floor":15,"key":"SMITH"}],"neow_cost":"NONE","seed_source_timestamp":477640803054466,"circlet_count":0,"master_deck":["Strike_B","Strike_B","Strike_B","Strike_B","Defend_B","Defend_B","Defend_B","Defend_B","Zap+1","Dualcast","AscendersBane","Chill","Compile Driver","Storm","Turbo","Consume","Redo","BootSequence","Barrage","Defragment+1"],"special_seed":0,"relics":["Cracked Core","Darkstone Periapt","Bag of Preparation","Bronze Scales"],"potions_floor_usage":[13],"damage_taken":[{"damage":1.0,"enemies":"Cultist","floor":1.0,"turns":3.0},{"damage":3.0,"enemies":"Small Slimes","floor":2.0,"turns":3.0},{"damage":4.0,"enemies":"Jaw Worm","floor":3.0,"turns":4.0},{"damage":12.0,"enemies":"Large Slime","floor":4.0,"turns":7.0},{"damage":0.0,"enemies":"3 Louse","floor":5.0,"turns":3.0},{"damage":35.0,"enemies":"Lagavulin","floor":7.0,"turns":7.0},{"damage":7.0,"enemies":"2 Fungi Beasts","floor":8.0,"turns":4.0},{"damage":4.0,"enemies":"Looter","floor":10.0,"turns":3.0},{"damage":6,"enemies":"Exordium Wildlife","floor":13,"turns":5},{"damage":14,"enemies":"Hexaghost","floor":16,"turns":9}],"seed_played":"3226325514430648816","potions_obtained":[{"floor":1.0,"key":"Strength Potion"},{"floor":3.0,"key":"Regen Potion"}],"is_trial":false,"path_per_floor":["M","M","M","M","M","R","E","M","T","M","?","T","M","?","R"],"character_chosen":"DEFECT","items_purchased":[],"campfire_rested":0,"item_purchase_floors":[],"current_hp_per_floor":[67,64,60,48,48,48,13,6,6,2,2,2,10,10,10,0],"gold":343,"neow_bonus":"HUNDRED_GOLD","is_prod":false,"is_daily":false,"chose_seed":false,"campfire_upgraded":2,"win_rate":0,"timestamp":1533766138,"path_taken":["M","M","M","?","M","R","E","M","T","M","?","?","M","?","R","BOSS"],"build_version":"2018-08-02","purchased_purges":0,"victory":false,"max_hp_per_floor":[75,75,75,75,75,75,75,75,75,75,75,75,75,75,75,75],"card_choices":[{"not_picked":["Hello World","Go for the Eyes"],"picked":"Chill","floor":1.0},{"not_picked":["Cold Snap","Sweeping Beam"],"picked":"Compile Driver","floor":2.0},{"not_picked":["Skim","Reprogram"],"picked":"Storm","floor":3.0},{"not_picked":["Reprogram","Scrape"],"picked":"Turbo","floor":4.0},{"not_picked":["Chaos","Blizzard"],"picked":"Consume","floor":5.0},{"not_picked":["Melter","Streamline"],"picked":"Redo","floor":7.0},{"not_picked":["Leap","FTL"],"picked":"BootSequence","floor":8.0},{"not_picked":["Rip and Tear","Scrape","Skim"],"picked":"SKIP","floor":10.0},{"not_picked":["Compile Driver","Stack","Go for the Eyes"],"picked":"SKIP","floor":13}],"player_experience":605682,"relics_obtained":[{"floor":7.0,"key":"Darkstone Periapt"},{"floor":9.0,"key":"Bag of Preparation"},{"floor":12.0,"key":"Bronze Scales"}],"event_choices":[{"event_name":"Match and Keep!","player_choice":"2 cards matched","floor":11.0,"damage_taken":0.0},{"event_name":"World of Goop","player_choice":"Left","floor":14,"damage_taken":0}],"is_beta":false,"boss_relics":[],"items_purged_floors":[],"is_endless":false,"potions_floor_spawned":[1,3,7,8,10],"killed_by":"Hexaghost","ascension_level":11}