{"gold_per_floor":[115,115,130,130,130,130,161,161,235,235,250,270,74,98,98,189,189,212,137,137,137,156,156,169,188,239,262,262],"floor_reached":28,"playtime":739,"items_purged":["Strike_B"],"score":490,"play_id":"06e5a2f3-cb18-41bf-b4e6-e8bb2e0c211e","local_time":"20190223101727","is_ascension_mode":true,"campfire_choices":[{"data":"Zap","floor":6,"key":"SMITH"},{"data":"Dualcast","floor":8,"key":"SMITH"},{"data":"Sweeping Beam","floor":10,"key":"SMITH"},{"data":"Defragment","floor":15,"key":"SMITH"},{"data":"Redo","floor":23,"key":"SMITH"}],"neow_cost":"NONE","seed_source_timestamp":1377275078644424,"circlet_count":0,"master_deck":["AscendersBane","Strike_B","Strike_B","Defend_B","Defend_B","Defend_B","Defend_B","Zap+1","Dualcast+1","Melter","Sweeping Beam+1","Self Repair","Redo+1","Barrage","Defragment+1","Thunder Strike","Chill+1","Glacier","Coolheaded","Coolheaded"],"relics":["Cracked Core","NeowsBlessing","Golden Idol","Blue Candle","Dodecahedron","Vajra","Sozu","Matryoshka","Molten Egg 2","Ancient Tea Set"],"potions_floor_usage":[16,22],"damage_taken":[{"damage":0,"enemies":"Jaw Worm","floor":1,"turns":1},{"damage":0,"enemies":"Small Slimes","floor":3,"turns":1},{"damage":0,"enemies":"Lagavulin","floor":7,"turns":1},{"damage":0,"enemies":"Cultist","floor":11,"turns":3},{"damage":13,"enemies":"Blue Slaver","floor":12,"turns":3},{"damage":12,"enemies":"2 Fungi Beasts","floor":14,"turns":3},{"damage":40,"enemies":"Slime Boss","floor":16,"turns":10},{"damage":0,"enemies":"Spheric Guardian","floor":18,"turns":1},{"damage":13,"enemies":"3 Byrds","floor":22,"turns":4},{"damage":22,"enemies":"Centurion and Healer","floor":24,"turns":6},{"damage":19,"enemies":"Shelled Parasite and Fungi","floor":25,"turns":7},{"damage":18,"enemies":"3 Cultists","floor":27,"turns":7},{"damage":14,"enemies":"Centurion and Healer","floor":28,"turns":1}],"seed_played":"-4970879289661426570","potions_obtained":[{"floor":1,"key":"Block Potion"},{"floor":12,"key":"Swift Potion"},{"floor":16,"key":"Poison Potion"}],"is_trial":false,"path_per_floor":["M","?","M","?","$","R","E","R","T","R","M","M","$","M","R","B",null,"M","$","T","?","M","R","M","M","T","M","M"],"character_chosen":"DEFECT","items_purchased":["Barrage","Vajra"],"campfire_rested":0,"item_purchase_floors":[13,13],"current_hp_per_floor":[64,64,64,64,64,64,64,64,64,64,64,58,58,53,53,20,53,53,53,53,53,47,47,32,20,20,9,0],"gold":262,"neow_bonus":"THREE_ENEMY_KILL","is_prod":false,"is_daily":false,"chose_seed":false,"campfire_upgraded":5,"win_rate":0,"timestamp":1550913447,"path_taken":["M","?","M","?","?","R","E","R","T","R","?","M","$","M","R","BOSS","M","$","?","?","M","R","M","M","T","M","M"],"build_version":"2019-01-23","purchased_purges":1,"victory":false,"max_hp_per_floor":[71,64,64,64,64,64,64,64,64,64,64,64,64,64,64,64,64,64,64,64,64,64,64,64,64,64,64,64],"card_choices":[{"not_picked":["Chill","Beam Cell"],"picked":"Melter","floor":1},{"not_picked":["Fusion","Barrage"],"picked":"Sweeping Beam","floor":3},{"not_picked":["Stack","Barrage","Reboot"],"picked":"SKIP","floor":7},{"not_picked":["Chaos","Loop"],"picked":"Self Repair","floor":11},{"not_picked":["Conserve Battery","Sweeping Beam"],"picked":"Redo","floor":12},{"not_picked":["Streamline","Gash"],"picked":"Defragment","floor":14},{"not_picked":["Echo Form","Amplify"],"picked":"Thunder Strike","floor":16},{"not_picked":["Leap","Go for the Eyes","Sweeping Beam"],"picked":"SKIP","floor":18},{"not_picked":["Scrape","Recycle"],"picked":"Chill+1","floor":22},{"not_picked":["Conserve Battery","White Noise+1"],"picked":"Glacier","floor":24},{"not_picked":["Go for the Eyes","Steam"],"picked":"Coolheaded","floor":25},{"not_picked":["Beam Cell+1","Reinforced Body+1"],"picked":"Coolheaded","floor":27}],"player_experience":873907,"relics_obtained":[{"floor":7,"key":"Blue Candle"},{"floor":9,"key":"Dodecahedron"},{"floor":20,"key":"Matryoshka"},{"floor":26,"key":"Molten Egg 2"},{"floor":26,"key":"Ancient Tea Set"}],"event_choices":[{"damage_healed":0,"gold_gain":0,"player_choice":"Lose Max HP","damage_taken":0,"relics_obtained":["Golden Idol"],"max_hp_gain":0,"max_hp_loss":7,"event_name":"Golden Idol","floor":2,"gold_loss":0},{"damage_healed":0,"gold_gain":0,"player_choice":"Ignored","damage_taken":0,"max_hp_gain":0,"max_hp_loss":0,"event_name":"Liars Game","floor":4,"gold_loss":0},{"cards_removed":["Strike_B"],"damage_healed":0,"gold_gain":0,"player_choice":"Elegance","damage_taken":0,"max_hp_gain":0,"max_hp_loss":0,"event_name":"Back to Basics","floor":21,"gold_loss":0}],"is_beta":false,"boss_relics":[{"not_picked":["Runic Pyramid","Cursed Key"],"picked":"Sozu"}],"items_purged_floors":[19],"is_endless":false,"potions_floor_spawned":[1,12,16,18,22],"killed_by":"Centurion and Healer","ascension_level":20}