{"gold_per_floor":[16,35,48,48,48,48,79,79,79,79,20,20,20,95,95,95],"floor_reached":16,"playtime":269,"items_purged":[],"score":192,"play_id":"d26965ab-0e62-4f29-aab3-27d6d3461ab9","local_time":"20190713165513","is_ascension_mode":true,"campfire_choices":[{"data":"Flex","floor":6.0,"key":"SMITH"},{"data":"1","floor":12.0,"key":"LIFT"},{"data":"2","floor":15.0,"key":"LIFT"}],"neow_cost":"NO_GOLD","seed_source_timestamp":428922616785865,"circlet_count":0,"master_deck":["AscendersBane","Strike_R","Strike_R","Defend_R","Defend_R","Defend_R","Bash","Flex+1","Sword Boomerang","Burning Pact","Headbutt","Twin Strike"],"special_seed":0,"relics":["Burning Blood","Girya","Incense Burner","Potion Belt","Centennial Puzzle"],"potions_floor_usage":[],"damage_taken":[{"damage":1.0,"enemies":"Cultist","floor":1.0,"turns":3.0},{"damage":7.0,"enemies":"2 Louse","floor":2.0,"turns":3.0},{"damage":7.0,"enemies":"Small Slimes","floor":3.0,"turns":3.0},{"damage":35.0,"enemies":"Lagavulin","floor":7.0,"turns":5.0},{"damage":36,"enemies":"The Guardian","floor":16,"turns":2}],"seed_played":"-5940048087610152467","potions_obtained":[{"floor":2.0,"key":"LiquidBronze"}],"is_trial":false,"path_per_floor":["M","M","M","?","$","R","E","?","T","?","$","R","T","?","R","B"],"character_chosen":"IRONCLAD","items_purchased":["Twin Strike"],"campfire_rested":0,"item_purchase_floors":[11],"current_hp_per_floor":[73,72,71,64,64,64,35,35,35,30,30,30,30,19,19,0],"gold":95,"neow_bonus":"REMOVE_TWO","is_prod":false,"is_daily":false,"chose_seed":false,"campfire_upgraded":1,"win_rate":0,"timestamp":1563004513,"path_taken":["M","M","?","?","$","R","E","?","T","?","$","R","?","?","R","BOSS"],"build_version":"2019-07-05","purchased_purges":0,"victory":false,"max_hp_per_floor":[75,75,75,75,75,75,75,75,75,75,75,75,75,75,75,75],"card_choices":[{"not_picked":["Anger","Havoc"],"picked":"Flex","floor":1.0},{"not_picked":["Heavy Blade","True Grit"],"picked":"Sword Boomerang","floor":2.0},{"not_picked":["Heavy Blade","Dropkick"],"picked":"Burning Pact","floor":3.0},{"not_picked":["Entrench","Intimidate"],"picked":"Headbutt","floor":7.0}],"player_experience":977245,"relics_obtained":[{"floor":7.0,"key":"Girya"},{"floor":9.0,"key":"Incense Burner"},{"floor":13.0,"key":"Centennial Puzzle"}],"event_choices":[{"cards_removed":["Strike_R"],"damage_healed":0.0,"max_hp_gain":0.0,"max_hp_loss":0.0,"gold_gain":0.0,"event_name":"Golden Wing","player_choice":"Card Removal","floor":4.0,"gold_loss":0.0,"damage_taken":7.0},{"cards_removed":["Strike_R"],"damage_healed":0.0,"max_hp_gain":0.0,"max_hp_loss":0.0,"gold_gain":0.0,"event_name":"Living Wall","player_choice":"Forget","floor":8.0,"gold_loss":0.0,"damage_taken":0.0},{"damage_healed":0.0,"max_hp_gain":0.0,"max_hp_loss":0.0,"gold_gain":0.0,"event_name":"Scrap Ooze","player_choice":"Success","floor":10.0,"gold_loss":0.0,"damage_taken":5.0,"relics_obtained":["Potion Belt"]},{"damage_healed":0.0,"max_hp_gain":0.0,"max_hp_loss":0.0,"gold_gain":75.0,"event_name":"World of Goop","player_choice":"Gather Gold","floor":14.0,"gold_loss":0.0,"damage_taken":11.0}],"is_beta":false,"boss_relics":[],"items_purged_floors":[],"is_endless":false,"potions_floor_spawned":[2],"killed_by":"The Guardian","ascension_level":20}