{"gold_per_floor":[109,109,109,109,125,125,50,50,50,50,50,69,69,95,95,193,193,214,250,196,196,117,117,140,140,140,156,156,156,172,172],"floor_reached":31,"playtime":706,"items_purged":["Strike_B"],"score":438,"play_id":"90f07bd0-1b1c-432d-b71f-3ddc782776f7","local_time":"20190304112120","is_ascension_mode":true,"campfire_choices":[{"data":"Zap","floor":6.0,"key":"SMITH"},{"data":"Dualcast","floor":8.0,"key":"SMITH"},{"data":"Leap","floor":11.0,"key":"SMITH"},{"data":"Redo","floor":13.0,"key":"SMITH"},{"data":"Sweeping Beam","floor":15.0,"key":"SMITH"},{"data":"Streamline","floor":23,"key":"SMITH"},{"data":"Capacitor","floor":25,"key":"SMITH"},{"floor":28,"key":"REST"}],"neow_cost":"TEN_PERCENT_HP_LOSS","seed_source_timestamp":242879204332305,"circlet_count":0,"master_deck":["AscendersBane","Defend_B","Defend_B","Zap+1","Dualcast+1","Leap+1","Sweeping Beam+1","Redo+1","All For One","Compile Driver","Streamline+1","Capacitor+1","FTL","Gash","Turbo+1"],"special_seed":0,"relics":["Cracked Core","Golden Idol","Blood Vial","Empty Cage","Red Mask","Peace Pipe"],"potions_floor_usage":[30],"damage_taken":[{"damage":1.0,"enemies":"Cultist","floor":1.0,"turns":3.0},{"damage":7.0,"enemies":"Jaw Worm","floor":5.0,"turns":3.0},{"damage":0.0,"enemies":"Small Slimes","floor":12.0,"turns":2.0},{"damage":47.0,"enemies":"The Guardian","floor":16.0,"turns":13.0},{"damage":0.0,"enemies":"Chosen","floor":18.0,"turns":3.0},{"damage":14,"enemies":"Masked Bandits","floor":19,"turns":3},{"damage":11,"enemies":"2 Thieves","floor":24,"turns":3},{"damage":20,"enemies":"Centurion and Healer","floor":27,"turns":3},{"damage":18,"enemies":"Snecko","floor":30,"turns":3},{"damage":18,"enemies":"Shelled Parasite and Fungi","floor":31,"turns":1}],"seed_played":"7415436410982380353","potions_obtained":[{"floor":5.0,"key":"Ancient Potion"},{"floor":16.0,"key":"Regen Potion"},{"floor":18.0,"key":"Fruit Juice"},{"floor":27,"key":"FearPotion"}],"is_trial":false,"path_per_floor":["M","?","?","?","M","R","$","R","T","?","R","M","R","T","R","B",null,"M","?","$","?","$","R","M","R","T","M","R","?","M","M"],"character_chosen":"DEFECT","items_purchased":["Streamline","Capacitor"],"campfire_rested":1,"item_purchase_floors":[20,22],"current_hp_per_floor":[63,63,63,63,56,56,56,56,56,56,56,56,56,56,56,11,46,53,41,41,41,41,41,32,32,32,14,32,32,16,0],"gold":172,"neow_bonus":"REMOVE_TWO","is_prod":false,"is_daily":false,"chose_seed":false,"campfire_upgraded":7,"win_rate":0,"timestamp":1551694880,"path_taken":["M","?","?","?","M","R","$","R","T","?","R","M","R","?","R","BOSS","M","?","$","?","$","R","M","R","T","M","R","?","M","M"],"build_version":"2019-01-23","purchased_purges":1,"victory":false,"max_hp_per_floor":[64,64,64,64,64,64,64,64,64,58,58,58,58,58,58,58,58,63,63,63,63,63,63,63,63,63,63,63,63,63,63],"card_choices":[{"not_picked":["Cold Snap","Stack"],"picked":"Leap","floor":1.0},{"not_picked":["Gash","Tempest"],"picked":"Sweeping Beam","floor":5.0},{"not_picked":["Self Repair","Gash"],"picked":"Redo","floor":12.0},{"not_picked":["Amplify","Fission"],"picked":"All For One","floor":16.0},{"not_picked":["Redo","Sunder"],"picked":"Compile Driver","floor":18.0},{"not_picked":["Cold Snap","Go for the Eyes"],"picked":"FTL","floor":24},{"not_picked":["Compile Driver","Storm+1","Capacitor"],"picked":"SKIP","floor":27},{"not_picked":["Stack","Blizzard"],"picked":"Turbo+1","floor":30}],"player_experience":935177,"relics_obtained":[{"floor":14.0,"key":"Blood Vial"},{"floor":19,"key":"Red Mask"},{"floor":26,"key":"Peace Pipe"}],"event_choices":[{"damage_healed":0.0,"max_hp_gain":0.0,"max_hp_loss":0.0,"gold_gain":0.0,"event_name":"Shining Light","player_choice":"Ignored","floor":2.0,"gold_loss":0.0,"damage_taken":0.0},{"cards_removed":["Defend_B"],"damage_healed":0.0,"max_hp_gain":0.0,"max_hp_loss":0.0,"gold_gain":0.0,"event_name":"Living Wall","player_choice":"Forget","floor":3.0,"gold_loss":0.0,"damage_taken":0.0},{"damage_healed":0.0,"max_hp_gain":0.0,"max_hp_loss":0.0,"gold_gain":0.0,"event_name":"Liars Game","player_choice":"Ignored","floor":4.0,"gold_loss":0.0,"damage_taken":0.0},{"damage_healed":0.0,"max_hp_gain":0.0,"max_hp_loss":6.0,"gold_gain":0.0,"event_name":"Golden Idol","player_choice":"Lose Max HP","floor":10.0,"gold_loss":0.0,"damage_taken":0.0,"relics_obtained":["Golden Idol"]},{"damage_healed":0,"gold_gain":0,"player_choice":"Fought Bandits","damage_taken":0,"max_hp_gain":0,"max_hp_loss":0,"event_name":"Masked Bandits","floor":19,"gold_loss":0},{"damage_healed":0,"gold_gain":0,"player_choice":"Ignored","damage_taken":0,"max_hp_gain":0,"max_hp_loss":0,"event_name":"Ghosts","floor":21,"gold_loss":0},{"damage_healed":0,"gold_gain":0,"player_choice":"Read","damage_taken":0,"max_hp_gain":0,"max_hp_loss":0,"event_name":"The Library","floor":29,"gold_loss":0,"cards_obtained":["Gash"]}],"is_beta":false,"boss_relics":[{"not_picked":["Eternal Feather","Cursed Key"],"picked":"Empty Cage"}],"items_purged_floors":[7],"is_endless":false,"potions_floor_spawned":[5,16,18,27],"killed_by":"Shelled Parasite and Fungi","ascension_level":20}