{"gold_per_floor":[115,125,135,67,77,77,112,112,162,177,209,227,227,239,239,239],"floor_reached":16,"playtime":644,"items_purged":[],"score":194,"play_id":"176498b9-9132-48a0-a655-3d2521086809","local_time":"20190115234207","is_ascension_mode":true,"campfire_choices":[{"data":"Neutralize","floor":6.0,"key":"SMITH"},{"data":"Blur","floor":13,"key":"SMITH"},{"data":"Poisoned Stab","floor":15,"key":"SMITH"}],"neow_cost":"TEN_PERCENT_HP_LOSS","seed_source_timestamp":643939871438029,"circlet_count":0,"master_deck":["AscendersBane","Defend_G","Defend_G","Defend_G","Defend_G","Strike_G","Strike_G","Strike_G","Strike_G","Survivor","Neutralize+1","Poisoned Stab+1","Slice","Heel Hook","Cloak And Dagger","Blur+1","Leg Sweep","Flying Knee","Slice"],"special_seed":0,"relics":["Ring of the Snake","Sundial","Bag of Preparation","Strawberry"],"potions_floor_usage":[16],"damage_taken":[{"damage":2.0,"enemies":"Cultist","floor":1.0,"turns":5.0},{"damage":2.0,"enemies":"2 Louse","floor":2.0,"turns":3.0},{"damage":1.0,"enemies":"Jaw Worm","floor":3.0,"turns":5.0},{"damage":4.0,"enemies":"Blue Slaver","floor":5.0,"turns":3.0},{"damage":20.0,"enemies":"Gremlin Nob","floor":7.0,"turns":4.0},{"damage":0.0,"enemies":"Exordium Wildlife","floor":10.0,"turns":4.0},{"damage":25.0,"enemies":"Lagavulin","floor":11.0,"turns":10.0},{"damage":8,"enemies":"Gremlin Gang","floor":12,"turns":5},{"damage":6,"enemies":"3 Louse","floor":14,"turns":4},{"damage":20,"enemies":"Hexaghost","floor":16,"turns":9}],"seed_played":"4785623338984651305","potions_obtained":[{"floor":1.0,"key":"SteroidPotion"},{"floor":10.0,"key":"Weak Potion"},{"floor":11.0,"key":"Energy Potion"},{"floor":14,"key":"PowerPotion"}],"is_trial":false,"path_per_floor":["M","M","M","$","M","R","E","?","T","M","E","M","R","M","R","B"],"character_chosen":"THE_SILENT","items_purchased":["Heel Hook"],"campfire_rested":0,"item_purchase_floors":[4],"current_hp_per_floor":[57,55,54,54,50,50,30,50,50,50,32,24,24,18,18,0],"gold":239,"neow_bonus":"REMOVE_TWO","is_prod":false,"is_daily":false,"chose_seed":false,"campfire_upgraded":3,"win_rate":0,"timestamp":1547592127,"path_taken":["M","?","M","$","M","R","E","?","T","M","E","M","R","M","R","BOSS"],"build_version":"2019-01-10","purchased_purges":0,"victory":false,"max_hp_per_floor":[60,60,60,60,60,60,60,60,60,60,67,67,67,67,67,67],"card_choices":[{"not_picked":["PiercingWail","Prepared"],"picked":"Poisoned Stab","floor":1.0},{"not_picked":["PiercingWail","Finisher","Prepared"],"picked":"SKIP","floor":2.0},{"not_picked":["Dodge and Roll","Masterful Stab"],"picked":"Slice","floor":3.0},{"not_picked":["Dagger Spray","Quick Slash"],"picked":"Cloak And Dagger","floor":5.0},{"not_picked":["Sucker Punch","Poisoned Stab"],"picked":"Blur","floor":7.0},{"not_picked":["Doppelganger","Quick Slash"],"picked":"Leg Sweep","floor":10.0},{"not_picked":["Dodge and Roll","Sucker Punch"],"picked":"Flying Knee","floor":11.0},{"not_picked":["Quick Slash","Outmaneuver","Dodge and Roll"],"picked":"SKIP","floor":12},{"not_picked":["Corpse Explosion","Endless Agony"],"picked":"Slice","floor":14}],"player_experience":746126,"relics_obtained":[{"floor":7.0,"key":"Sundial"},{"floor":9.0,"key":"Bag of Preparation"},{"floor":11.0,"key":"Strawberry"}],"event_choices":[{"damage_healed":20.0,"max_hp_gain":0.0,"max_hp_loss":0.0,"gold_gain":0.0,"event_name":"Big Fish","player_choice":"Banana","floor":8.0,"gold_loss":0.0,"damage_taken":0.0}],"is_beta":false,"boss_relics":[],"items_purged_floors":[],"is_endless":false,"potions_floor_spawned":[1,10,11,14],"killed_by":"Hexaghost","ascension_level":14}