{"gold_per_floor":[109,109,129,25,38,38,38,113,113,146,170,170,195,213,213,213],"floor_reached":16,"playtime":435,"items_purged":["Defend_B"],"score":204,"play_id":"d6c6d953-6bc7-46e2-9866-6521254779e3","local_time":"20190303180610","is_ascension_mode":true,"campfire_choices":[{"data":"Zap","floor":6.0,"key":"SMITH"},{"floor":12.0,"key":"REST"},{"data":"Coolheaded","floor":15,"key":"SMITH"}],"neow_cost":"NONE","seed_source_timestamp":202531121966578,"circlet_count":0,"master_deck":["AscendersBane","Strike_B","Strike_B","Defend_B","Defend_B","Defend_B","Zap+1","Dualcast","Steam","Compile Driver","Coolheaded+1","Ball Lightning","Coolheaded"],"special_seed":0,"relics":["Cracked Core","Golden Idol","Regal Pillow","The Courier"],"potions_floor_usage":[16],"damage_taken":[{"damage":8.0,"enemies":"Small Slimes","floor":1.0,"turns":3.0},{"damage":0.0,"enemies":"2 Louse","floor":3.0,"turns":2.0},{"damage":1.0,"enemies":"Jaw Worm","floor":5.0,"turns":2.0},{"damage":30.0,"enemies":"Gremlin Nob","floor":10.0,"turns":4.0},{"damage":0.0,"enemies":"Looter","floor":11.0,"turns":3.0},{"damage":12,"enemies":"Exordium Thugs","floor":13,"turns":5},{"damage":11,"enemies":"3 Louse","floor":14,"turns":4},{"damage":31,"enemies":"Slime Boss","floor":16,"turns":7}],"seed_played":"-8980174815710784480","potions_obtained":[{"floor":3.0,"key":"AttackPotion"},{"floor":10.0,"key":"Fruit Juice"},{"floor":14,"key":"EssenceOfSteel"}],"is_trial":false,"path_per_floor":["M","?","M","$","M","R","?","?","T","E","M","R","M","M","R","B"],"character_chosen":"DEFECT","items_purchased":["Compile Driver"],"campfire_rested":1,"item_purchase_floors":[4],"current_hp_per_floor":[56,56,56,56,55,55,48,37,37,12,12,47,35,24,24,0],"gold":213,"neow_bonus":"REMOVE_CARD","is_prod":false,"is_daily":false,"chose_seed":false,"campfire_upgraded":2,"win_rate":0,"timestamp":1551632770,"path_taken":["M","?","M","$","M","R","?","?","T","E","M","R","M","M","R","BOSS"],"build_version":"2019-01-23","purchased_purges":1,"victory":false,"max_hp_per_floor":[71,64,64,64,64,64,64,64,64,69,69,69,69,69,69,69],"card_choices":[{"not_picked":["Beam Cell","Gash"],"picked":"Steam","floor":1.0},{"not_picked":["Steam","Go for the Eyes","Rebound"],"picked":"SKIP","floor":3.0},{"not_picked":["Steam","Go for the Eyes","Rebound"],"picked":"SKIP","floor":3.0},{"not_picked":["Beam Cell","Darkness","Steam"],"picked":"SKIP","floor":5.0},{"not_picked":["Reprogram","Rebound"],"picked":"Coolheaded","floor":10.0},{"not_picked":["Leap","Recycle","Steam"],"picked":"SKIP","floor":11.0},{"not_picked":["Steam","Cold Snap"],"picked":"Ball Lightning","floor":13},{"not_picked":["Cold Snap","Buffer"],"picked":"Coolheaded","floor":14}],"player_experience":933412,"relics_obtained":[{"floor":9.0,"key":"Regal Pillow"},{"floor":10.0,"key":"The Courier"}],"event_choices":[{"damage_healed":0.0,"max_hp_gain":0.0,"max_hp_loss":7.0,"gold_gain":0.0,"event_name":"Golden Idol","player_choice":"Lose Max HP","floor":2.0,"gold_loss":0.0,"damage_taken":0.0,"relics_obtained":["Golden Idol"]},{"cards_removed":["Strike_B"],"damage_healed":0.0,"max_hp_gain":0.0,"max_hp_loss":0.0,"gold_gain":0.0,"event_name":"Golden Wing","player_choice":"Card Removal","floor":7.0,"gold_loss":0.0,"damage_taken":7.0},{"damage_healed":0.0,"max_hp_gain":0.0,"max_hp_loss":0.0,"gold_gain":75.0,"event_name":"World of Goop","player_choice":"Gather Gold","floor":8.0,"gold_loss":0.0,"damage_taken":11.0}],"is_beta":false,"boss_relics":[],"items_purged_floors":[4],"is_endless":false,"potions_floor_spawned":[3,10,14],"killed_by":"Slime Boss","ascension_level":20}