{"gold_per_floor":[110,123,2,2,16,16,29,45,45,75,90,100,100,115,115,216,216,141,0,0,12,30,30],"floor_reached":23,"playtime":1259,"items_purged":["Normality"],"score":195,"play_id":"c673226b-6983-4fe7-b0d5-fb6af0c014a9","local_time":"20190711160606","is_ascension_mode":false,"campfire_choices":[{"data":"Genetic Algorithm","floor":6,"key":"SMITH"},{"floor":15,"key":"REST"}],"neow_cost":"CURSE","seed_source_timestamp":12568482049704,"circlet_count":0,"master_deck":["Strike_B","Strike_B","Strike_B","Strike_B","Defend_B","Defend_B","Defend_B","Defend_B","Zap","Dualcast","Machine Learning","Coolheaded","Genetic Algorithm+1","Leap","Conserve Battery","Gash","Blizzard","Redo","Compile Driver","Chill","Skim","Amplify","Doom and Gloom+1"],"relics":["FrozenCore","Gambling Chip","Torii","Mummified Hand"],"potions_floor_usage":[10,12,16,16,23],"damage_taken":[{"damage":4,"enemies":"Cultist","floor":1,"turns":4},{"damage":5,"enemies":"2 Louse","floor":2,"turns":2},{"damage":0,"enemies":"Small Slimes","floor":5,"turns":5},{"damage":0,"enemies":"Blue Slaver","floor":7,"turns":5},{"damage":5,"enemies":"2 Fungi Beasts","floor":8,"turns":5},{"damage":13,"enemies":"3 Sentries","floor":10,"turns":9},{"damage":3,"enemies":"Exordium Thugs","floor":11,"turns":6},{"damage":10,"enemies":"Exordium Wildlife","floor":12,"turns":6},{"damage":1,"enemies":"Gremlin Gang","floor":14,"turns":7},{"damage":51,"enemies":"Hexaghost","floor":16,"turns":17},{"damage":2,"enemies":"2 Thieves","floor":18,"turns":5},{"damage":1,"enemies":"Shell Parasite","floor":21,"turns":13},{"damage":1,"enemies":"Centurion and Healer","floor":22,"turns":15},{"damage":65,"enemies":"Book of Stabbing","floor":23,"turns":12}],"seed_played":"-9091553616061878839","potions_obtained":[{"floor":1,"key":"AttackPotion"},{"floor":10,"key":"Weak Potion"},{"floor":11,"key":"SkillPotion"},{"floor":12,"key":"Poison Potion"},{"floor":22,"key":"Weak Potion"}],"is_trial":false,"path_per_floor":["M","M","$","?","M","R","M","M","T","E","M","M","$","M","R","B",null,"M","?","?","M","M","E"],"character_chosen":"DEFECT","items_purchased":["Leap"],"campfire_rested":1,"item_purchase_floors":[3],"current_hp_per_floor":[71,66,66,66,66,66,66,61,61,48,45,35,35,34,56,5,75,73,73,73,72,71,6],"gold":30,"neow_bonus":"THREE_RARE_CARDS","is_prod":false,"is_daily":false,"chose_seed":false,"campfire_upgraded":1,"win_rate":0.0,"timestamp":1562879166,"path_taken":["M","M","$","?","M","R","M","M","T","E","M","M","$","M","R","BOSS","M","?","?","M","M","E"],"build_version":"2019-07-05","purchased_purges":1,"victory":false,"max_hp_per_floor":[75,75,75,75,75,75,75,75,75,75,75,75,75,75,75,75,75,75,75,75,75,75,75],"card_choices":[{"not_picked":["Fission","Hyperbeam"],"picked":"Machine Learning","floor":0},{"not_picked":["Chaos","Turbo"],"picked":"Coolheaded","floor":1},{"not_picked":["Stack","Coolheaded"],"picked":"Genetic Algorithm","floor":2},{"not_picked":["White Noise","Redo"],"picked":"Conserve Battery","floor":5},{"not_picked":["Scrape","Turbo"],"picked":"Gash","floor":7},{"not_picked":["Heatsinks","Sweeping Beam"],"picked":"Blizzard","floor":8},{"not_picked":["Tempest","Sunder"],"picked":"Redo","floor":10},{"not_picked":["Doom and Gloom","Streamline"],"picked":"Compile Driver","floor":11},{"not_picked":["Streamline","Coolheaded"],"picked":"Chill","floor":12},{"not_picked":["Creative AI","Streamline"],"picked":"Skim","floor":14},{"not_picked":["Reboot","Electrodynamics"],"picked":"Amplify","floor":16},{"not_picked":["Stack","Hello World","Go for the Eyes"],"picked":"SKIP","floor":18},{"not_picked":["Hologram","Barrage","Doom and Gloom"],"picked":"SKIP","floor":21},{"not_picked":["Force Field","Rip and Tear+1"],"picked":"Doom and Gloom+1","floor":22}],"player_experience":77481,"relics_obtained":[{"floor":9,"key":"Gambling Chip"},{"floor":10,"key":"Torii"},{"floor":20,"key":"Mummified Hand"}],"event_choices":[{"damage_healed":0,"gold_gain":0,"player_choice":"Ignored","damage_taken":0,"max_hp_gain":0,"max_hp_loss":0,"event_name":"NoteForYourself","floor":4,"gold_loss":0},{"damage_healed":0,"gold_gain":0,"player_choice":"Paid Fearfully","damage_taken":0,"max_hp_gain":0,"max_hp_loss":0,"event_name":"Masked Bandits","floor":19,"gold_loss":141},{"damage_healed":0,"gold_gain":0,"player_choice":"Relic","damage_taken":0,"max_hp_gain":0,"max_hp_loss":0,"event_name":"Wheel of Change","floor":20,"gold_loss":0}],"is_beta":false,"boss_relics":[{"not_picked":["White Beast Statue","Sozu"],"picked":"FrozenCore"}],"items_purged_floors":[3],"is_endless":false,"potions_floor_spawned":[1,10,11,12,22],"killed_by":"Book of Stabbing","ascension_level":0}