{"gold_per_floor":[113,113,113,132,14,29,47,72,72,72,72,72,72,92,92,92],"floor_reached":16,"playtime":468,"items_purged":["Strike_R"],"score":200,"play_id":"1180a93e-06d7-450f-87e2-8c0f00f28f5d","local_time":"20190307115814","is_ascension_mode":true,"campfire_choices":[{"data":"Bash","floor":10.0,"key":"SMITH"},{"data":"Battle Trance","floor":15.0,"key":"SMITH"}],"neow_cost":"NONE","seed_source_timestamp":154418559679568,"circlet_count":0,"master_deck":["AscendersBane","Strike_R","Strike_R","Strike_R","Defend_R","Defend_R","Defend_R","Defend_R","Bash+1","Thunderclap","Carnage","Iron Wave","Battle Trance+1"],"special_seed":0,"relics":["Burning Blood","Anchor","Boot","Bag of Preparation","Pear","Golden Idol"],"potions_floor_usage":[16],"damage_taken":[{"damage":1.0,"enemies":"Cultist","floor":1.0,"turns":3.0},{"damage":1.0,"enemies":"Small Slimes","floor":4.0,"turns":4.0},{"damage":0.0,"enemies":"Jaw Worm","floor":6.0,"turns":2.0},{"damage":1.0,"enemies":"Looter","floor":7.0,"turns":2.0},{"damage":20.0,"enemies":"Gremlin Nob","floor":8.0,"turns":4.0},{"damage":17.0,"enemies":"Gremlin Gang","floor":14.0,"turns":4.0},{"damage":50,"enemies":"Slime Boss","floor":16,"turns":6}],"seed_played":"-2972170969328957094","potions_obtained":[{"floor":6.0,"key":"Block Potion"},{"floor":7.0,"key":"SneckoOil"},{"floor":8.0,"key":"Dexterity Potion"},{"floor":14.0,"key":"Regen Potion"}],"is_trial":false,"path_per_floor":["M","?","?","M","$","M","M","E","T","R","?","?","?","M","R","B"],"character_chosen":"IRONCLAD","items_purchased":["Carnage"],"campfire_rested":0,"item_purchase_floors":[5],"current_hp_per_floor":[73,73,73,75,75,75,75,61,61,61,53,53,53,42,42,0],"gold":92,"neow_bonus":"RANDOM_COMMON_RELIC","is_prod":false,"is_daily":false,"chose_seed":false,"campfire_upgraded":2,"win_rate":0,"timestamp":1551956294,"path_taken":["M","?","?","?","$","M","M","E","T","R","?","?","?","M","R","BOSS"],"build_version":"2019-01-23","purchased_purges":1,"victory":false,"max_hp_per_floor":[75,75,75,75,75,75,75,75,75,75,85,77,77,77,77,77],"card_choices":[{"not_picked":["Twin Strike","Clothesline"],"picked":"Thunderclap","floor":1.0},{"not_picked":["Anger","Twin Strike","Pummel"],"picked":"SKIP","floor":4.0},{"not_picked":["Heavy Blade","Twin Strike"],"picked":"Iron Wave","floor":6.0},{"not_picked":["Infernal Blade","Havoc"],"picked":"Battle Trance","floor":7.0},{"not_picked":["Flex","Body Slam","Dark Embrace"],"picked":"SKIP","floor":8.0},{"not_picked":["Flame Barrier","Pummel","Clothesline"],"picked":"SKIP","floor":14.0}],"player_experience":951230,"relics_obtained":[{"floor":8.0,"key":"Boot"},{"floor":9.0,"key":"Bag of Preparation"}],"event_choices":[{"damage_healed":0.0,"max_hp_gain":0.0,"max_hp_loss":0.0,"gold_gain":0.0,"event_name":"Shining Light","player_choice":"Ignored","floor":2.0,"gold_loss":0.0,"damage_taken":0.0},{"damage_healed":0.0,"max_hp_gain":0.0,"max_hp_loss":0.0,"gold_gain":0.0,"event_name":"Match and Keep!","player_choice":"0 cards matched","floor":3.0,"gold_loss":0.0,"damage_taken":0.0,"cards_obtained":[]},{"damage_healed":0.0,"max_hp_gain":0.0,"max_hp_loss":0.0,"gold_gain":0.0,"event_name":"Scrap Ooze","player_choice":"Success","floor":11.0,"gold_loss":0.0,"damage_taken":18.0,"relics_obtained":["Pear"]},{"damage_healed":0.0,"max_hp_gain":0.0,"max_hp_loss":8.0,"gold_gain":0.0,"event_name":"Golden Idol","player_choice":"Lose Max HP","floor":12.0,"gold_loss":0.0,"damage_taken":0.0,"relics_obtained":["Golden Idol"]},{"cards_removed":["Strike_R"],"damage_healed":0.0,"max_hp_gain":0.0,"max_hp_loss":0.0,"gold_gain":0.0,"event_name":"Bonfire Elementals","player_choice":"Offered Basic","floor":13.0,"gold_loss":0.0,"damage_taken":0.0}],"is_beta":false,"boss_relics":[],"items_purged_floors":[5],"is_endless":false,"potions_floor_spawned":[6,7,8,14],"killed_by":"Slime Boss","ascension_level":20}