{"gold_per_floor":[117,42,42,117,117,144,158,158,158,177,207,207,227,283,283,354,354,327,327,338,136,156,156,168,168,168,168,193,204,224,243,243,243],"floor_reached":33,"playtime":1093,"items_purged":["Strike_R"],"score":544,"play_id":"68018e56-ca53-411b-92d1-eb5352290146","local_time":"20190205133023","is_ascension_mode":true,"campfire_choices":[{"data":"Bash","floor":8.0,"key":"SMITH"},{"data":"Metallicize","floor":12.0,"key":"SMITH"},{"data":"Pommel Strike","floor":15.0,"key":"SMITH"},{"floor":23.0,"key":"REST"},{"data":"Limit Break","floor":25.0,"key":"SMITH"},{"floor":27.0,"key":"REST"},{"data":"Metallicize","floor":32,"key":"SMITH"}],"neow_cost":"NONE","seed_source_timestamp":341046416580356,"circlet_count":0,"master_deck":["AscendersBane","Strike_R","Strike_R+1","Defend_R","Defend_R","Defend_R","Bash+1","Iron Wave+1","Thunderclap","Metallicize+1","Pommel Strike+1","Impervious","Evolve+1","Rage+1","Armaments+1","Iron Wave","Limit Break+1","Metallicize+1","Flex+1","Dropkick"],"special_seed":0,"relics":["Burning Blood","NeowsBlessing","FaceOfCleric","Kunai","Red Skull","Torii","Astrolabe","MutagenicStrength","Vajra","Bottled Lightning","Turnip"],"potions_floor_usage":[30],"damage_taken":[{"damage":0.0,"enemies":"Cultist","floor":1.0,"turns":1.0},{"damage":0.0,"enemies":"Gremlin Nob","floor":6.0,"turns":1.0},{"damage":0.0,"enemies":"Small Slimes","floor":7.0,"turns":1.0},{"damage":2.0,"enemies":"2 Louse","floor":10.0,"turns":2.0},{"damage":27.0,"enemies":"Lagavulin","floor":11.0,"turns":6.0},{"damage":2.0,"enemies":"Lots of Slimes","floor":13.0,"turns":3.0},{"damage":12.0,"enemies":"Gremlin Nob","floor":14.0,"turns":4.0},{"damage":11.0,"enemies":"The Guardian","floor":16.0,"turns":14.0},{"damage":13.0,"enemies":"2 Thieves","floor":18.0,"turns":5.0},{"damage":16.0,"enemies":"Spheric Guardian","floor":20.0,"turns":10.0},{"damage":26.0,"enemies":"Centurion and Healer","floor":22.0,"turns":8.0},{"damage":32.0,"enemies":"Snake Plant","floor":24.0,"turns":7.0},{"damage":30.0,"enemies":"Slavers","floor":28.0,"turns":5.0},{"damage":1.0,"enemies":"Chosen and Byrds","floor":29.0,"turns":5.0},{"damage":8,"enemies":"Cultist and Chosen","floor":30,"turns":5},{"damage":1,"enemies":"Centurion and Healer","floor":31,"turns":4},{"damage":51,"enemies":"Collector","floor":33,"turns":5}],"seed_played":"-5807864718937675848","potions_obtained":[{"floor":6.0,"key":"Fire Potion"},{"floor":10.0,"key":"Strength Potion"},{"floor":11.0,"key":"FearPotion"},{"floor":14.0,"key":"Ancient Potion"},{"floor":22.0,"key":"Fire Potion"},{"floor":29.0,"key":"Block Potion"}],"is_trial":false,"path_per_floor":["M","$","?","?","?","E","M","R","T","M","E","R","M","?","R","B",null,"M","?","M","$","M","R","M","R","T","R","E","M","M","M","R","B"],"character_chosen":"IRONCLAD","items_purchased":["Vajra","Iron Wave"],"campfire_rested":2,"item_purchase_floors":[21,21],"current_hp_per_floor":[74,74,51,40,40,47,54,54,54,59,39,39,44,39,39,35,70,64,64,55,55,36,61,36,36,36,61,38,44,43,49,49,0],"gold":243,"neow_bonus":"THREE_ENEMY_KILL","is_prod":false,"is_daily":false,"chose_seed":false,"campfire_upgraded":5,"win_rate":0,"timestamp":1549369823,"path_taken":["M","$","?","?","?","E","?","R","T","M","E","R","?","?","R","BOSS","M","?","M","?","?","R","M","R","T","R","E","M","M","?","R","BOSS"],"build_version":"2019-01-23","purchased_purges":1,"victory":false,"max_hp_per_floor":[75,75,75,75,75,76,77,77,77,78,79,79,80,81,81,82,82,83,83,84,84,85,85,86,86,86,86,87,88,89,90,90,90],"card_choices":[{"not_picked":["Twin Strike","Cleave"],"picked":"Iron Wave","floor":1.0},{"not_picked":["Rupture","Havoc","Shockwave"],"picked":"SKIP","floor":6.0},{"not_picked":["Hemokinesis","True Grit"],"picked":"Thunderclap","floor":7.0},{"not_picked":["Feel No Pain","Blood for Blood"],"picked":"Metallicize","floor":10.0},{"not_picked":["Second Wind","Intimidate","Blood for Blood"],"picked":"SKIP","floor":11.0},{"not_picked":["Fire Breathing","Warcry"],"picked":"Pommel Strike","floor":13.0},{"not_picked":["Bludgeon","Juggernaut"],"picked":"Impervious","floor":16.0},{"not_picked":["Heavy Blade","Sword Boomerang","Feel No Pain"],"picked":"SKIP","floor":18.0},{"not_picked":["Body Slam","Sentinel","Sword Boomerang"],"picked":"SKIP","floor":20.0},{"not_picked":["Power Through","Searing Blow","Anger+1"],"picked":"SKIP","floor":22.0},{"not_picked":["Twin Strike+1","Heavy Blade"],"picked":"Limit Break","floor":24.0},{"not_picked":["Shockwave","Warcry+1"],"picked":"Metallicize","floor":28.0},{"not_picked":["Clothesline","Sentinel"],"picked":"Flex+1","floor":29.0},{"not_picked":["Cleave","Shrug It Off"],"picked":"Dropkick","floor":30},{"not_picked":["Havoc","Dropkick","Warcry"],"picked":"SKIP","floor":31}],"player_experience":781784,"relics_obtained":[{"floor":6.0,"key":"Kunai"},{"floor":9.0,"key":"Red Skull"},{"floor":14.0,"key":"Torii"},{"floor":26.0,"key":"Bottled Lightning"},{"floor":28.0,"key":"Turnip"}],"event_choices":[{"damage_healed":0.0,"max_hp_gain":0.0,"max_hp_loss":0.0,"gold_gain":0.0,"event_name":"Shining Light","player_choice":"Entered Light","floor":3.0,"gold_loss":0.0,"damage_taken":23.0,"cards_upgraded":["Iron Wave","Strike_R"]},{"damage_healed":0.0,"max_hp_gain":0.0,"max_hp_loss":0.0,"gold_gain":75.0,"event_name":"World of Goop","player_choice":"Gather Gold","floor":4.0,"gold_loss":0.0,"damage_taken":11.0},{"damage_healed":0.0,"max_hp_gain":0.0,"max_hp_loss":0.0,"gold_gain":0.0,"event_name":"FaceTrader","player_choice":"Trade","floor":5.0,"gold_loss":0.0,"damage_taken":0.0,"relics_obtained":["FaceOfCleric"]},{"damage_healed":0.0,"max_hp_gain":0.0,"max_hp_loss":0.0,"gold_gain":0.0,"event_name":"Dead Adventurer","player_choice":"Searched \u00271\u0027 times","floor":14.0,"gold_loss":0.0,"damage_taken":0.0},{"damage_healed":0.0,"max_hp_gain":0.0,"max_hp_loss":0.0,"gold_gain":0.0,"event_name":"Drug Dealer","player_choice":"Inject Mutagens","floor":19.0,"gold_loss":0.0,"damage_taken":0.0,"relics_obtained":["MutagenicStrength"]}],"is_beta":false,"boss_relics":[{"not_picked":["Tiny House","Black Blood"],"picked":"Astrolabe"}],"items_purged_floors":[2],"is_endless":false,"potions_floor_spawned":[6,10,11,14,20,22,29],"killed_by":"Collector","ascension_level":16}