{"gold_per_floor":[116,131,147,147,166,166,197,197,244,264,275,289,306,319,319,319],"floor_reached":16,"playtime":449,"items_purged":[],"score":216,"play_id":"52580b73-8833-4f02-a518-1b475d88397e","local_time":"20190727002710","is_ascension_mode":true,"campfire_choices":[{"floor":6.0,"key":"REST"},{"floor":8,"key":"REST"},{"data":"Defragment","floor":15,"key":"SMITH"}],"neow_cost":"NONE","seed_source_timestamp":474539199800690,"circlet_count":0,"master_deck":["AscendersBane","Strike_B","Strike_B","Strike_B","Strike_B","Defend_B","Defend_B","Defend_B","Defend_B","Zap","Dualcast+1","Reboot","Barrage","Go for the Eyes+1","Coolheaded","Doom and Gloom","Rainbow","Coolheaded","Compile Driver","Defragment+1","Conserve Battery"],"special_seed":0,"relics":["Cracked Core","Bottled Lightning","Juzu Bracelet"],"potions_floor_usage":[11,12],"damage_taken":[{"damage":9.0,"enemies":"Jaw Worm","floor":1.0,"turns":4.0},{"damage":4.0,"enemies":"Small Slimes","floor":2.0,"turns":4.0},{"damage":0.0,"enemies":"2 Louse","floor":3.0,"turns":3.0},{"damage":22.0,"enemies":"Exordium Thugs","floor":5.0,"turns":4.0},{"damage":20,"enemies":"Gremlin Nob","floor":7,"turns":4},{"damage":0,"enemies":"Large Slime","floor":10,"turns":3},{"damage":3,"enemies":"2 Fungi Beasts","floor":11,"turns":2},{"damage":10,"enemies":"Exordium Wildlife","floor":12,"turns":3},{"damage":13,"enemies":"Large Slime","floor":13,"turns":4},{"damage":4,"enemies":"2 Fungi Beasts","floor":14,"turns":3},{"damage":21,"enemies":"The Guardian","floor":16,"turns":2}],"seed_played":"5087968442964365450","potions_obtained":[{"floor":2.0,"key":"FocusPotion"},{"floor":5.0,"key":"SkillPotion"},{"floor":11,"key":"Explosive Potion"},{"floor":12,"key":"FairyPotion"}],"is_trial":false,"path_per_floor":["M","M","M","?","M","R","E","R","T","M","M","M","M","M","R","B"],"character_chosen":"DEFECT","items_purchased":[],"campfire_rested":2,"item_purchase_floors":[],"current_hp_per_floor":[55,51,51,30,8,29,9,30,30,30,27,17,4,7,7,0],"gold":319,"neow_bonus":"ONE_RANDOM_RARE_CARD","is_prod":false,"is_daily":false,"chose_seed":false,"campfire_upgraded":1,"win_rate":0,"timestamp":1564154830,"path_taken":["M","M","M","?","M","R","E","R","T","M","M","M","M","M","R","BOSS"],"build_version":"2019-07-17","purchased_purges":0,"victory":false,"max_hp_per_floor":[71,71,71,71,71,71,71,71,71,71,71,71,71,71,71,71],"card_choices":[{"not_picked":["Steam","BootSequence"],"picked":"Barrage","floor":1.0},{"not_picked":["Chill","Redo"],"picked":"Go for the Eyes","floor":2.0},{"not_picked":["Barrage","Fusion"],"picked":"Coolheaded","floor":3.0},{"not_picked":["Go for the Eyes","Skim"],"picked":"Doom and Gloom","floor":5.0},{"not_picked":["Reprogram","Chill"],"picked":"Rainbow","floor":7},{"not_picked":["Gash","Static Discharge"],"picked":"Coolheaded","floor":10},{"not_picked":["Leap","Hello World"],"picked":"Compile Driver","floor":11},{"not_picked":["Chaos","Recycle"],"picked":"Defragment","floor":12},{"not_picked":["Ball Lightning","Gash"],"picked":"Conserve Battery","floor":13},{"not_picked":["Rebound","Go for the Eyes","Hyperbeam"],"picked":"SKIP","floor":14}],"player_experience":1020296,"relics_obtained":[{"floor":7,"key":"Bottled Lightning"},{"floor":9,"key":"Juzu Bracelet"}],"event_choices":[{"damage_healed":0.0,"max_hp_gain":0.0,"max_hp_loss":0.0,"gold_gain":0.0,"event_name":"Shining Light","player_choice":"Entered Light","floor":4.0,"gold_loss":0.0,"damage_taken":21.0,"cards_upgraded":["Dualcast","Go for the Eyes"]}],"is_beta":false,"boss_relics":[],"items_purged_floors":[],"is_endless":false,"potions_floor_spawned":[2,5,11,12],"killed_by":"The Guardian","ascension_level":20}