{"gold_per_floor":[111,111,111,125,75,103,103,435,490,504,514,527,527,527,527,527],"floor_reached":16,"playtime":329,"items_purged":[],"score":162,"play_id":"1b646c12-8cbf-4a78-8541-19d2e862aabe","local_time":"20190720174745","is_ascension_mode":true,"campfire_choices":[{"data":"Shrug It Off","floor":7,"key":"SMITH"},{"floor":13,"key":"REST"},{"data":"Cleave","floor":15,"key":"SMITH"}],"neow_cost":"NONE","seed_source_timestamp":252221653801877,"circlet_count":0,"master_deck":["Strike_R","Strike_R","Strike_R","Strike_R","Defend_R","Defend_R","Defend_R","Defend_R","Bash","Shrug It Off+1","Heavy Blade","Cleave+1","True Grit"],"relics":["Burning Blood","NeowsBlessing","Ancient Tea Set","Smiling Mask","Old Coin","Juzu Bracelet","Torii"],"potions_floor_usage":[],"damage_taken":[{"damage":0,"enemies":"Small Slimes","floor":1,"turns":1},{"damage":0,"enemies":"2 Louse","floor":4,"turns":1},{"damage":0,"enemies":"Lagavulin","floor":6,"turns":1},{"damage":56,"enemies":"Gremlin Nob","floor":8,"turns":5},{"damage":6,"enemies":"Cultist","floor":10,"turns":3},{"damage":7,"enemies":"2 Fungi Beasts","floor":11,"turns":3},{"damage":11,"enemies":"Blue Slaver","floor":12,"turns":4},{"damage":0,"enemies":"The Guardian","floor":16,"turns":4}],"seed_played":"-1002438733479040762","potions_obtained":[{"floor":8,"key":"PowerPotion"},{"floor":10,"key":"Ancient Potion"}],"is_trial":false,"path_per_floor":["M","?","?","M","?","E","R","E","T","M","M","M","R","T","R","B"],"character_chosen":"IRONCLAD","items_purchased":[],"campfire_rested":1,"item_purchase_floors":[],"current_hp_per_floor":[80,68,68,74,74,80,80,30,30,30,29,24,48,48,48,48],"gold":527,"neow_bonus":"THREE_ENEMY_KILL","is_prod":false,"is_daily":false,"chose_seed":false,"campfire_upgraded":2,"win_rate":0,"timestamp":1563670065,"path_taken":["M","?","?","?","?","E","R","E","T","M","M","M","R","?","R","BOSS"],"build_version":"2019-07-05","purchased_purges":0,"victory":false,"max_hp_per_floor":[80,80,80,80,80,80,80,80,80,80,80,80,80,80,80,80],"card_choices":[{"not_picked":["Wild Strike","Flex","Armaments"],"picked":"SKIP","floor":1},{"not_picked":["Shrug It Off","Havoc","Flex"],"picked":"SKIP","floor":4},{"not_picked":["Havoc","Flex"],"picked":"Shrug It Off","floor":4},{"not_picked":["Uppercut","Fiend Fire"],"picked":"Heavy Blade","floor":6},{"not_picked":["Clothesline","Armaments","Thunderclap"],"picked":"SKIP","floor":8},{"not_picked":["Dual Wield","Uppercut"],"picked":"Cleave","floor":10},{"not_picked":["Iron Wave","Carnage"],"picked":"True Grit","floor":11},{"not_picked":["Uppercut","Armaments","Perfected Strike"],"picked":"SKIP","floor":12}],"player_experience":58941,"relics_obtained":[{"floor":6,"key":"Smiling Mask"},{"floor":8,"key":"Old Coin"},{"floor":9,"key":"Juzu Bracelet"},{"floor":14,"key":"Torii"}],"event_choices":[{"damage_healed":0,"gold_gain":0,"player_choice":"Success","damage_taken":12,"relics_obtained":["Ancient Tea Set"],"max_hp_gain":0,"max_hp_loss":0,"event_name":"Scrap Ooze","floor":2,"gold_loss":0},{"damage_healed":0,"gold_gain":0,"player_choice":"Bought 0 Potions","damage_taken":0,"max_hp_gain":0,"max_hp_loss":0,"event_name":"The Woman in Blue","floor":3,"gold_loss":0},{"cards_removed":["Strike_R"],"damage_healed":0,"gold_gain":0,"player_choice":"Card Removal","damage_taken":0,"max_hp_gain":0,"max_hp_loss":0,"event_name":"The Cleric","floor":5,"gold_loss":50}],"is_beta":false,"boss_relics":[],"items_purged_floors":[],"is_endless":false,"potions_floor_spawned":[8,10],"killed_by":"The Guardian","ascension_level":4}