{"path_per_floor":["M","?","M","M","M","R","?","R","T","R","$","M","R","M","R","B",null,"M","M"],"character_chosen":"IRONCLAD","items_purchased":[],"gold_per_floor":[12,12,26,45,56,56,56,56,81,81,31,50,50,66,66,139,139,152,167,167],"floor_reached":20,"campfire_rested":0,"playtime":715,"current_hp_per_floor":[72,77,77,73,62,62,62,62,62,62,62,36,36,38,38,8,62,45,23,0],"items_purged":["Strike_R"],"gold":167,"score":282,"play_id":"7a3a1083-ca0e-4595-b372-610330442cfb","local_time":"20180331202648","is_prod":false,"is_daily":false,"is_ascension_mode":true,"campfire_upgraded":0,"timestamp":1522520808,"path_taken":["M","?","?","M","M","R","?","R","T","R","?","M","R","M","R","BOSS","M","?","M"],"build_version":"2018-03-29v2","purchased_purges":1,"victory":false,"master_deck":["Bash","AscendersBane","Iron Wave","Cleave","Spot Weakness","Reaper","Corruption","Shrug It Off","Iron Wave","Pommel Strike","Combust","Wild Strike","Warcry","Reckless Charge","Heavy Blade+1"],"max_hp_per_floor":[75,80,80,80,80,80,80,80,80,80,80,80,80,80,80,80,80,80,80,80],"relics":["Burning Blood","Shovel","Smiling Mask","Mummified Hand","Pen Nib","Dream Catcher","The Courier","Regal Pillow","Bag of Marbles","Pandora\u0027s Box"],"card_choices":[{"not_picked":["Bloodletting","Armaments"],"picked":"Iron Wave","floor":4.0},{"not_picked":["Heavy Blade","Sword Boomerang"],"picked":"Cleave","floor":12.0},{"not_picked":["Dual Wield","Heavy Blade"],"picked":"Spot Weakness","floor":14.0},{"not_picked":["Brutality","Impervious"],"picked":"Reaper","floor":16.0},{"not_picked":["Flex","Headbutt"],"picked":"Heavy Blade","floor":19}],"player_experience":488227,"potions_floor_usage":[],"damage_taken":[{"damage":2.0,"enemies":"Jaw Worm","floor":1.0,"turns":3.0},{"damage":6.0,"enemies":"Cultist","floor":3.0,"turns":3.0},{"damage":10.0,"enemies":"Small Slimes","floor":4.0,"turns":4.0},{"damage":17.0,"enemies":"Looter","floor":5.0,"turns":3.0},{"damage":32.0,"enemies":"Exordium Thugs","floor":12.0,"turns":7.0},{"damage":4.0,"enemies":"Exordium Wildlife","floor":14.0,"turns":4.0},{"damage":36.0,"enemies":"The Guardian","floor":16.0,"turns":15.0},{"damage":39.0,"enemies":"2 Thieves","floor":18.0,"turns":3.0},{"damage":28,"enemies":"Spheric Guardian","floor":19,"turns":4},{"damage":24,"enemies":"Slaver and Parasite","floor":20,"turns":1}],"event_choices":[{"event_name":"Big Fish","player_choice":"Donut","floor":2.0,"damage_taken":0.0},{"event_name":"Dead Adventurer","player_choice":"Searched \u00271\u0027 times","floor":7.0,"damage_taken":0.0}],"boss_relics":[],"potions_floor_spawned":[1,4,12,16,18],"seed_played":"-5854718943328299966","killed_by":"Slaver and Parasite","ascension_level":14,"is_trial":false}