{"gold_per_floor":[112,37,37,112,12,12,28,46,70,70,15,35,70,85,85,85],"floor_reached":16,"playtime":399,"items_purged":["Strike_R","Strike_R"],"score":200,"play_id":"9bad96c1-98a2-41f4-b369-27dd2c01d2e5","local_time":"20190302192253","is_ascension_mode":true,"campfire_choices":[{"data":"Bash","floor":6.0,"key":"SMITH"},{"data":"Twin Strike","floor":10.0,"key":"SMITH"},{"data":"Iron Wave","floor":15,"key":"SMITH"}],"neow_cost":"NONE","seed_source_timestamp":148078115043698,"circlet_count":0,"master_deck":["AscendersBane","Strike_R","Strike_R","Strike_R","Defend_R","Defend_R","Defend_R","Defend_R","Bash+1","Cleave","Twin Strike+1","Headbutt","Iron Wave+1"],"special_seed":0,"relics":["Burning Blood","Vajra","Boot","Anchor"],"potions_floor_usage":[],"damage_taken":[{"damage":13.0,"enemies":"2 Louse","floor":1.0,"turns":3.0},{"damage":4.0,"enemies":"Jaw Worm","floor":7.0,"turns":3.0},{"damage":1.0,"enemies":"Cultist","floor":8.0,"turns":3.0},{"damage":0.0,"enemies":"Large Slime","floor":12.0,"turns":2.0},{"damage":20.0,"enemies":"3 Sentries","floor":13.0,"turns":6.0},{"damage":1,"enemies":"Exordium Wildlife","floor":14,"turns":3},{"damage":67,"enemies":"The Guardian","floor":16,"turns":10}],"seed_played":"-3568919516490142188","potions_obtained":[{"floor":8.0,"key":"Regen Potion"},{"floor":12.0,"key":"Ancient Potion"}],"is_trial":false,"path_per_floor":["M","$","?","?","$","R","M","M","T","R","$","M","E","M","R","B"],"character_chosen":"IRONCLAD","items_purchased":["Iron Wave"],"campfire_rested":0,"item_purchase_floors":[11],"current_hp_per_floor":[61,61,75,64,64,64,66,71,71,71,71,75,61,66,66,0],"gold":85,"neow_bonus":"RANDOM_COMMON_RELIC","is_prod":false,"is_daily":false,"chose_seed":false,"campfire_upgraded":3,"win_rate":0,"timestamp":1551550973,"path_taken":["M","$","?","?","?","R","M","M","T","R","$","M","E","M","R","BOSS"],"build_version":"2019-01-23","purchased_purges":2,"victory":false,"max_hp_per_floor":[75,75,75,75,75,75,75,75,75,75,75,75,75,75,75,75],"card_choices":[{"not_picked":["Twin Strike","Searing Blow"],"picked":"Cleave","floor":1.0},{"not_picked":["Flex","Armaments"],"picked":"Twin Strike","floor":7.0},{"not_picked":["Shockwave","Cleave"],"picked":"Headbutt","floor":8.0},{"not_picked":["Wild Strike","Searing Blow","Infernal Blade"],"picked":"SKIP","floor":12.0},{"not_picked":["Fiend Fire","Infernal Blade","Clothesline"],"picked":"SKIP","floor":13.0},{"not_picked":["Twin Strike","Warcry","Corruption"],"picked":"SKIP","floor":14}],"player_experience":926168,"relics_obtained":[{"floor":9.0,"key":"Boot"},{"floor":13.0,"key":"Anchor"}],"event_choices":[{"damage_healed":25.0,"max_hp_gain":0.0,"max_hp_loss":0.0,"gold_gain":0.0,"event_name":"Big Fish","player_choice":"Banana","floor":3.0,"gold_loss":0.0,"damage_taken":0.0},{"damage_healed":0.0,"max_hp_gain":0.0,"max_hp_loss":0.0,"gold_gain":75.0,"event_name":"World of Goop","player_choice":"Gather Gold","floor":4.0,"gold_loss":0.0,"damage_taken":11.0}],"is_beta":false,"boss_relics":[],"items_purged_floors":[2,5],"is_endless":false,"potions_floor_spawned":[8,12,13],"killed_by":"The Guardian","ascension_level":20}