{"gold_per_floor":[113,213,70,89,101,101,114,114,139,40,67,79,91],"floor_reached":13,"playtime":618,"items_purged":["Defend_G"],"score":120,"play_id":"7a09e446-433d-40f6-9eb6-fca620e8d56f","local_time":"20190701204612","is_ascension_mode":true,"campfire_choices":[{"data":"Backflip","floor":6,"key":"SMITH"},{"data":"Accuracy","floor":8,"key":"SMITH"},{"floor":12,"key":"REST"}],"neow_cost":"NONE","seed_source_timestamp":1567045947347788,"circlet_count":0,"master_deck":["Strike_G","Strike_G","Strike_G","Strike_G","Strike_G","Defend_G","Defend_G","Defend_G","Defend_G","Survivor","Neutralize","Backflip+1","Accuracy+1","Acrobatics"],"relics":["Ring of the Snake","Bag of Marbles","Art of War","MawBank","Mango"],"potions_floor_usage":[11],"damage_taken":[{"damage":2,"enemies":"2 Louse","floor":1,"turns":5},{"damage":0,"enemies":"Cultist","floor":4,"turns":4},{"damage":0,"enemies":"Jaw Worm","floor":5,"turns":5},{"damage":16,"enemies":"Lots of Slimes","floor":7,"turns":7},{"damage":56,"enemies":"Lagavulin","floor":11,"turns":11},{"damage":43,"enemies":"3 Sentries","floor":13,"turns":6}],"seed_played":"-4241632530460246988","potions_obtained":[{"floor":7,"key":"Dexterity Potion"},{"floor":11,"key":"Ancient Potion"}],"is_trial":false,"path_per_floor":["M","?","$","M","M","R","M","R","T","$","E","R","?"],"character_chosen":"THE_SILENT","items_purchased":["Bag of Marbles","Acrobatics"],"campfire_rested":1,"item_purchase_floors":[3,10],"current_hp_per_floor":[75,75,75,75,75,75,59,59,59,59,3,26,0],"gold":91,"neow_bonus":"TEN_PERCENT_HP_BONUS","is_prod":false,"is_daily":false,"chose_seed":false,"campfire_upgraded":2,"win_rate":0,"timestamp":1562028372,"path_taken":["M","?","$","M","?","R","M","R","T","$","E","R","?"],"build_version":"2019-07-01","purchased_purges":1,"victory":false,"max_hp_per_floor":[77,77,77,77,77,77,77,77,77,77,77,77,91],"card_choices":[{"not_picked":["Deadly Poison","Tactician","Outmaneuver"],"picked":"SKIP","floor":1},{"not_picked":["Underhanded Strike","Quick Slash"],"picked":"Backflip","floor":4},{"not_picked":["Outmaneuver","Bane","Expertise"],"picked":"SKIP","floor":5},{"not_picked":["Deadly Poison","Reflex"],"picked":"Accuracy","floor":7},{"not_picked":["Dagger Spray","Flechettes","Blur"],"picked":"SKIP","floor":11}],"player_experience":99211,"relics_obtained":[{"floor":9,"key":"Art of War"},{"floor":11,"key":"MawBank"}],"event_choices":[{"damage_healed":0,"gold_gain":100,"player_choice":"Gold","damage_taken":0,"max_hp_gain":0,"max_hp_loss":0,"event_name":"Wheel of Change","floor":2,"gold_loss":0},{"damage_healed":0,"gold_gain":0,"player_choice":"Searched \u00272\u0027 times","damage_taken":0,"relics_obtained":["Mango"],"max_hp_gain":0,"max_hp_loss":0,"event_name":"Dead Adventurer","floor":13,"gold_loss":0}],"is_beta":false,"boss_relics":[],"items_purged_floors":[10],"is_endless":false,"potions_floor_spawned":[7,11],"killed_by":"3 Sentries","ascension_level":3}