{"path_per_floor":["M","M","?","M","M","R","E","R","T","M","M","?","R","E","R","B",null,"M","M","?","M","$","R","E"],"character_chosen":"DEFECT","items_purchased":["Toxic Egg 2","Coolheaded","Capacitor"],"gold_per_floor":[116,136,211,227,237,237,263,263,288,298,317,267,267,297,297,395,395,407,423,423,436,13,13,48,48],"floor_reached":25,"campfire_rested":2,"playtime":1520,"current_hp_per_floor":[68,66,55,48,39,39,17,37,37,29,31,31,31,20,42,13,74,72,51,51,46,46,46,6,0],"items_purged":["Writhe"],"gold":48,"score":233,"play_id":"f3bf8009-e2e0-4d2d-8ae7-272f0be4b270","local_time":"20180430145751","is_prod":false,"is_daily":false,"chose_seed":false,"is_ascension_mode":false,"campfire_upgraded":3,"timestamp":1525093071,"path_taken":["M","M","?","?","M","R","E","R","T","M","?","?","R","E","R","BOSS","M","M","?","M","$","R","E","M"],"build_version":"2018-04-27v3","seed_source_timestamp":485753443820378,"purchased_purges":1,"victory":false,"master_deck":["Strike_B","Strike_B+1","Defend_B","Defend_B","Defend_B","Zap+1","Dualcast+1","Skim","Leap","Ball Lightning+1","Prime","Leap","Coolheaded","Coolheaded+1","Capacitor+1","Impulse+1"],"max_hp_per_floor":[68,68,68,68,68,68,68,68,68,70,72,72,72,74,74,74,74,76,76,76,76,76,76,76,76],"relics":["Cracked Core","Singing Bowl","Whetstone","Juzu Bracelet","Nuclear Battery","Anchor","Toxic Egg 2","Blood Vial"],"card_choices":[{"not_picked":["Flux Capacitor","Streamline"],"picked":"Skim","floor":1.0},{"not_picked":["Ball Lightning","Beam Cell"],"picked":"Leap","floor":5.0},{"not_picked":["Force Field","Tempest"],"picked":"Ball Lightning","floor":7.0},{"not_picked":["Creative AI","Echo Form"],"picked":"Prime","floor":16.0},{"not_picked":["Barrage","Steam Power"],"picked":"Leap","floor":19.0},{"not_picked":["Streamline","Sweeping Beam"],"picked":"Coolheaded","floor":21.0},{"not_picked":["Blaster","Axe Kick"],"picked":"Impulse","floor":24}],"player_experience":546581,"potions_floor_usage":[],"damage_taken":[{"damage":0.0,"enemies":"2 Louse","floor":1.0,"turns":3.0},{"damage":2.0,"enemies":"Cultist","floor":2.0,"turns":5.0},{"damage":7.0,"enemies":"Small Slimes","floor":4.0,"turns":3.0},{"damage":9.0,"enemies":"Blue Slaver","floor":5.0,"turns":4.0},{"damage":22.0,"enemies":"Gremlin Nob","floor":7.0,"turns":5.0},{"damage":10.0,"enemies":"Large Slime","floor":10.0,"turns":4.0},{"damage":0.0,"enemies":"2 Fungi Beasts","floor":11.0,"turns":3.0},{"damage":13.0,"enemies":"Lagavulin","floor":14.0,"turns":5.0},{"damage":29.0,"enemies":"The Guardian","floor":16.0,"turns":11.0},{"damage":4.0,"enemies":"Shell Parasite","floor":18.0,"turns":5.0},{"damage":21.0,"enemies":"3 Byrds","floor":19.0,"turns":4.0},{"damage":5.0,"enemies":"Snecko","floor":21.0,"turns":6.0},{"damage":40,"enemies":"Book of Stabbing","floor":24,"turns":8},{"damage":24,"enemies":"Chosen and Byrds","floor":25,"turns":4}],"event_choices":[{"event_name":"World of Goop","player_choice":"Gather Gold","floor":3.0,"damage_taken":0.0},{"event_name":"The Cleric","player_choice":"Card Removal","floor":12.0,"damage_taken":0.0},{"event_name":"The Mausoleum","player_choice":"Yes","floor":20.0,"damage_taken":0.0}],"boss_relics":[],"potions_floor_spawned":[1,7,10,11,14,21],"seed_played":"7121754512868930609","killed_by":"Chosen and Byrds","ascension_level":0,"is_trial":false}