{"gold_per_floor":[114,132,132,132,152,222,222,241,291,304,34,34,209,209,209,337,337,350,350,400,413,434,473,473,473],"floor_reached":25,"playtime":1371,"items_purged":["Strike_G"],"score":254,"play_id":"6565e106-6461-422c-bbba-d9d4b59ec62a","local_time":"20190630162542","is_ascension_mode":true,"campfire_choices":[{"data":"Finisher","floor":7,"key":"SMITH"},{"data":"Cloak And Dagger","floor":12,"key":"SMITH"},{"data":"Acrobatics","floor":15,"key":"SMITH"},{"floor":24,"key":"REST"}],"neow_cost":"NONE","seed_source_timestamp":1464260752486880,"circlet_count":0,"master_deck":["Defend_G","Defend_G","Defend_G","Defend_G","Defend_G","Strike_G","Strike_G","Strike_G","Strike_G","Survivor","Neutralize","Finisher+1","Slice","Footwork+1","Cloak And Dagger+1","Cloak And Dagger+1","Backstab","Infinite Blades+1","Acrobatics+1","Doubt","Storm of Steel","Masterful Stab","Terror+1"],"relics":["Ring of the Snake","Golden Idol","Frozen Egg 2","Tiny Chest","Lantern","WristBlade","Bronze Scales"],"potions_floor_usage":[6,6,23],"damage_taken":[{"damage":2,"enemies":"Cultist","floor":1,"turns":4},{"damage":0,"enemies":"Jaw Worm","floor":2,"turns":4},{"damage":0,"enemies":"2 Louse","floor":5,"turns":3},{"damage":9,"enemies":"Lagavulin","floor":6,"turns":12},{"damage":1,"enemies":"2 Fungi Beasts","floor":8,"turns":4},{"damage":13,"enemies":"Large Slime","floor":10,"turns":6},{"damage":6,"enemies":"The Guardian","floor":16,"turns":13},{"damage":0,"enemies":"Chosen","floor":18,"turns":4},{"damage":21,"enemies":"Shell Parasite","floor":21,"turns":5},{"damage":29,"enemies":"Snecko","floor":22,"turns":5},{"damage":21,"enemies":"Book of Stabbing","floor":23,"turns":6},{"damage":36,"enemies":"Gremlin Leader","floor":25,"turns":5}],"seed_played":"-1564336130938478245","potions_obtained":[{"floor":1,"key":"EssenceOfSteel"},{"floor":5,"key":"GhostInAJar"},{"floor":6,"key":"Swift Potion"}],"is_trial":false,"path_per_floor":["M","M","?","?","M","E","R","M","T","M","$","R","?","?","R","B",null,"M","?","?","M","M","E","R","E"],"character_chosen":"THE_SILENT","items_purchased":["Backstab","Infinite Blades+1","Acrobatics"],"campfire_rested":1,"item_purchase_floors":[11,11,11],"current_hp_per_floor":[75,75,56,56,56,47,47,46,46,33,33,33,33,33,33,27,77,77,77,77,56,27,6,29,0],"gold":473,"neow_bonus":"TEN_PERCENT_HP_BONUS","is_prod":false,"is_daily":false,"chose_seed":false,"campfire_upgraded":3,"win_rate":0,"timestamp":1561926342,"path_taken":["M","M","?","?","M","E","R","M","T","?","?","R","?","?","R","BOSS","M","?","?","?","M","E","R","E"],"build_version":"2019-01-23","purchased_purges":1,"victory":false,"max_hp_per_floor":[77,77,77,77,77,77,77,77,77,77,77,77,77,77,77,77,77,77,77,77,77,77,77,77,77],"card_choices":[{"not_picked":["Endless Agony","Prepared"],"picked":"Finisher","floor":1},{"not_picked":["Prepared","Heel Hook"],"picked":"Slice","floor":2},{"not_picked":["Deadly Poison","Predator"],"picked":"Footwork+1","floor":5},{"not_picked":["Deadly Poison","Dash","Expertise"],"picked":"SKIP","floor":6},{"not_picked":["Calculated Gamble","Quick Slash"],"picked":"Cloak And Dagger","floor":8},{"not_picked":["Dodge and Roll","Prepared"],"picked":"Cloak And Dagger","floor":10},{"not_picked":["Burst","Wraith Form v2+1"],"picked":"Storm of Steel","floor":16},{"not_picked":["Sucker Punch","Deflect"],"picked":"Masterful Stab","floor":18},{"not_picked":["Escape Plan","Dodge and Roll","Underhanded Strike"],"picked":"SKIP","floor":21},{"not_picked":["Choke","Bane","Catalyst"],"picked":"SKIP","floor":22},{"not_picked":["All Out Attack","PiercingWail"],"picked":"Terror+1","floor":23}],"player_experience":69735,"relics_obtained":[{"floor":4,"key":"Frozen Egg 2"},{"floor":6,"key":"Tiny Chest"},{"floor":9,"key":"Lantern"},{"floor":23,"key":"Bronze Scales"}],"event_choices":[{"damage_healed":0,"gold_gain":0,"player_choice":"Take Damage","damage_taken":19,"relics_obtained":["Golden Idol"],"max_hp_gain":0,"max_hp_loss":0,"event_name":"Golden Idol","floor":3,"gold_loss":0},{"damage_healed":0,"gold_gain":0,"player_choice":"Relic","damage_taken":0,"max_hp_gain":0,"max_hp_loss":0,"event_name":"Wheel of Change","floor":4,"gold_loss":0},{"damage_healed":0,"gold_gain":175,"player_choice":"AGREE","damage_taken":0,"max_hp_gain":0,"max_hp_loss":0,"event_name":"Liars Game","floor":13,"gold_loss":0,"cards_obtained":["Doubt"]},{"damage_healed":0,"gold_gain":0,"player_choice":"Grow","damage_taken":0,"max_hp_gain":0,"max_hp_loss":0,"event_name":"Living Wall","floor":14,"gold_loss":0,"cards_upgraded":["Cloak And Dagger"]},{"damage_healed":0,"gold_gain":0,"player_choice":"Ignored","damage_taken":0,"max_hp_gain":0,"max_hp_loss":0,"event_name":"Ghosts","floor":19,"gold_loss":0},{"damage_healed":0,"gold_gain":100,"player_choice":"Bet on Murderer","damage_taken":0,"max_hp_gain":0,"max_hp_loss":0,"event_name":"The Joust","floor":20,"gold_loss":50}],"is_beta":false,"boss_relics":[{"not_picked":["Runic Pyramid","Sozu"],"picked":"WristBlade"}],"items_purged_floors":[11],"is_endless":false,"potions_floor_spawned":[1,5,6],"killed_by":"Gremlin Leader","ascension_level":3}