{"gold_per_floor":[109,109,34,49,60,93,110,110,160,160,160],"floor_reached":11,"playtime":371,"items_purged":["Strike_R"],"score":73,"play_id":"7874ab9f-c2b7-4b29-aa42-ce7864dcb7fe","local_time":"20190422202724","is_ascension_mode":false,"campfire_choices":[{"data":"Barricade","floor":8,"key":"SMITH"},{"data":"Shrug It Off","floor":10,"key":"SMITH"}],"neow_cost":"PERCENT_DAMAGE","seed_source_timestamp":1041221406856870,"circlet_count":0,"master_deck":["Strike_R","Strike_R","Strike_R","Strike_R","Defend_R","Defend_R","Defend_R","Defend_R","Bash","Barricade+1","Armaments","Shrug It Off+1","Ghostly Armor"],"relics":["Burning Blood","Bottled Tornado"],"potions_floor_usage":[6,6,7],"damage_taken":[{"damage":17,"enemies":"2 Louse","floor":1,"turns":6},{"damage":22,"enemies":"Cultist","floor":4,"turns":6},{"damage":5,"enemies":"Small Slimes","floor":5,"turns":5},{"damage":61,"enemies":"Lagavulin","floor":6,"turns":8},{"damage":8,"enemies":"Blue Slaver","floor":7,"turns":8},{"damage":13,"enemies":"Gremlin Nob","floor":11,"turns":3}],"seed_played":"-515887354242853662","potions_obtained":[{"floor":1,"key":"Fire Potion"},{"floor":4,"key":"Explosive Potion"},{"floor":6,"key":"EssenceOfSteel"}],"is_trial":false,"path_per_floor":["M","?","$","M","M","E","M","R","T","R","E"],"character_chosen":"IRONCLAD","items_purchased":[],"campfire_rested":0,"item_purchase_floors":[],"current_hp_per_floor":[45,80,80,64,65,10,8,8,8,8,0],"gold":160,"neow_bonus":"THREE_RARE_CARDS","is_prod":false,"is_daily":false,"chose_seed":false,"campfire_upgraded":2,"win_rate":0,"timestamp":1555982844,"path_taken":["M","?","$","?","M","E","M","R","T","R","E"],"build_version":"2019-01-23","purchased_purges":1,"victory":false,"max_hp_per_floor":[80,80,80,80,80,80,80,80,80,80,80],"card_choices":[{"not_picked":["Fiend Fire","Brutality"],"picked":"Barricade","floor":0},{"not_picked":["Blood for Blood","Clash","Clothesline"],"picked":"SKIP","floor":1},{"not_picked":["Perfected Strike","Clash","True Grit"],"picked":"SKIP","floor":4},{"not_picked":["Warcry","Perfected Strike"],"picked":"Armaments","floor":5},{"not_picked":["Power Through","Anger"],"picked":"Shrug It Off","floor":6},{"not_picked":["Burning Pact","Exhume"],"picked":"Ghostly Armor","floor":7}],"player_experience":794019,"relics_obtained":[{"floor":6,"key":"Bottled Tornado"}],"event_choices":[{"damage_healed":35,"gold_gain":0,"player_choice":"Full Heal","damage_taken":0,"max_hp_gain":0,"max_hp_loss":0,"event_name":"Wheel of Change","floor":2,"gold_loss":0}],"is_beta":false,"boss_relics":[],"items_purged_floors":[3],"is_endless":false,"potions_floor_spawned":[1,4,6],"killed_by":"Gremlin Nob","ascension_level":0}