{"path_per_floor":["M","?","?","$","M","E","R","E","T","R","M","M","R","M","R","B",null,"M","M","$","M","M","R","E","R","T"],"character_chosen":"DEFECT","items_purchased":["Turbo"],"gold_per_floor":[112,112,112,37,55,87,87,114,114,114,126,139,139,157,157,256,256,256,256,108,108,108,108,108,108,108,108],"floor_reached":27,"campfire_rested":3,"playtime":1487,"current_hp_per_floor":[68,68,68,68,68,23,45,15,15,37,37,37,37,27,27,2,57,55,32,32,32,32,32,11,33,33,0],"items_purged":["Decay","Defend_B"],"gold":108,"score":316,"play_id":"9e4cd152-2b6f-4c5e-81cd-e04d81cbc619","local_time":"20180507211923","is_prod":false,"is_daily":false,"chose_seed":false,"is_ascension_mode":true,"campfire_upgraded":3,"timestamp":1525720763,"path_taken":["M","?","?","?","?","E","R","E","T","R","M","M","R","M","R","BOSS","M","M","$","M","M","R","E","R","T","M"],"build_version":"2018-05-03","seed_source_timestamp":175716858747729,"purchased_purges":3,"victory":false,"master_deck":["Strike_B","Strike_B","Strike_B","Defend_B","Defend_B","Defend_B","Zap+1","Dualcast+1","Impulse+1","Cold Snap","Cold Snap","Coolheaded","Glacier","Rainbow","Capacitor","Creative AI+1","Turbo","Capacitor+1"],"max_hp_per_floor":[75,75,75,75,75,75,75,75,75,75,75,75,75,75,75,75,75,75,75,75,75,75,75,75,75,75,75],"relics":["Cracked Core","Girya","Thread and Needle","Turnip","Ectoplasm","Old Coin","Emotion Chip"],"card_choices":[{"not_picked":["Rebound","Force Field"],"picked":"Impulse","floor":1.0},{"not_picked":["Doom and Gloom","Skim"],"picked":"Cold Snap","floor":5.0},{"not_picked":["Loop","Axe Kick"],"picked":"Cold Snap","floor":6.0},{"not_picked":["Doom and Gloom","Amplify"],"picked":"Coolheaded","floor":8.0},{"not_picked":["Sunder","Blizzard"],"picked":"Glacier","floor":14.0},{"not_picked":["Meteor Strike","Machine Learning"],"picked":"Rainbow","floor":16},{"not_picked":["Glacier","Axe Kick"],"picked":"Capacitor","floor":18},{"not_picked":["Hologram","Leap"],"picked":"Creative AI","floor":19},{"not_picked":["Genetic Algorithm","Streamline"],"picked":"Capacitor","floor":22}],"player_experience":624140,"potions_floor_usage":[16],"damage_taken":[{"damage":0.0,"enemies":"2 Louse","floor":1.0,"turns":2.0},{"damage":0.0,"enemies":"Cultist","floor":5.0,"turns":3.0},{"damage":45.0,"enemies":"Gremlin Nob","floor":6.0,"turns":5.0},{"damage":30.0,"enemies":"Gremlin Nob","floor":8.0,"turns":5.0},{"damage":0.0,"enemies":"Jaw Worm","floor":11.0,"turns":3.0},{"damage":0.0,"enemies":"3 Louse","floor":12.0,"turns":3.0},{"damage":10.0,"enemies":"Exordium Wildlife","floor":14.0,"turns":5.0},{"damage":25,"enemies":"Slime Boss","floor":16,"turns":27},{"damage":2,"enemies":"Shell Parasite","floor":18,"turns":9},{"damage":23,"enemies":"3 Byrds","floor":19,"turns":7},{"damage":0,"enemies":"Snecko","floor":21,"turns":6},{"damage":0,"enemies":"Snake Plant","floor":22,"turns":7},{"damage":21,"enemies":"Book of Stabbing","floor":24,"turns":6},{"damage":34,"enemies":"3 Cultists","floor":27,"turns":4}],"event_choices":[{"event_name":"Living Wall","player_choice":"Grow","floor":2.0,"damage_taken":0.0},{"event_name":"Wheel of Change","player_choice":"Curse","floor":3.0,"damage_taken":0.0}],"boss_relics":[{"not_picked":["Calling Bell","Lizard Tail"],"picked":"Ectoplasm"}],"potions_floor_spawned":[6],"seed_played":"7279708612207256749","killed_by":"3 Cultists","ascension_level":6,"is_trial":false}