{"path_per_floor":["M","?","?","$","?","R","E","M","T","R","M","R","$","E","R","B",null,"M","?","M","M","M","R"],"character_chosen":"DEFECT","items_purchased":["Capacitor","Cold Snap"],"gold_per_floor":[116,116,116,11,11,11,37,47,70,70,85,85,10,40,40,135,135,155,155,137,151,166,166,166],"floor_reached":24,"campfire_rested":2,"playtime":860,"current_hp_per_floor":[68,68,61,61,58,58,3,7,7,29,33,33,33,32,32,19,61,53,39,41,38,1,25,0],"items_purged":["Strike_B"],"gold":166,"score":286,"play_id":"7238af1e-8d01-4c68-9728-68c8b34f35be","local_time":"20180513121249","is_prod":false,"is_daily":false,"chose_seed":false,"is_ascension_mode":true,"campfire_upgraded":3,"timestamp":1526206369,"path_taken":["M","?","?","$","?","R","E","M","T","R","?","R","$","E","R","BOSS","M","?","M","M","M","R","E"],"build_version":"2018-05-12v2","seed_source_timestamp":83165631123832,"purchased_purges":2,"victory":false,"master_deck":["Strike_B","Strike_B","Defend_B","Defend_B","Defend_B","Defend_B","Zap+1","Dualcast","Barrage+1","White Noise+1","Capacitor+1","Cold Snap","Glacier","Ball Lightning","Blizzard","Echo Form","Go for the Eyes+1","Sweeping Beam+1"],"max_hp_per_floor":[75,75,75,75,75,75,75,75,75,75,75,75,75,75,75,75,75,75,80,80,80,80,80,80],"relics":["Cracked Core","Letter Opener","Bird Faced Urn","Prayer Wheel","Anchor","Nuclear Battery"],"card_choices":[{"not_picked":["Blizzard","Rebound"],"picked":"Barrage","floor":0.0},{"not_picked":["Darkness","Leap"],"picked":"White Noise","floor":1.0},{"not_picked":["Axe Kick","Capacitor"],"picked":"Glacier","floor":7.0},{"not_picked":["Tempest","Streamline"],"picked":"Ball Lightning","floor":8.0},{"not_picked":["Gash","Consume"],"picked":"Blizzard","floor":11.0},{"not_picked":["Blizzard","Steam","Stack"],"picked":"SKIP","floor":14.0},{"not_picked":["Multi-Cast","Buffer"],"picked":"Echo Form","floor":16.0},{"not_picked":["Go for the Eyes","Rebound","Stack+1"],"picked":"SKIP","floor":18.0},{"not_picked":["Go for the Eyes","Rebound","Stack+1"],"picked":"SKIP","floor":18.0},{"not_picked":["Leap","Sweeping Beam"],"picked":"Go for the Eyes+1","floor":20.0},{"not_picked":["Double Energy","Doom and Gloom+1"],"picked":"Sweeping Beam+1","floor":21},{"not_picked":["Tempest+1","Stack","Rip and Tear"],"picked":"SKIP","floor":22}],"player_experience":655017,"potions_floor_usage":[24],"damage_taken":[{"damage":0.0,"enemies":"Small Slimes","floor":1.0,"turns":3.0},{"damage":55.0,"enemies":"Gremlin Nob","floor":7.0,"turns":5.0},{"damage":0.0,"enemies":"2 Louse","floor":8.0,"turns":3.0},{"damage":0.0,"enemies":"Cultist","floor":11.0,"turns":3.0},{"damage":5.0,"enemies":"3 Sentries","floor":14.0,"turns":4.0},{"damage":17.0,"enemies":"Hexaghost","floor":16.0,"turns":8.0},{"damage":14.0,"enemies":"Spheric Guardian","floor":18.0,"turns":4.0},{"damage":2.0,"enemies":"2 Thieves","floor":20.0,"turns":4.0},{"damage":9,"enemies":"Centurion and Healer","floor":21,"turns":6},{"damage":43,"enemies":"Slaver and Parasite","floor":22,"turns":5},{"damage":32,"enemies":"Book of Stabbing","floor":24,"turns":5}],"event_choices":[{"event_name":"Living Wall","player_choice":"Grow","floor":2.0,"damage_taken":0.0},{"event_name":"Golden Wing","player_choice":"Card Removal","floor":3.0,"damage_taken":0.0},{"event_name":"Scrap Ooze","player_choice":"success","floor":5.0,"damage_taken":3.0},{"event_name":"Forgotten Altar","player_choice":"Shed Blood","floor":19.0,"damage_taken":0.0}],"boss_relics":[],"potions_floor_spawned":[1,11,21],"seed_played":"-5508786571731835905","killed_by":"Book of Stabbing","ascension_level":8,"is_trial":false}