{"gold_per_floor":[117,50,0,19,19,19,36,36,60,60,60,79,98,132,132,207,207,225,0,16,16,16],"floor_reached":22,"playtime":796,"items_purged":[],"score":350,"play_id":"52a31279-dade-4039-81ef-499072d4ae46","local_time":"20190221234518","is_ascension_mode":true,"campfire_choices":[{"data":"Neutralize","floor":6.0,"key":"SMITH"},{"data":"Caltrops","floor":8.0,"key":"SMITH"},{"floor":10.0,"key":"REST"},{"floor":15.0,"key":"REST"}],"neow_cost":"PERCENT_DAMAGE","seed_source_timestamp":1298082832493456,"circlet_count":0,"master_deck":["AscendersBane","Defend_G","Defend_G","Defend_G","Defend_G","Strike_G","Strike_G","Strike_G","Survivor","Neutralize+1","Infinite Blades","Caltrops+1","Deflect","Dagger Spray","Caltrops","Storm of Steel","Prepared","Blur","Backflip","Expertise+1"],"special_seed":0,"relics":["Ring of the Snake","Darkstone Periapt","FossilizedHelix","Ancient Tea Set","Tingsha","Orrery"],"potions_floor_usage":[],"damage_taken":[{"damage":4.0,"enemies":"Jaw Worm","floor":1.0,"turns":7.0},{"damage":0.0,"enemies":"Cultist","floor":4.0,"turns":4.0},{"damage":2.0,"enemies":"Small Slimes","floor":7.0,"turns":4.0},{"damage":0.0,"enemies":"3 Louse","floor":12.0,"turns":3.0},{"damage":0.0,"enemies":"Exordium Thugs","floor":13.0,"turns":5.0},{"damage":26.0,"enemies":"3 Sentries","floor":14.0,"turns":7.0},{"damage":15.0,"enemies":"The Guardian","floor":16.0,"turns":14.0},{"damage":0.0,"enemies":"Chosen","floor":18.0,"turns":5.0},{"damage":16,"enemies":"2 Thieves","floor":20,"turns":4},{"damage":25,"enemies":"Cultist and Chosen","floor":22,"turns":5}],"seed_played":"-8594582488722069225","potions_obtained":[{"floor":12.0,"key":"Dexterity Potion"},{"floor":16.0,"key":"PowerPotion"}],"is_trial":false,"path_per_floor":["M","?","?","M","?","R","M","R","T","R","?","M","M","E","R","B",null,"M","?","M","$","M"],"character_chosen":"THE_SILENT","items_purchased":[],"campfire_rested":2,"item_purchase_floors":[],"current_hp_per_floor":[40,40,40,40,29,29,27,27,27,46,46,46,46,20,39,24,56,56,56,40,40,15],"gold":16,"neow_bonus":"REMOVE_TWO","is_prod":false,"is_daily":false,"chose_seed":false,"campfire_upgraded":2,"win_rate":0,"timestamp":1550789118,"path_taken":["M","?","?","?","?","R","M","R","T","R","?","M","M","E","R","BOSS","M","?","M","$","M"],"build_version":"2019-01-23","purchased_purges":0,"victory":false,"max_hp_per_floor":[66,66,66,66,66,66,66,66,66,66,66,66,66,66,66,66,66,66,66,66,66,66],"card_choices":[{"not_picked":["Deflect","Prepared"],"picked":"Infinite Blades","floor":1.0},{"not_picked":["Cloak And Dagger","Eviscerate"],"picked":"Caltrops","floor":4.0},{"not_picked":["PiercingWail","Outmaneuver","Sucker Punch"],"picked":"SKIP","floor":7.0},{"not_picked":["Eviscerate","Underhanded Strike"],"picked":"Deflect","floor":12.0},{"not_picked":["Dagger Throw","Reflex"],"picked":"Dagger Spray","floor":13.0},{"not_picked":["Setup","Blade Dance"],"picked":"Caltrops","floor":14.0},{"not_picked":["Grand Finale","Venomology"],"picked":"Storm of Steel","floor":16.0},{"not_picked":["Flechettes","Dodge and Roll"],"picked":"Prepared","floor":17.0},{"not_picked":["Dagger Throw","Prepared"],"picked":"Blur","floor":17.0},{"not_picked":["Eviscerate","Bouncing Flask"],"picked":"Backflip","floor":18.0},{"not_picked":["A Thousand Cuts","PiercingWail"],"picked":"Expertise+1","floor":20}],"player_experience":851879,"relics_obtained":[{"floor":9.0,"key":"Ancient Tea Set"},{"floor":14.0,"key":"Tingsha"}],"event_choices":[{"damage_healed":0.0,"max_hp_gain":0.0,"max_hp_loss":0.0,"gold_gain":0.0,"event_name":"World of Goop","player_choice":"Left Gold","floor":2.0,"gold_loss":67.0,"damage_taken":0.0},{"damage_healed":0.0,"max_hp_gain":0.0,"max_hp_loss":0.0,"gold_gain":0.0,"event_name":"WeMeetAgain","player_choice":"Paid Gold","floor":3.0,"gold_loss":50.0,"damage_taken":0.0,"relics_obtained":["Darkstone Periapt"]},{"damage_healed":0.0,"max_hp_gain":0.0,"max_hp_loss":0.0,"gold_gain":0.0,"event_name":"Scrap Ooze","player_choice":"Success","floor":5.0,"gold_loss":0.0,"damage_taken":11.0,"relics_obtained":["FossilizedHelix"]},{"cards_removed":["Strike_G"],"damage_healed":0.0,"max_hp_gain":0.0,"max_hp_loss":0.0,"gold_gain":0.0,"event_name":"Living Wall","player_choice":"Forget","floor":11.0,"gold_loss":0.0,"damage_taken":0.0},{"damage_healed":0.0,"max_hp_gain":0.0,"max_hp_loss":0.0,"gold_gain":0.0,"event_name":"Masked Bandits","player_choice":"Paid Fearfully","floor":19.0,"gold_loss":225.0,"damage_taken":0.0}],"is_beta":false,"boss_relics":[{"not_picked":["Tiny House","Lizard Tail"],"picked":"Orrery"}],"items_purged_floors":[],"is_endless":false,"potions_floor_spawned":[12,16,20],"killed_by":"Cultist and Chosen","ascension_level":18}