{"gold_per_floor":[212,262,280,122,133,133,168,168,195,195,195,195,211,48,48,48],"floor_reached":16,"playtime":668,"items_purged":[],"score":186,"play_id":"532a3dff-e0cc-4342-9b18-b5ca45b02b74","local_time":"20190728231535","is_ascension_mode":true,"campfire_choices":[{"data":"Neutralize","floor":6.0,"key":"SMITH"},{"data":"Caltrops","floor":8.0,"key":"SMITH"},{"data":"Dash","floor":10.0,"key":"SMITH"},{"data":"Dodge and Roll","floor":15.0,"key":"SMITH"}],"neow_cost":"NONE","seed_source_timestamp":301443328785500,"circlet_count":0,"master_deck":["AscendersBane","Strike_G","Strike_G","Strike_G","Strike_G","Strike_G","Defend_G","Defend_G","Defend_G","Defend_G","Defend_G","Survivor","Neutralize+1","Deadly Poison","Dodge and Roll+1","Caltrops+1","Dash+1","Deflect","Malaise","Crippling Poison"],"special_seed":0,"relics":["Ring of the Snake","Strawberry","Happy Flower","Ancient Tea Set"],"potions_floor_usage":[],"damage_taken":[{"damage":7.0,"enemies":"Jaw Worm","floor":1.0,"turns":7.0},{"damage":7.0,"enemies":"Cultist","floor":3.0,"turns":4.0},{"damage":0.0,"enemies":"Small Slimes","floor":5.0,"turns":4.0},{"damage":19.0,"enemies":"Gremlin Nob","floor":7.0,"turns":5.0},{"damage":4.0,"enemies":"Exordium Thugs","floor":13.0,"turns":4.0},{"damage":32,"enemies":"Slime Boss","floor":16,"turns":6}],"seed_played":"-6538420757028649633","potions_obtained":[{"floor":1.0,"key":"LiquidBronze"},{"floor":5.0,"key":"Block Potion"},{"floor":7.0,"key":"Ancient Potion"}],"is_trial":false,"path_per_floor":["M","?","M","$","M","R","E","R","T","R","$","?","M","$","R","B"],"character_chosen":"THE_SILENT","items_purchased":["Caltrops","Dash","Ancient Tea Set"],"campfire_rested":0,"item_purchase_floors":[4,4,14],"current_hp_per_floor":[52,52,45,45,45,45,33,33,33,33,33,33,29,29,29,0],"gold":48,"neow_bonus":"HUNDRED_GOLD","is_prod":false,"is_daily":false,"chose_seed":false,"campfire_upgraded":4,"win_rate":0,"timestamp":1564348535,"path_taken":["M","?","M","$","M","R","E","R","T","R","$","?","M","$","R","BOSS"],"build_version":"2019-07-17","purchased_purges":0,"victory":false,"max_hp_per_floor":[66,66,66,66,66,66,73,73,73,73,73,73,73,73,73,73],"card_choices":[{"not_picked":["Distraction","Sucker Punch"],"picked":"Deadly Poison","floor":1.0},{"not_picked":["Outmaneuver","Choke"],"picked":"Dodge and Roll","floor":3.0},{"not_picked":["Quick Slash","Slice"],"picked":"Deflect","floor":5.0},{"not_picked":["PiercingWail","Dagger Throw"],"picked":"Malaise","floor":7.0},{"not_picked":["Dash","Slice"],"picked":"Crippling Poison","floor":13.0}],"player_experience":903606,"relics_obtained":[{"floor":7.0,"key":"Strawberry"},{"floor":9.0,"key":"Happy Flower"}],"event_choices":[{"damage_healed":0.0,"max_hp_gain":0.0,"max_hp_loss":0.0,"gold_gain":50.0,"event_name":"Golden Shrine","player_choice":"Pray","floor":2.0,"gold_loss":0.0,"damage_taken":0.0},{"damage_healed":0.0,"max_hp_gain":0.0,"max_hp_loss":0.0,"gold_gain":0.0,"event_name":"Shining Light","player_choice":"Ignored","floor":12.0,"gold_loss":0.0,"damage_taken":0.0}],"is_beta":false,"boss_relics":[],"items_purged_floors":[],"is_endless":false,"potions_floor_spawned":[1,5,7],"killed_by":"Slime Boss","ascension_level":18}