{"gold_per_floor":[116,116,116,116,13,48,66,66,114,127,137,137,148,148,148,148],"floor_reached":16,"playtime":449,"items_purged":["Defend_R"],"score":250,"play_id":"2806c6a6-a40e-4974-8628-bd62bb25382e","local_time":"20190308212300","is_ascension_mode":true,"campfire_choices":[{"data":"Shockwave","floor":8,"key":"SMITH"},{"data":"Bloodletting","floor":12,"key":"SMITH"},{"data":"Spot Weakness","floor":15,"key":"SMITH"}],"neow_cost":"NONE","seed_source_timestamp":11227860092345,"circlet_count":0,"master_deck":["AscendersBane","Strike_R","Strike_R","Strike_R","Strike_R","Defend_R+1","Defend_R","Defend_R","Bash+1","Warcry","Shrug It Off","Shockwave+1","Spot Weakness+1","Bloodletting+1"],"special_seed":0,"relics":["Burning Blood","NeowsBlessing","Bag of Preparation","Lantern","Smiling Mask"],"potions_floor_usage":[16],"damage_taken":[{"damage":0.0,"enemies":"Small Slimes","floor":1.0,"turns":1.0},{"damage":0.0,"enemies":"Gremlin Nob","floor":6.0,"turns":1.0},{"damage":0.0,"enemies":"Jaw Worm","floor":7.0,"turns":1.0},{"damage":0,"enemies":"2 Louse","floor":10,"turns":2},{"damage":20,"enemies":"Exordium Thugs","floor":11,"turns":5},{"damage":9,"enemies":"Blue Slaver","floor":13,"turns":5},{"damage":39,"enemies":"The Guardian","floor":16,"turns":10}],"seed_played":"-730950514335682395","potions_obtained":[{"floor":6.0,"key":"Dexterity Potion"},{"floor":7.0,"key":"Swift Potion"}],"is_trial":false,"path_per_floor":["M","?","?","?","$","E","M","R","T","M","M","R","M","?","R","B"],"character_chosen":"IRONCLAD","items_purchased":["Shrug It Off"],"campfire_rested":0,"item_purchase_floors":[5],"current_hp_per_floor":[74,56,49,74,74,75,75,75,75,75,61,61,58,35,35,0],"gold":148,"neow_bonus":"THREE_ENEMY_KILL","is_prod":false,"is_daily":false,"chose_seed":false,"campfire_upgraded":3,"win_rate":0,"timestamp":1552076580,"path_taken":["M","?","?","?","$","E","M","R","T","?","M","R","M","?","R","BOSS"],"build_version":"2019-01-23","purchased_purges":1,"victory":false,"max_hp_per_floor":[75,75,75,75,75,75,75,75,75,75,75,75,75,75,75,75],"card_choices":[{"not_picked":["Evolve","Hemokinesis"],"picked":"Warcry","floor":1.0},{"not_picked":["Infernal Blade","Anger"],"picked":"Shockwave","floor":6.0},{"not_picked":["Corruption","Burning Pact","Warcry"],"picked":"SKIP","floor":7.0},{"not_picked":["Perfected Strike","Body Slam"],"picked":"Spot Weakness","floor":10},{"not_picked":["Anger","Rupture"],"picked":"Bloodletting","floor":11},{"not_picked":["Wild Strike","Warcry","Clash"],"picked":"SKIP","floor":13}],"player_experience":958099,"relics_obtained":[{"floor":6.0,"key":"Lantern"},{"floor":9,"key":"Smiling Mask"}],"event_choices":[{"damage_healed":0.0,"max_hp_gain":0.0,"max_hp_loss":0.0,"gold_gain":0.0,"event_name":"Scrap Ooze","player_choice":"Success","floor":2.0,"gold_loss":0.0,"damage_taken":18.0,"relics_obtained":["Bag of Preparation"]},{"cards_removed":["Strike_R"],"damage_healed":0.0,"max_hp_gain":0.0,"max_hp_loss":0.0,"gold_gain":0.0,"event_name":"Golden Wing","player_choice":"Card Removal","floor":3.0,"gold_loss":0.0,"damage_taken":7.0},{"damage_healed":25.0,"max_hp_gain":0.0,"max_hp_loss":0.0,"gold_gain":0.0,"event_name":"Big Fish","player_choice":"Banana","floor":4.0,"gold_loss":0.0,"damage_taken":0.0},{"damage_healed":0,"gold_gain":0,"player_choice":"Entered Light","damage_taken":23,"max_hp_gain":0,"max_hp_loss":0,"event_name":"Shining Light","floor":14,"gold_loss":0,"cards_upgraded":["Defend_R","Bash"]}],"is_beta":false,"boss_relics":[],"items_purged_floors":[5],"is_endless":false,"potions_floor_spawned":[6,7],"killed_by":"The Guardian","ascension_level":20}