{"path_per_floor":["M","$","M","?","M","R","E","?","T","R","E","M","R","$","R","B",null,"M","?","?","?","?","R","?","R","T","R","E","M","$","E","R","B",null,"M","M","?","?","M","R","E","R","T","$","M","?","R","$","R","B"],"character_chosen":"THE_SILENT","items_purchased":["Juzu Bracelet","Kunai","Swift Potion","Bag of Preparation"],"gold_per_floor":[364,144,160,160,178,178,210,210,236,236,266,284,284,29,29,132,132,147,147,72,72,72,72,72,72,98,98,129,148,48,82,82,180,180,191,206,206,206,219,219,249,249,549,424,434,534,534,188,188,188],"floor_reached":51,"campfire_rested":3,"playtime":4960,"current_hp_per_floor":[61,61,61,61,61,61,31,31,31,49,23,15,33,33,33,2,48,44,63,63,63,63,63,47,47,47,47,47,47,47,47,47,26,54,50,41,41,41,40,40,31,49,49,49,63,63,63,63,63,27],"items_purged":["Defend_G","Defend_G","Doubt","Defend_G"],"gold":188,"score":881,"play_id":"ac5015fa-11dd-4415-8556-3e324ed84dff","is_prod":false,"is_daily":false,"is_ascension_mode":true,"campfire_upgraded":9,"path_taken":["M","$","M","?","M","R","E","?","T","R","E","M","R","$","R","BOSS","M","?","?","?","?","R","?","R","T","R","E","M","$","E","R","BOSS","M","M","?","?","M","R","E","R","T","$","M","?","R","$","R","BOSS"],"build_version":"2018-02-15-PROD1","purchased_purges":4,"victory":true,"master_deck":["Survivor","Neutralize+1","Cloak And Dagger+1","Dagger Throw","Quick Slash","Prepared+1","Acrobatics+1","Tools of the Trade+1","Noxious Fumes+1","Night Terror+1","Setup+1","Endless Agony+1","Leg Sweep+1","Escape Plan","Accuracy+1","Burst+1","Reflex+1","Accuracy+1"],"max_hp_per_floor":[63,63,63,63,63,63,63,63,63,63,63,63,63,63,63,63,63,63,63,63,63,63,63,63,63,63,63,63,63,63,63,63,63,63,63,63,63,63,63,63,63,63,63,63,63,63,63,63,63,63],"relics":["Ring of the Snake","Juzu Bracelet","Mummified Hand","Dream Catcher","Prayer Wheel","Kunai","Astrolabe","Nilry\u0027s Codex","Pen Nib","Ancient Tea Set","Blue Candle","Cursed Key","Bird Faced Urn","Old Coin","Bag of Preparation"],"card_choices":[{"not_picked":["All Out Attack","PiercingWail"],"picked":"Cloak And Dagger"},{"not_picked":["Heel Hook","Riddle With Holes"],"picked":"Dagger Throw"},{"not_picked":["Slice","Skewer"],"picked":"Prepared"},{"not_picked":["Deadly Poison","Deflect"],"picked":"Acrobatics"},{"not_picked":["Acrobatics","Dagger Throw"],"picked":"Tools of the Trade"},{"not_picked":["Deflect","Escape Plan"],"picked":"Noxious Fumes"},{"not_picked":["After Image","Phantasmal Killer"],"picked":"Night Terror"},{"not_picked":["Acrobatics","Quick Slash"],"picked":"Escape Plan"},{"not_picked":["Prepared","Deadly Poison"],"picked":"Accuracy"},{"not_picked":["Storm of Steel","Corpse Explosion"],"picked":"Burst"},{"not_picked":["Crippling Poison","Dagger Throw"],"picked":"Reflex"},{"not_picked":["Outmaneuver","Underhanded Strike"],"picked":"Accuracy"}],"player_experience":344980,"potions_floor_usage":[45,50,50],"damage_taken":[{"damage":2.0,"enemies":"2 Louse","floor":1.0,"turns":4.0},{"damage":0.0,"enemies":"Cultist","floor":3.0,"turns":4.0},{"damage":0.0,"enemies":"Jaw Worm","floor":5.0,"turns":4.0},{"damage":30.0,"enemies":"Gremlin Nob","floor":7.0,"turns":5.0},{"damage":26.0,"enemies":"3 Sentries","floor":11.0,"turns":9.0},{"damage":8.0,"enemies":"Looter","floor":12.0,"turns":3.0},{"damage":31.0,"enemies":"Slime Boss","floor":16.0,"turns":11.0},{"damage":4.0,"enemies":"Spheric Guardian","floor":18.0,"turns":6.0},{"damage":0.0,"enemies":"Gremlin Leader","floor":28.0,"turns":8.0},{"damage":0.0,"enemies":"2 Thieves","floor":29.0,"turns":4.0},{"damage":0.0,"enemies":"Slavers","floor":31.0,"turns":5.0},{"damage":21,"enemies":"Automaton","floor":33,"turns":7},{"damage":4,"enemies":"3 Shapes","floor":35,"turns":4},{"damage":9,"enemies":"3 Darklings","floor":36,"turns":3},{"damage":1,"enemies":"Sphere and 2 Shapes","floor":39,"turns":4},{"damage":9,"enemies":"2 Orb Walkers","floor":41,"turns":6},{"damage":0,"enemies":"4 Shapes","floor":45,"turns":3},{"damage":40,"enemies":"Time Eater","floor":50,"turns":6}],"event_choices":[{"event_name":"Transmorgrifier","player_choice":"Transform","floor":4.0,"damage_taken":0.0},{"event_name":"Liars Game","player_choice":"disagreed","floor":8.0,"damage_taken":0.0},{"event_name":"Wheel of Change","player_choice":"Full Heal","floor":19.0,"damage_taken":0.0},{"event_name":"Beggar","player_choice":"Gave Gold","floor":20.0,"damage_taken":0.0},{"event_name":"Drug Dealer","player_choice":"Ignored","floor":21.0,"damage_taken":0.0},{"event_name":"Back to Basics","player_choice":"Elegance","floor":22.0,"damage_taken":0.0},{"event_name":"Cursed Tome","player_choice":"Obtained Book","floor":24.0,"damage_taken":0.0},{"event_name":"Tomb of Lord Red Mask","player_choice":"Ignored","floor":37,"damage_taken":0},{"event_name":"Golden Shrine","player_choice":"Pray","floor":46,"damage_taken":0}],"boss_relics":[{"not_picked":["Question Card","Black Star"],"picked":"Cursed Key"}],"potions_floor_spawned":[7,11,12,16,41,45],"seed_played":"2554055143898102339","ascension_level":9,"is_trial":false}