{"gold_per_floor":[219,144,161,178,189,189,139,158,208,208,223,241,273,273,273,273],"floor_reached":16,"playtime":528,"items_purged":["Strike_R"],"score":109,"play_id":"2041ad21-3aef-4d21-bf87-cc067ff4bf03","local_time":"20190109211341","is_ascension_mode":true,"campfire_choices":[{"data":"Bash","floor":6,"key":"SMITH"},{"floor":15,"key":"REST"}],"neow_cost":"NONE","seed_source_timestamp":258562343173533,"circlet_count":0,"master_deck":["Strike_R","Strike_R","Strike_R+1","Defend_R","Defend_R","Defend_R","Defend_R","Bash+1","Inflame+1","Disarm","Pommel Strike","Headbutt","Pain","Twin Strike","Dropkick"],"relics":["Burning Blood","Anchor","WarpedTongs","Matryoshka"],"potions_floor_usage":[12,12,13],"damage_taken":[{"damage":1,"enemies":"Cultist","floor":1,"turns":3},{"damage":4,"enemies":"Jaw Worm","floor":3,"turns":5},{"damage":3,"enemies":"2 Louse","floor":4,"turns":4},{"damage":5,"enemies":"2 Fungi Beasts","floor":5,"turns":4},{"damage":12,"enemies":"3 Louse","floor":8,"turns":3},{"damage":13,"enemies":"Looter","floor":11,"turns":3},{"damage":26,"enemies":"Exordium Wildlife","floor":12,"turns":5},{"damage":24,"enemies":"Gremlin Nob","floor":13,"turns":5},{"damage":37,"enemies":"Slime Boss","floor":16,"turns":6}],"seed_played":"5758672612938499380","potions_obtained":[{"floor":1,"key":"Strength Potion"},{"floor":5,"key":"LiquidBronze"},{"floor":11,"key":"Poison Potion"},{"floor":12,"key":"SpeedPotion"}],"is_trial":false,"path_per_floor":["M","$","M","M","M","R","?","M","T","?","M","M","E","?","R","B"],"character_chosen":"IRONCLAD","items_purchased":[],"campfire_rested":1,"item_purchase_floors":[],"current_hp_per_floor":[80,80,80,80,80,80,80,74,74,74,67,47,29,13,37,0],"gold":273,"neow_bonus":"HUNDRED_GOLD","is_prod":false,"is_daily":false,"chose_seed":false,"campfire_upgraded":1,"win_rate":0,"timestamp":1547064821,"path_taken":["M","$","M","?","M","R","?","M","T","?","M","?","E","?","R","BOSS"],"build_version":"2019-01-03v4","purchased_purges":1,"victory":false,"max_hp_per_floor":[80,80,80,80,80,80,80,80,80,80,80,80,80,80,80,80],"card_choices":[{"not_picked":["Shockwave","Perfected Strike"],"picked":"Inflame","floor":1},{"not_picked":["True Grit","Entrench"],"picked":"Disarm","floor":3},{"not_picked":["Reckless Charge","True Grit"],"picked":"Pommel Strike","floor":4},{"not_picked":["Uppercut","Infernal Blade","Havoc"],"picked":"SKIP","floor":5},{"not_picked":["Wild Strike","Armaments"],"picked":"Headbutt","floor":8},{"not_picked":["Anger","Perfected Strike"],"picked":"Twin Strike","floor":11},{"not_picked":["Combust","Body Slam","Entrench"],"picked":"SKIP","floor":12},{"not_picked":["Twin Strike","Entrench"],"picked":"Dropkick","floor":13}],"player_experience":653815,"relics_obtained":[{"floor":9,"key":"Anchor"},{"floor":13,"key":"Matryoshka"}],"event_choices":[{"cards_removed":["Strike_R"],"damage_healed":0,"gold_gain":0,"player_choice":"Card Removal","damage_taken":0,"max_hp_gain":0,"max_hp_loss":0,"event_name":"The Cleric","floor":7,"gold_loss":50},{"damage_healed":0,"gold_gain":0,"player_choice":"Rummage","damage_taken":0,"relics_obtained":["WarpedTongs"],"max_hp_gain":0,"max_hp_loss":0,"event_name":"Accursed Blacksmith","floor":10,"gold_loss":0,"cards_obtained":["Pain"]},{"damage_healed":0,"gold_gain":0,"player_choice":"Entered Light","damage_taken":16,"max_hp_gain":0,"max_hp_loss":0,"event_name":"Shining Light","floor":14,"gold_loss":0,"cards_upgraded":["Inflame","Strike_R"]}],"is_beta":false,"boss_relics":[],"items_purged_floors":[2],"is_endless":false,"potions_floor_spawned":[1,5,11,12],"killed_by":"Slime Boss","ascension_level":1}