{"path_per_floor":["M","?","M","T","M","R","M","R","T","E","M","E","M","$","R","B",null,"M","?","?","M","M","R","E","R","T","M","R","$","M","M","R","B",null,"M","?","T","M","$","R"],"character_chosen":"DEFECT","items_purchased":["Strawberry","Tiny Chest"],"gold_per_floor":[116,66,79,103,114,114,133,133,133,165,178,212,232,2,2,101,101,117,151,151,161,175,175,201,201,201,220,220,2,20,33,33,133,133,152,152,152,164,39,39,39],"floor_reached":41,"campfire_rested":1,"playtime":2083,"current_hp_per_floor":[68,68,68,68,65,65,65,65,65,51,51,36,44,51,51,48,74,57,48,48,47,47,47,47,47,47,53,53,53,51,51,51,21,67,60,50,50,39,39,63,0],"items_purged":["Strike_B","Defend_B","Strike_B"],"gold":39,"score":650,"play_id":"37007274-dc07-4775-8712-67a912eed234","local_time":"20180518000145","is_prod":false,"is_daily":false,"chose_seed":false,"is_ascension_mode":true,"campfire_upgraded":7,"timestamp":1526594505,"campfire_choices":[{"data":"Coolheaded","floor":6,"key":"SMITH"},{"data":"Dualcast","floor":8,"key":"SMITH"},{"data":"Coolheaded","floor":15,"key":"SMITH"},{"data":"Blizzard","floor":23,"key":"SMITH"},{"data":"Coolheaded","floor":25,"key":"SMITH"},{"data":"FTL","floor":28,"key":"SMITH"},{"data":"Capacitor","floor":32,"key":"SMITH"},{"floor":40,"key":"REST"}],"path_taken":["M","?","M","?","M","R","M","R","T","E","M","E","?","$","R","BOSS","M","?","?","M","?","R","E","R","T","M","R","$","M","M","R","BOSS","M","?","?","M","$","R","E"],"build_version":"2018-05-17","seed_source_timestamp":1834042354884,"purchased_purges":3,"victory":false,"master_deck":["Strike_B+1","Defend_B","Defend_B","Zap+1","Dualcast+1","Coolheaded+1","Cold Snap+1","Blizzard+1","Coolheaded+1","FTL+1","Coolheaded+1","Machine Learning","Sweeping Beam","Rebound+1","Parasite","Capacitor+1","Turbo+1","Ball Lightning","Madness","Madness","Decay"],"max_hp_per_floor":[75,75,75,75,75,75,75,75,75,75,75,75,75,82,82,82,82,82,82,82,82,82,82,82,82,82,82,82,82,82,82,82,82,82,82,82,82,82,82,82,82],"relics":["Cracked Core","Vajra","Meat on the Bone","Bag of Marbles","Whetstone","Strawberry","Cursed Key","Red Mask","Boot","Tiny Chest","Orrery","Cables"],"card_choices":[{"not_picked":["Recycle","Streamline"],"picked":"Coolheaded","floor":1},{"not_picked":["Axe Kick","Beam Cell"],"picked":"Cold Snap","floor":3},{"not_picked":["Blizzard","Static Discharge","Axe Kick"],"picked":"SKIP","floor":5},{"not_picked":["Chaos","Streamline","Turbo"],"picked":"SKIP","floor":7},{"not_picked":["Multi-Cast","Steam"],"picked":"Blizzard","floor":10},{"not_picked":["Steam","Leap"],"picked":"Coolheaded","floor":11},{"not_picked":["Axe Kick","Rainbow"],"picked":"FTL","floor":12},{"not_picked":["Storm","Hello World"],"picked":"Coolheaded","floor":13},{"not_picked":["All For One","Nova"],"picked":"Machine Learning","floor":16},{"not_picked":["Loop","Cold Snap+1","Leap+1"],"picked":"SKIP","floor":18},{"not_picked":["Streamline+1","Genetic Algorithm","Skim"],"picked":"SKIP","floor":21},{"not_picked":["Ball Lightning","Storm+1"],"picked":"Sweeping Beam","floor":22},{"not_picked":["Sweeping Beam","Darkness"],"picked":"Rebound+1","floor":24},{"not_picked":["Beam Cell","Sweeping Beam+1","Skim"],"picked":"SKIP","floor":27},{"not_picked":["Sunder","Cold Snap+1","Conserve Battery"],"picked":"SKIP","floor":30},{"not_picked":["Nova","Sunder"],"picked":"Capacitor","floor":31},{"not_picked":["Undo","Skim"],"picked":"Turbo+1","floor":34},{"not_picked":["Cold Snap","Storm+1"],"picked":"Ball Lightning","floor":35},{"not_picked":["Electrodynamics","Scrape+1","Beam Cell+1"],"picked":"SKIP","floor":38}],"player_experience":681638,"potions_floor_usage":[16,16,38],"damage_taken":[{"damage":0,"enemies":"Small Slimes","floor":1,"turns":2},{"damage":0,"enemies":"2 Louse","floor":3,"turns":3},{"damage":3,"enemies":"Jaw Worm","floor":5,"turns":3},{"damage":0,"enemies":"Exordium Wildlife","floor":7,"turns":3},{"damage":14,"enemies":"3 Sentries","floor":10,"turns":9},{"damage":0,"enemies":"3 Louse","floor":11,"turns":3},{"damage":27,"enemies":"Lagavulin","floor":12,"turns":7},{"damage":4,"enemies":"Blue Slaver","floor":13,"turns":2},{"damage":3,"enemies":"Slime Boss","floor":16,"turns":8},{"damage":17,"enemies":"Chosen","floor":18,"turns":5},{"damage":9,"enemies":"Masked Bandits","floor":19,"turns":5},{"damage":1,"enemies":"Shell Parasite","floor":21,"turns":3},{"damage":0,"enemies":"3 Cultists","floor":22,"turns":4},{"damage":0,"enemies":"Gremlin Leader","floor":24,"turns":5},{"damage":6,"enemies":"Snecko","floor":27,"turns":5},{"damage":14,"enemies":"Sentry and Sphere","floor":30,"turns":5},{"damage":0,"enemies":"3 Cultists","floor":31,"turns":3},{"damage":42,"enemies":"Champ","floor":33,"turns":11},{"damage":7,"enemies":"3 Shapes","floor":35,"turns":4},{"damage":23,"enemies":"3 Darklings","floor":38,"turns":4},{"damage":69,"enemies":"Nemesis","floor":41,"turns":6}],"relics_obtained":[{"floor":4,"key":"Vajra"},{"floor":9,"key":"Meat on the Bone"},{"floor":10,"key":"Bag of Marbles"},{"floor":12,"key":"Whetstone"},{"floor":19,"key":"Red Mask"},{"floor":26,"key":"Boot"},{"floor":37,"key":"Cables"}],"event_choices":[{"event_name":"The Cleric","player_choice":"Card Removal","floor":2,"damage_taken":0},{"event_name":"Purifier","player_choice":"One Purge","floor":20,"damage_taken":0},{"event_name":"Winding Halls","player_choice":"Embrace Madness","floor":36,"damage_taken":0}],"boss_relics":[{"not_picked":["White Beast Statue","Nuclear Battery"],"picked":"Cursed Key"},{"not_picked":["Inserter","Runic Dome"],"picked":"Orrery"}],"potions_floor_spawned":[1,5,11,12,16,21,27,30,31,35,38],"seed_played":"-7382967197070548330","killed_by":"Nemesis","ascension_level":9,"potions_obtained":[{"floor":1,"key":"Block Potion"},{"floor":5,"key":"SteroidPotion"},{"floor":11,"key":"SmokeBomb"},{"floor":12,"key":"AttackPotion"},{"floor":16,"key":"LiquidBronze"},{"floor":21,"key":"Regen Potion"},{"floor":27,"key":"EssenceOfSteel"},{"floor":30,"key":"FearPotion"},{"floor":31,"key":"Weak Potion"},{"floor":38,"key":"EssenceOfSteel"}],"is_trial":false}