{"gold_per_floor":[114,114,132,146,163,163,163,163,163,178,178,198,212,115,115,219,219,232,250,250,266,266,266,292,302,302,318,11,11,31,31,31,135,135,151,151,151,251,89,89,117,117,199,199,199,214,214],"floor_reached":47,"playtime":1936,"items_purged":["Strike_B","Strike_B","Defend_B"],"score":744,"play_id":"097e8a64-49ca-49e8-88a3-82d6279691a6","local_time":"20190111105653","is_ascension_mode":true,"campfire_choices":[{"data":"Zap","floor":6.0,"key":"SMITH"},{"data":"FTL","floor":8.0,"key":"SMITH"},{"data":"Redo","floor":15.0,"key":"SMITH"},{"data":"Redo","floor":23.0,"key":"SMITH"},{"data":"Fusion","floor":29.0,"key":"SMITH"},{"data":"Seek","floor":32.0,"key":"SMITH"},{"data":"Capacitor","floor":40.0,"key":"SMITH"},{"data":"Coolheaded","floor":44.0,"key":"SMITH"}],"neow_cost":"NONE","seed_source_timestamp":348753527177783,"circlet_count":0,"master_deck":["AscendersBane","Strike_B","Strike_B+1","Defend_B","Defend_B","Zap+1","Dualcast+1","FTL+1","Steam","Compile Driver","Glacier","Redo+1","Coolheaded+1","Seek+1","Defragment+1","Conserve Battery","Redo+1","Electrodynamics","Fusion+1","Echo Form","Capacitor+1","Ball Lightning","Coolheaded+1"],"special_seed":0,"relics":["Cracked Core","Omamori","Ice Cream","Symbiotic Virus","Eternal Feather","Question Card","Shuriken","Sundial","OrangePellets","Coffee Dripper","Ginger","The Courier","Dodecahedron"],"potions_floor_usage":[],"damage_taken":[{"damage":2.0,"enemies":"2 Louse","floor":1.0,"turns":3.0},{"damage":2.0,"enemies":"Jaw Worm","floor":3.0,"turns":3.0},{"damage":0.0,"enemies":"Cultist","floor":4.0,"turns":2.0},{"damage":3.0,"enemies":"Exordium Thugs","floor":5.0,"turns":4.0},{"damage":5.0,"enemies":"Lots of Slimes","floor":10.0,"turns":3.0},{"damage":3.0,"enemies":"Red Slaver","floor":12.0,"turns":3.0},{"damage":0.0,"enemies":"2 Fungi Beasts","floor":13.0,"turns":3.0},{"damage":23.0,"enemies":"The Guardian","floor":16.0,"turns":12.0},{"damage":0.0,"enemies":"Chosen","floor":18.0,"turns":3.0},{"damage":4.0,"enemies":"Shell Parasite","floor":19.0,"turns":4.0},{"damage":16.0,"enemies":"Snake Plant","floor":21.0,"turns":4.0},{"damage":12.0,"enemies":"Gremlin Leader","floor":24.0,"turns":5.0},{"damage":13.0,"enemies":"3 Cultists","floor":25.0,"turns":4.0},{"damage":0.0,"enemies":"Centurion and Healer","floor":27.0,"turns":4.0},{"damage":26.0,"enemies":"Snecko","floor":30.0,"turns":5.0},{"damage":5.0,"enemies":"Collector","floor":33.0,"turns":13.0},{"damage":13.0,"enemies":"3 Shapes","floor":35.0,"turns":3.0},{"damage":0.0,"enemies":"Mind Bloom Boss Battle","floor":38.0,"turns":4.0},{"damage":28.0,"enemies":"Reptomancer","floor":41.0,"turns":7.0},{"damage":28.0,"enemies":"3 Darklings","floor":46.0,"turns":4.0},{"damage":34,"enemies":"Nemesis","floor":47,"turns":2}],"seed_played":"-2689716481630485576","potions_obtained":[{"floor":1.0,"key":"AttackPotion"},{"floor":4.0,"key":"LiquidBronze"},{"floor":5.0,"key":"EssenceOfSteel"},{"floor":21.0,"key":"Energy Potion"},{"floor":30.0,"key":"LiquidBronze"},{"floor":38.0,"key":"Energy Potion"}],"is_trial":false,"path_per_floor":["M","?","M","M","M","R","?","R","T","M","?","M","M","$","R","B",null,"M","M","T","M","?","R","E","M","T","M","$","R","M","$","R","B",null,"M","?","?","?","$","R","E","?","T","R","?","M","E"],"character_chosen":"DEFECT","items_purchased":["Coolheaded","OrangePellets","Capacitor"],"campfire_rested":0,"item_purchase_floors":[14,28,39],"current_hp_per_floor":[66,51,49,49,46,46,43,43,43,38,38,35,35,35,35,12,59,59,55,55,39,64,75,63,50,50,50,50,62,36,36,48,43,67,54,54,54,54,54,66,38,38,38,50,50,22,0],"gold":214,"neow_bonus":"RANDOM_COMMON_RELIC","is_prod":false,"is_daily":false,"chose_seed":false,"campfire_upgraded":8,"win_rate":0,"timestamp":1547200613,"path_taken":["M","?","M","M","M","R","?","R","T","M","?","M","?","?","R","BOSS","M","?","?","M","?","R","E","M","T","M","$","R","M","$","R","BOSS","M","?","?","?","$","R","E","?","T","R","?","?","E"],"build_version":"2019-01-10","purchased_purges":3,"victory":false,"max_hp_per_floor":[75,75,75,75,75,75,75,75,75,75,75,75,75,75,75,75,75,75,75,75,75,75,75,75,75,75,75,75,75,75,75,75,75,75,75,71,71,71,71,71,71,71,71,71,71,71,71],"card_choices":[{"not_picked":["Undo","Fusion"],"picked":"FTL","floor":1.0},{"not_picked":["White Noise","Hello World"],"picked":"Steam","floor":3.0},{"not_picked":["Heatsinks","Turbo"],"picked":"Compile Driver","floor":4.0},{"not_picked":["Aggregate","Gash"],"picked":"Glacier","floor":5.0},{"not_picked":["Glacier","Cold Snap","Recycle"],"picked":"SKIP","floor":10.0},{"not_picked":["Heatsinks","Storm"],"picked":"Redo","floor":12.0},{"not_picked":["Undo","Leap"],"picked":"Compile Driver","floor":13.0},{"not_picked":["Amplify","All For One"],"picked":"Seek","floor":16.0},{"not_picked":["Consume","Capacitor"],"picked":"Defragment+1","floor":18.0},{"not_picked":["Sweeping Beam","Steam"],"picked":"Conserve Battery","floor":19.0},{"not_picked":["Streamline","Stack","Leap+1"],"picked":"Redo","floor":21.0},{"not_picked":["Undo","Gash","Streamline+1"],"picked":"Electrodynamics","floor":24.0},{"not_picked":["Beam Cell","Rebound","Cold Snap"],"picked":"Fusion","floor":25.0},{"not_picked":["Sweeping Beam","Gash","Beam Cell","Cold Snap"],"picked":"SKIP","floor":27.0},{"not_picked":["Creative AI","Gash","Compile Driver","Hello World"],"picked":"SKIP","floor":30.0},{"not_picked":["Meteor Strike","Creative AI","Rainbow"],"picked":"Echo Form","floor":33.0},{"not_picked":["Barrage","Force Field","Skim","Self Repair"],"picked":"SKIP","floor":35.0},{"not_picked":["Defragment","Streamline","Stack"],"picked":"Ball Lightning","floor":41.0},{"not_picked":["Beam Cell","Stack+1","Glacier"],"picked":"Coolheaded+1","floor":46.0}],"player_experience":690587,"relics_obtained":[{"floor":9.0,"key":"Symbiotic Virus"},{"floor":20.0,"key":"Question Card"},{"floor":24.0,"key":"Shuriken"},{"floor":26.0,"key":"Sundial"},{"floor":38.0,"key":"Ginger"},{"floor":41.0,"key":"The Courier"},{"floor":43.0,"key":"Dodecahedron"}],"event_choices":[{"damage_healed":0.0,"max_hp_gain":0.0,"max_hp_loss":0.0,"gold_gain":0.0,"event_name":"Shining Light","player_choice":"Entered Light","floor":2.0,"gold_loss":0.0,"damage_taken":15.0,"cards_upgraded":["Strike_B","Dualcast"]},{"damage_healed":0.0,"max_hp_gain":0.0,"max_hp_loss":0.0,"gold_gain":0.0,"event_name":"Scrap Ooze","player_choice":"Success","floor":7.0,"gold_loss":0.0,"damage_taken":3.0,"relics_obtained":["Ice Cream"]},{"cards_removed":["Defend_B"],"damage_healed":0.0,"max_hp_gain":0.0,"max_hp_loss":0.0,"gold_gain":0.0,"event_name":"Purifier","player_choice":"Purged","floor":11.0,"gold_loss":0.0,"damage_taken":0.0},{"damage_healed":25.0,"max_hp_gain":0.0,"max_hp_loss":0.0,"gold_gain":0.0,"event_name":"The Library","player_choice":"Heal","floor":22.0,"gold_loss":0.0,"damage_taken":0.0},{"damage_healed":0.0,"max_hp_gain":0.0,"max_hp_loss":4.0,"gold_gain":0.0,"event_name":"Winding Halls","player_choice":"Max HP","floor":36.0,"gold_loss":0.0,"damage_taken":0.0},{"cards_removed":["Compile Driver"],"damage_healed":0.0,"max_hp_gain":0.0,"max_hp_loss":0.0,"gold_gain":0.0,"event_name":"Falling","player_choice":"Removed Attack","floor":37.0,"gold_loss":0.0,"damage_taken":0.0},{"damage_healed":0.0,"max_hp_gain":0.0,"max_hp_loss":0.0,"gold_gain":0.0,"event_name":"MindBloom","player_choice":"Fight","floor":38.0,"gold_loss":0.0,"damage_taken":0.0},{"damage_healed":0.0,"max_hp_gain":0.0,"max_hp_loss":0.0,"gold_gain":0.0,"event_name":"Tomb of Lord Red Mask","player_choice":"Ignored","floor":42.0,"gold_loss":0.0,"damage_taken":0.0},{"damage_healed":0.0,"max_hp_gain":0.0,"max_hp_loss":0.0,"gold_gain":0.0,"event_name":"SensoryStone","player_choice":"Memory 1","floor":45.0,"gold_loss":0.0,"damage_taken":0.0}],"is_beta":false,"boss_relics":[{"not_picked":["Busted Crown","Pandora\u0027s Box"],"picked":"Eternal Feather"},{"not_picked":["Black Star","White Beast Statue"],"picked":"Coffee Dripper"}],"items_purged_floors":[14,28,39],"is_endless":false,"potions_floor_spawned":[1,4,5,12,13,19,21,30,38,41],"killed_by":"Nemesis","ascension_level":12}