{"path_per_floor":["M","?","$","M","M","R","M","R","T","$","R","?","M","?","R","B",null,"M","?","M","?","$","R","M","M","T","M","R","E","?","M","R"],"character_chosen":"THE_SILENT","items_purchased":["Expertise"],"gold_per_floor":[117,117,42,60,72,72,84,84,84,14,14,14,26,26,26,101,101,116,116,134,134,34,34,49,69,96,108,108,139,139,153,153,153],"floor_reached":33,"campfire_rested":2,"playtime":1941,"current_hp_per_floor":[55,60,60,59,59,59,59,59,73,73,73,73,71,71,71,58,78,78,62,62,62,62,62,47,42,42,42,67,26,26,25,50,0],"items_purged":["Defend_G","Strike_G"],"gold":153,"score":462,"play_id":"1099c45d-bf4b-4be2-9716-5bf4c1ffa092","local_time":"20180408020427","is_prod":false,"is_daily":false,"is_ascension_mode":true,"campfire_upgraded":5,"timestamp":1523145867,"path_taken":["M","?","$","?","M","R","M","R","T","?","R","?","M","?","R","BOSS","M","?","M","?","$","R","M","M","T","M","R","E","?","?","R","BOSS"],"build_version":"2018-04-05v2","purchased_purges":2,"victory":false,"master_deck":["Defend_G","Defend_G","Defend_G","Defend_G","Strike_G","Strike_G","Strike_G","Survivor","Neutralize+1","AscendersBane","Cloak And Dagger","Slice","Acrobatics+1","Backflip","Expertise+1","Footwork+1","Malaise","After Image","Slice+1","Necronomicurse","Acrobatics+1","Infinite Blades","Deflect"],"max_hp_per_floor":[66,71,71,71,71,71,71,71,85,85,85,85,85,85,85,85,85,85,85,85,85,85,85,85,85,85,85,85,85,85,85,85,85],"relics":["Ring of the Snake","Bronze Scales","Mango","Sozu","Necronomicon","Dream Catcher","Bird Faced Urn"],"card_choices":[{"not_picked":["Quick Slash","Predator"],"picked":"Cloak And Dagger","floor":1.0},{"not_picked":["Sucker Punch","Dagger Throw"],"picked":"Slice","floor":4.0},{"not_picked":["Flechettes","Die Die Die"],"picked":"Acrobatics","floor":5.0},{"not_picked":["PiercingWail","Deflect"],"picked":"Backflip","floor":7},{"not_picked":["Underhanded Strike","Catalyst"],"picked":"Footwork","floor":13},{"not_picked":["Adrenaline","A Thousand Cuts"],"picked":"After Image","floor":16},{"not_picked":["Sucker Punch","Dagger Throw"],"picked":"Slice","floor":18},{"not_picked":["Poisoned Stab","Dagger Throw"],"picked":"Acrobatics","floor":20},{"not_picked":["Sucker Punch","Prepared"],"picked":"Infinite Blades","floor":29},{"not_picked":["PiercingWail","Dash"],"picked":"Deflect","floor":31}],"player_experience":517345,"potions_floor_usage":[25],"damage_taken":[{"damage":4.0,"enemies":"Small Slimes","floor":1.0,"turns":4.0},{"damage":1.0,"enemies":"Jaw Worm","floor":4.0,"turns":4.0},{"damage":0.0,"enemies":"Cultist","floor":5.0,"turns":3.0},{"damage":0,"enemies":"Gremlin Gang","floor":7,"turns":6},{"damage":2,"enemies":"Red Slaver","floor":13,"turns":6},{"damage":13,"enemies":"The Guardian","floor":16,"turns":17},{"damage":0,"enemies":"Shell Parasite","floor":18,"turns":6},{"damage":0,"enemies":"3 Byrds","floor":20,"turns":3},{"damage":15,"enemies":"3 Cultists","floor":24,"turns":8},{"damage":5,"enemies":"Centurion and Healer","floor":25,"turns":12},{"damage":0,"enemies":"Sentry and Sphere","floor":27,"turns":8},{"damage":41,"enemies":"Slavers","floor":29,"turns":11},{"damage":7,"enemies":"Snake Plant","floor":31,"turns":6},{"damage":61,"enemies":"Collector","floor":33,"turns":13}],"event_choices":[{"event_name":"Big Fish","player_choice":"Donut","floor":2.0,"damage_taken":0.0},{"event_name":"The Cleric","player_choice":"Leave","floor":12,"damage_taken":0},{"event_name":"Transmorgrifier","player_choice":"Transform","floor":14,"damage_taken":0},{"event_name":"Cursed Tome","player_choice":"Obtained Book","floor":19,"damage_taken":0},{"event_name":"The Woman in Blue","player_choice":"Bought 0 Potions","floor":21,"damage_taken":0},{"event_name":"Ghosts","player_choice":"Ignored","floor":30,"damage_taken":0}],"boss_relics":[{"not_picked":["Eternal Feather","Pandora\u0027s Box"],"picked":"Sozu"}],"potions_floor_spawned":[7,16,24,27],"seed_played":"2002942141653737564","killed_by":"Collector","ascension_level":14,"is_trial":false}