{"gold_per_floor":[110,121,121,133,133,133,145,155,155,155,155,80,80,90,90,191,191,208,208,208,30,30,30,41,74,74,91,41,41,41,52,52,148,148,158,158,158,175,193,227,227,239,239,42,72,86,86,86,86,86],"floor_reached":51,"playtime":2212,"items_purged":["Defend_B","Decay","Normality"],"score":1081,"play_id":"9b55d1ea-6c56-4a25-b5bc-9c9265729926","local_time":"20180810222550","is_ascension_mode":true,"campfire_choices":[{"data":"Zap","floor":6.0,"key":"SMITH"},{"data":"Coolheaded","floor":11.0,"key":"SMITH"},{"data":"Dualcast","floor":13.0,"key":"SMITH"},{"data":"Glacier","floor":15.0,"key":"SMITH"},{"data":"Turbo","floor":23.0,"key":"SMITH"},{"floor":30.0,"key":"REST"},{"data":"Capacitor","floor":32.0,"key":"SMITH"},{"floor":41.0,"key":"REST"},{"floor":49,"key":"REST"}],"neow_cost":"","seed_source_timestamp":553286102742478,"circlet_count":0,"master_deck":["Strike_B+1","Defend_B","Defend_B","Zap+1","Dualcast+1","AscendersBane","Barrage+1","Compile Driver","Coolheaded+1","Glacier+1","Electrodynamics","Self Repair+1","Turbo+1","Capacitor+1","Conserve Battery","Glacier","Defragment+1","Redo","Beam Cell+1","Heatsinks+1","Capacitor+1"],"special_seed":0,"relics":["Cracked Core","StoneCalendar","Cursed Key","Regal Pillow","Smiling Mask","Molten Egg 2","Empty Cage","Sundial","Turnip","Blood Vial","Omamori","Darkstone Periapt"],"potions_floor_usage":[50],"damage_taken":[{"damage":0.0,"enemies":"Small Slimes","floor":1.0,"turns":3.0},{"damage":7.0,"enemies":"Jaw Worm","floor":2.0,"turns":3.0},{"damage":0.0,"enemies":"Cultist","floor":4.0,"turns":3.0},{"damage":3.0,"enemies":"3 Louse","floor":7.0,"turns":4.0},{"damage":3.0,"enemies":"Large Slime","floor":8.0,"turns":5.0},{"damage":4.0,"enemies":"Exordium Thugs","floor":14.0,"turns":4.0},{"damage":27.0,"enemies":"Hexaghost","floor":16.0,"turns":11.0},{"damage":0.0,"enemies":"3 Byrds","floor":18.0,"turns":4.0},{"damage":25.0,"enemies":"Shell Parasite","floor":24.0,"turns":4.0},{"damage":4.0,"enemies":"Gremlin Leader","floor":25.0,"turns":6.0},{"damage":27.0,"enemies":"Snecko","floor":27.0,"turns":7.0},{"damage":28.0,"enemies":"Snake Plant","floor":31.0,"turns":5.0},{"damage":25.0,"enemies":"Automaton","floor":33.0,"turns":9.0},{"damage":16.0,"enemies":"3 Shapes","floor":35.0,"turns":4.0},{"damage":0.0,"floor":36.0,"turns":6.0},{"damage":20.0,"enemies":"Flame Bruiser 1 Orb","floor":38.0,"turns":6.0},{"damage":1.0,"enemies":"4 Shapes","floor":39.0,"turns":5.0},{"damage":57.0,"enemies":"Giant Head","floor":40.0,"turns":12.0},{"damage":0.0,"enemies":"Spire Growth","floor":42.0,"turns":7.0},{"damage":66.0,"enemies":"Nemesis","floor":45.0,"turns":7.0},{"damage":8.0,"enemies":"Maw","floor":46.0,"turns":7.0},{"damage":66,"enemies":"Time Eater","floor":50,"turns":10}],"seed_played":"-4850309124257481218","potions_obtained":[{"floor":1.0,"key":"Block Potion"},{"floor":2.0,"key":"FocusPotion"},{"floor":27.0,"key":"Fire Potion"},{"floor":33.0,"key":"SteroidPotion"},{"floor":39.0,"key":"Ancient Potion"},{"floor":40.0,"key":"Dexterity Potion"},{"floor":45.0,"key":"Explosive Potion"}],"is_trial":false,"path_per_floor":["M","M","?","M","?","R","M","M","T","?","R","$","R","M","R","B",null,"M","?","?","$","?","R","M","E","T","M","$","?","R","M","R","B",null,"M","?","?","M","M","E","R","M","T","$","E","M","?","?","R","B"],"character_chosen":"DEFECT","items_purchased":["Regal Pillow","Turbo","Omamori"],"campfire_rested":3,"item_purchase_floors":[21,21,44],"current_hp_per_floor":[68,61,46,46,46,46,43,40,40,45,45,45,45,41,41,14,64,64,64,64,64,64,64,49,55,55,38,38,38,77,59,59,44,71,65,75,75,65,74,27,66,76,76,76,22,26,26,26,65,11],"gold":86,"neow_bonus":"","is_prod":false,"is_daily":false,"chose_seed":false,"campfire_upgraded":6,"win_rate":0,"timestamp":1533932750,"path_taken":["M","M","?","M","?","R","?","M","T","?","R","$","R","M","R","BOSS","M","?","?","$","?","R","M","E","T","M","$","?","R","M","R","BOSS","M","?","?","M","?","E","R","M","T","$","E","M","?","?","R","BOSS"],"build_version":"2018-08-09","purchased_purges":3,"victory":true,"max_hp_per_floor":[75,75,75,75,75,75,75,75,75,80,80,80,80,80,80,80,80,80,80,80,80,80,80,80,80,80,80,80,80,80,80,80,80,80,80,80,80,80,80,80,80,80,80,80,80,80,80,80,80,80],"card_choices":[{"not_picked":["Consume","Rip and Tear"],"picked":"Barrage","floor":1.0},{"not_picked":["Leap","Sweeping Beam"],"picked":"Compile Driver","floor":2.0},{"not_picked":["Beam Cell","Steam Power"],"picked":"Coolheaded","floor":4.0},{"not_picked":["Tempest","Cold Snap","Compile Driver"],"picked":"SKIP","floor":7.0},{"not_picked":["Turbo","Tempest"],"picked":"Glacier","floor":8.0},{"not_picked":["Rip and Tear","Consume","Rebound"],"picked":"SKIP","floor":14.0},{"not_picked":["Thunder Strike","Machine Learning"],"picked":"Electrodynamics","floor":16.0},{"not_picked":["Leap+1","Undo"],"picked":"Self Repair","floor":18.0},{"not_picked":["Rip and Tear+1","Sweeping Beam","Genetic Algorithm"],"picked":"SKIP","floor":24.0},{"not_picked":["Chill","Sweeping Beam"],"picked":"Capacitor","floor":25.0},{"not_picked":["Barrage+1","Gash+1"],"picked":"Conserve Battery","floor":27.0},{"not_picked":["Conserve Battery","Sweeping Beam+1"],"picked":"Glacier","floor":31.0},{"not_picked":["Turbo+1","Reprogram+1"],"picked":"Defragment+1","floor":35.0},{"not_picked":["Stack+1","Chaos+1","Cold Snap+1"],"picked":"SKIP","floor":38.0},{"not_picked":["Conserve Battery+1","Gash+1"],"picked":"Redo","floor":39.0},{"not_picked":["Genetic Algorithm","Streamline+1"],"picked":"Go for the Eyes+1","floor":40.0},{"not_picked":["Rebound+1","Streamline+1"],"picked":"Beam Cell+1","floor":42.0},{"not_picked":["Genetic Algorithm+1","Biased Cognition"],"picked":"Heatsinks+1","floor":45.0},{"not_picked":["Cold Snap+1","Genetic Algorithm+1"],"picked":"Capacitor+1","floor":46.0}],"player_experience":613762,"relics_obtained":[{"floor":9.0,"key":"StoneCalendar"},{"floor":25.0,"key":"Smiling Mask"},{"floor":26.0,"key":"Molten Egg 2"},{"floor":36.0,"key":"Sundial"},{"floor":40.0,"key":"Turnip"},{"floor":43.0,"key":"Blood Vial"},{"floor":45.0,"key":"Darkstone Periapt"}],"event_choices":[{"event_name":"Shining Light","player_choice":"Entered Light","floor":3.0,"damage_taken":0.0},{"event_name":"Living Wall","player_choice":"Forget","floor":5.0,"damage_taken":0.0},{"event_name":"Big Fish","player_choice":"Donut","floor":10.0,"damage_taken":0.0},{"event_name":"Upgrade Shrine","player_choice":"Upgraded","floor":19.0,"damage_taken":0.0},{"event_name":"The Woman in Blue","player_choice":"Bought 0 Potions","floor":20.0,"damage_taken":0.0},{"event_name":"Bonfire Elementals","player_choice":"BASIC","floor":22.0,"damage_taken":0.0},{"event_name":"Cursed Tome","player_choice":"Ignored","floor":29.0,"damage_taken":0.0},{"event_name":"MindBloom","player_choice":"Fight","floor":36.0,"damage_taken":0.0},{"event_name":"Match and Keep!","player_choice":"0 cards matched","floor":37.0,"damage_taken":0.0},{"event_name":"SensoryStone","player_choice":"Memory 1","floor":47.0,"damage_taken":0.0},{"event_name":"Falling","player_choice":"Removed Attack","floor":48,"damage_taken":0}],"is_beta":false,"boss_relics":[{"not_picked":["Philosopher\u0027s Stone","Busted Crown"],"picked":"Cursed Key"},{"not_picked":["Black Star","Tiny House"],"picked":"Empty Cage"}],"items_purged_floors":[12,28,44],"is_endless":false,"potions_floor_spawned":[1,2,14,16,27,33,38,39,40,45,46],"ascension_level":11}