{"path_per_floor":["M","$","?","?","M","R","E","R","T","R","M","M","M","M","R","B",null,"M","?","?","$","M","R"],"character_chosen":"IRONCLAD","items_purchased":["Reaper","Trip"],"gold_per_floor":[117,41,41,41,56,56,86,86,110,110,126,143,157,177,177,278,278,259,259,259,83,97,97],"floor_reached":24,"campfire_rested":2,"playtime":1014,"current_hp_per_floor":[69,69,69,69,71,71,46,46,46,70,70,63,68,71,71,41,75,69,69,52,52,22,49],"items_purged":["Defend_R"],"gold":97,"score":274,"play_id":"38c5421d-c971-4e9b-a7bf-97eba0439e82","is_prod":false,"is_daily":false,"is_ascension_mode":true,"campfire_upgraded":3,"path_taken":["M","$","?","?","M","R","E","R","T","R","M","M","M","M","R","BOSS","M","?","?","$","M","R","E"],"build_version":"2018-02-15-PROD1","purchased_purges":1,"victory":false,"master_deck":["Strike_R","Strike_R","Strike_R","Defend_R","Defend_R","Defend_R","Bash+1","Sentinel","Bloodletting+1","Reaper+1","Spot Weakness+1","Headbutt","Immolate","Shrug It Off","Trip","Battle Trance"],"max_hp_per_floor":[80,80,80,80,80,80,80,80,80,80,82,84,86,86,86,86,86,86,86,91,91,91,91],"relics":["Burning Blood","Juzu Bracelet","Singing Bowl","Velvet Choker"],"card_choices":[{"not_picked":["Reckless Charge","Metallicize"],"picked":"Bloodletting"},{"not_picked":["Flex","Juggernaut"],"picked":"Spot Weakness"},{"not_picked":["Uppercut","Whirlwind"],"picked":"Headbutt"},{"not_picked":["Demon Form","Juggernaut"],"picked":"Immolate"},{"not_picked":["Clash","Combust"],"picked":"Shrug It Off"},{"not_picked":["Anger","Twin Strike"],"picked":"Battle Trance"}],"player_experience":309615,"potions_floor_usage":[24,24],"damage_taken":[{"damage":9.0,"enemies":"2 Louse","floor":1.0,"turns":3.0},{"damage":8.0,"enemies":"Cultist","floor":5.0,"turns":5.0},{"damage":37.0,"enemies":"Gremlin Nob","floor":7.0,"turns":5.0},{"damage":18.0,"enemies":"Small Slimes","floor":11.0,"turns":3.0},{"damage":24.0,"enemies":"Blue Slaver","floor":12.0,"turns":5.0},{"damage":23.0,"enemies":"Exordium Thugs","floor":13.0,"turns":5.0},{"damage":7.0,"enemies":"Exordium Wildlife","floor":14.0,"turns":4.0},{"damage":51.0,"enemies":"The Guardian","floor":16.0,"turns":10.0},{"damage":21.0,"enemies":"2 Thieves","floor":18.0,"turns":4.0},{"damage":47.0,"enemies":"3 Byrds","floor":22.0,"turns":7.0},{"damage":75,"enemies":"Slavers","floor":24,"turns":3}],"event_choices":[{"event_name":"Upgrade Shrine","player_choice":"Upgraded","floor":3.0,"damage_taken":0.0},{"event_name":"The Lab","player_choice":"Got Potions","floor":4.0,"damage_taken":0.0},{"event_name":"Back to Basics","player_choice":"Elegance","floor":19.0,"damage_taken":0.0},{"event_name":"Forgotten Altar","player_choice":"Shed Blood","floor":20.0,"damage_taken":0.0}],"boss_relics":[],"potions_floor_spawned":[1,7,16,22],"seed_played":"3551947651194967606","killed_by":"Slavers","ascension_level":8,"is_trial":false}