{"path_per_floor":["M","?","M","$","?","R","E","M","T","M","M","M","$","E","R","B",null,"M","?","?","$","?","R","M","R","T","?","R","E","M","M","R"],"character_chosen":"THE_SILENT","items_purchased":["Noxious Fumes"],"gold_per_floor":[118,68,83,7,7,7,37,47,94,108,127,138,63,88,88,165,165,180,180,180,80,80,80,97,97,121,71,71,99,111,129,129,129],"floor_reached":33,"campfire_rested":3,"playtime":1704,"current_hp_per_floor":[63,63,63,63,56,56,56,56,56,49,48,45,45,32,32,5,54,46,30,30,30,30,51,45,45,45,45,66,27,23,10,31,0],"items_purged":["Defend_G","Defend_G"],"gold":129,"score":495,"play_id":"40594765-095a-41eb-9584-4b8fe6fbd915","local_time":"20180329215858","is_prod":false,"is_daily":false,"is_ascension_mode":true,"campfire_upgraded":3,"timestamp":1522353538,"path_taken":["M","?","M","$","?","R","E","M","T","M","M","M","$","E","R","BOSS","M","?","?","$","?","R","M","R","T","?","R","E","?","M","R","BOSS"],"build_version":"2018-03-22v2","purchased_purges":2,"victory":false,"master_deck":["Defend_G","Defend_G+1","Defend_G","Strike_G","Strike_G","Strike_G","Strike_G","Survivor","Neutralize","AscendersBane","Infinite Blades","Noxious Fumes+1","Backflip","Adrenaline+1","Footwork+1","Dagger Throw","Tools of the Trade","Acrobatics+1","Cloak And Dagger","Infinite Blades"],"max_hp_per_floor":[70,70,70,70,70,70,70,70,70,70,70,70,70,70,70,70,70,70,70,70,70,70,70,70,70,70,70,70,70,70,70,70,70],"relics":["Ring of the Snake","NeowsBlessing","Unceasing Top","Ninja Scroll","Oddly Smooth Stone","Omamori","The Specimen","Nilry\u0027s Codex","Bag of Marbles","War Paint"],"card_choices":[{"not_picked":["Dagger Throw","Deadly Poison"],"picked":"Infinite Blades","floor":1.0},{"not_picked":["Sucker Punch","Leg Sweep"],"picked":"Backflip","floor":7.0},{"not_picked":["Deadly Poison","Cloak And Dagger"],"picked":"Adrenaline","floor":10.0},{"not_picked":["Expertise","Acrobatics"],"picked":"Footwork","floor":11.0},{"not_picked":["PiercingWail","Finisher"],"picked":"Dagger Throw","floor":12.0},{"not_picked":["Die Die Die","Grand Finale"],"picked":"Tools of the Trade","floor":16.0},{"not_picked":["Skewer","Outmaneuver"],"picked":"Acrobatics","floor":18.0},{"not_picked":["Outmaneuver","Dagger Spray"],"picked":"Cloak And Dagger","floor":29.0},{"not_picked":["Finisher","Well Laid Plans"],"picked":"Infinite Blades","floor":30.0}],"player_experience":469668,"potions_floor_usage":[],"damage_taken":[{"damage":0.0,"enemies":"Jaw Worm","floor":1.0,"turns":1.0},{"damage":0.0,"enemies":"2 Louse","floor":3.0,"turns":1.0},{"damage":0.0,"enemies":"3 Sentries","floor":7.0,"turns":1.0},{"damage":0.0,"enemies":"Small Slimes","floor":8.0,"turns":4.0},{"damage":7.0,"enemies":"3 Louse","floor":10.0,"turns":3.0},{"damage":1.0,"enemies":"Lots of Slimes","floor":11.0,"turns":4.0},{"damage":3.0,"enemies":"Looter","floor":12.0,"turns":4.0},{"damage":13.0,"enemies":"Gremlin Nob","floor":14.0,"turns":4.0},{"damage":27.0,"enemies":"Hexaghost","floor":16.0,"turns":11.0},{"damage":8.0,"enemies":"Spheric Guardian","floor":18.0,"turns":7.0},{"damage":6.0,"enemies":"3 Byrds","floor":24.0,"turns":5.0},{"damage":39.0,"enemies":"Gremlin Leader","floor":29.0,"turns":8.0},{"damage":4.0,"enemies":"Snecko","floor":30.0,"turns":6.0},{"damage":13.0,"enemies":"3 Cultists","floor":31.0,"turns":5.0},{"damage":59,"enemies":"Champ","floor":33,"turns":12}],"event_choices":[{"event_name":"The Cleric","player_choice":"Card Removal","floor":2.0,"damage_taken":0.0},{"event_name":"Scrap Ooze","player_choice":"success","floor":5.0,"damage_taken":7.0},{"event_name":"Cursed Tome","player_choice":"Obtained Book","floor":19.0,"damage_taken":0.0},{"event_name":"Accursed Blacksmith","player_choice":"Ignore","floor":20.0,"damage_taken":0.0},{"event_name":"Match and Keep!","player_choice":"0 cards matched","floor":22.0,"damage_taken":0.0},{"event_name":"The Joust","player_choice":"Bet on Murderer","floor":27.0,"damage_taken":0.0}],"boss_relics":[],"potions_floor_spawned":[3,8,10,11,16,18,24],"seed_played":"-9006403310043776005","killed_by":"Champ","ascension_level":13,"is_trial":false}