{"gold_per_floor":[113,113,5,23,38,66,83,83,83,16,16,35,35,46,46,150,150,161,61,77,37,53,53,64,80,133,133],"floor_reached":27,"playtime":862,"items_purged":["Strike_R","Barricade"],"score":217,"play_id":"c564308c-45e0-46d9-b515-381f0c921d55","local_time":"20181204215159","is_ascension_mode":false,"campfire_choices":[{"data":"Bludgeon","floor":8,"key":"SMITH"},{"floor":15,"key":"RECALL"},{"data":"Limit Break","floor":23,"key":"SMITH"}],"neow_cost":"NONE","seed_source_timestamp":910918118408147,"circlet_count":0,"master_deck":["Defend_R","Defend_R+1","Defend_R","Defend_R","Bash","Bludgeon+1","Headbutt","Feel No Pain","Warcry","Metallicize+1","Cleave","Limit Break+1","Rampage+1","Ghostly Armor+1","Carnage+1","Feel No Pain+1","Rage+1","Inflame+1"],"relics":["Burning Blood","Thread and Needle","Frozen Egg 2","Astrolabe","Strawberry"],"potions_floor_usage":[6,16,16,24,24],"damage_taken":[{"damage":6,"enemies":"Jaw Worm","floor":1,"turns":2},{"damage":0,"enemies":"Cultist","floor":4,"turns":2},{"damage":5,"enemies":"Small Slimes","floor":5,"turns":3},{"damage":24,"enemies":"Gremlin Nob","floor":6,"turns":4},{"damage":6,"enemies":"Looter","floor":7,"turns":2},{"damage":19,"enemies":"Lots of Slimes","floor":12,"turns":6},{"damage":4,"enemies":"Blue Slaver","floor":14,"turns":3},{"damage":28,"enemies":"The Guardian","floor":16,"turns":10},{"damage":17,"enemies":"Shell Parasite","floor":18,"turns":5},{"damage":2,"enemies":"Chosen","floor":20,"turns":4},{"damage":30,"enemies":"Shelled Parasite and Fungi","floor":22,"turns":6},{"damage":13,"enemies":"Cultist and Chosen","floor":24,"turns":5},{"damage":22,"enemies":"3 Cultists","floor":25,"turns":7},{"damage":44,"enemies":"Gremlin Leader","floor":27,"turns":5}],"seed_played":"-9184897203002561532","potions_obtained":[{"floor":5,"key":"Explosive Potion"},{"floor":7,"key":"Swift Potion"},{"floor":14,"key":"Weak Potion"},{"floor":16,"key":"GamblersBrew"},{"floor":22,"key":"Explosive Potion"}],"is_trial":false,"path_per_floor":["M","?","$","M","M","E","M","R","T","$","?","M","?","M","R","B",null,"M","$","M","?","M","R","M","M","T","E"],"character_chosen":"IRONCLAD","items_purchased":["Feel No Pain","Metallicize"],"campfire_rested":0,"item_purchase_floors":[3,10],"current_hp_per_floor":[80,80,80,80,80,62,62,62,62,62,62,49,46,48,48,26,80,69,69,73,73,49,49,42,26,33,0],"gold":133,"neow_bonus":"ONE_RANDOM_RARE_CARD","is_prod":false,"is_daily":false,"chose_seed":false,"campfire_upgraded":2,"win_rate":0,"timestamp":1543981919,"path_taken":["M","?","$","?","M","E","M","R","T","?","?","?","?","M","R","BOSS","M","$","M","?","M","R","?","M","T","E"],"build_version":"2018-11-15","purchased_purges":2,"victory":false,"max_hp_per_floor":[80,80,80,80,80,80,80,80,80,80,80,80,80,80,80,80,80,80,80,80,80,80,80,80,80,87,87],"card_choices":[{"not_picked":["Anger","Armaments"],"picked":"Headbutt","floor":1},{"not_picked":["Blood for Blood","Shockwave","Perfected Strike"],"picked":"SKIP","floor":4},{"not_picked":["Power Through","Rampage"],"picked":"Warcry","floor":5},{"not_picked":["Headbutt","Perfected Strike"],"picked":"Barricade","floor":6},{"not_picked":["Anger","Intimidate","Perfected Strike"],"picked":"SKIP","floor":7},{"not_picked":["Perfected Strike","Sever Soul"],"picked":"Cleave","floor":12},{"not_picked":["Sword Boomerang","Hemokinesis","Twin Strike"],"picked":"SKIP","floor":14},{"not_picked":["Berserk+1","Reaper"],"picked":"Limit Break","floor":16},{"not_picked":["Warcry","Clothesline"],"picked":"Feel No Pain+1","floor":18},{"not_picked":["Entrench","Shockwave","Ghostly Armor"],"picked":"SKIP","floor":20},{"not_picked":["Clash","Second Wind","Feel No Pain+1"],"picked":"SKIP","floor":22},{"not_picked":["Searing Blow","Corruption+1"],"picked":"Rage+1","floor":24},{"not_picked":["Headbutt","Pummel"],"picked":"Inflame+1","floor":25}],"player_experience":703113,"relics_obtained":[{"floor":6,"key":"Thread and Needle"},{"floor":26,"key":"Strawberry"}],"event_choices":[{"cards_removed":["Strike_R"],"damage_healed":0,"gold_gain":0,"player_choice":"Offered Basic","damage_taken":0,"max_hp_gain":0,"max_hp_loss":0,"event_name":"Bonfire Elementals","floor":2,"gold_loss":0},{"damage_healed":0,"gold_gain":0,"cards_transformed":["Strike_R"],"player_choice":"Transformed","damage_taken":0,"max_hp_gain":0,"max_hp_loss":0,"event_name":"Transmorgrifier","floor":11,"gold_loss":0,"cards_obtained":["Sever Soul"]},{"damage_healed":0,"gold_gain":0,"player_choice":"Success","damage_taken":3,"relics_obtained":["Frozen Egg 2"],"max_hp_gain":0,"max_hp_loss":0,"event_name":"Scrap Ooze","floor":13,"gold_loss":0},{"damage_healed":0,"gold_gain":0,"player_choice":"Upgraded Two","damage_taken":0,"max_hp_gain":0,"max_hp_loss":0,"event_name":"Designer","floor":21,"gold_loss":40,"cards_upgraded":["Metallicize","Defend_R"]}],"is_beta":false,"boss_relics":[{"not_picked":["Empty Cage","Pandora\u0027s Box"],"picked":"Astrolabe"}],"items_purged_floors":[3,19],"is_endless":false,"potions_floor_spawned":[5,7,14,16,22],"killed_by":"Gremlin Leader","ascension_level":0}