{"gold_per_floor":[109,109,122,72,35,35,60,77,77,130,130,140,140,167,167,269,269,279,204,44,59,59,59,23,23,49,61,73,73,84,84,84,84],"floor_reached":33,"playtime":841,"items_purged":["Strike_R"],"score":278,"play_id":"40cf5074-a1d0-4128-9dcd-00b236186392","local_time":"20190414125644","is_ascension_mode":false,"campfire_choices":[{"data":"Searing Blow","floor":6,"key":"SMITH"},{"data":"Searing Blow+1","floor":11,"key":"SMITH"},{"data":"Searing Blow+2","floor":13,"key":"SMITH"},{"data":"Searing Blow+3","floor":15,"key":"SMITH"},{"data":"Searing Blow+4","floor":23,"key":"SMITH"},{"data":"Searing Blow+5","floor":25,"key":"SMITH"},{"data":"Searing Blow+6","floor":32,"key":"SMITH"}],"neow_cost":"NONE","seed_source_timestamp":322271243723239,"circlet_count":0,"master_deck":["Strike_R","Strike_R","Strike_R","Defend_R","Defend_R","Defend_R","Defend_R","Bash","Headbutt","Searing Blow+7","Dual Wield","Seeing Red","Whirlwind","Cleave","Immolate","Iron Wave+1","Dramatic Entrance","Evolve+1","Spot Weakness"],"relics":["Black Blood","NeowsBlessing","Regal Pillow","Kunai","Omamori","Red Skull","Bronze Scales","NlothsMask"],"potions_floor_usage":[12,16,16,18,33,33,33],"damage_taken":[{"damage":0,"enemies":"Jaw Worm","floor":1,"turns":1},{"damage":0,"enemies":"2 Louse","floor":3,"turns":1},{"damage":0,"enemies":"Lagavulin","floor":7,"turns":1},{"damage":5,"enemies":"Cultist","floor":8,"turns":4},{"damage":12,"enemies":"3 Louse","floor":12,"turns":4},{"damage":8,"enemies":"Gremlin Nob","floor":14,"turns":3},{"damage":13,"enemies":"Slime Boss","floor":16,"turns":8},{"damage":29,"enemies":"Shell Parasite","floor":18,"turns":4},{"damage":14,"enemies":"Chosen","floor":21,"turns":5},{"damage":16,"enemies":"Sentry and Sphere","floor":27,"turns":4},{"damage":20,"enemies":"Chosen and Byrds","floor":28,"turns":4},{"damage":3,"enemies":"Snecko","floor":30,"turns":3},{"damage":90,"enemies":"Collector","floor":33,"turns":7}],"seed_played":"-1427450344298967458","potions_obtained":[{"floor":3,"key":"Poison Potion"},{"floor":8,"key":"Block Potion"},{"floor":12,"key":"Poison Potion"},{"floor":16,"key":"Energy Potion"},{"floor":21,"key":"SteroidPotion"},{"floor":27,"key":"Weak Potion"},{"floor":28,"key":"Fire Potion"},{"floor":30,"key":"BloodPotion"}],"is_trial":false,"path_per_floor":["M","?","M","?","$","R","E","M","T","T","R","M","R","E","R","B",null,"M","?","$","M","$","R","$","R","T","M","M","?","M","?","R","B"],"character_chosen":"IRONCLAD","items_purchased":["Dual Wield","Dramatic Entrance","Spot Weakness"],"campfire_rested":0,"item_purchase_floors":[5,20,24],"current_hp_per_floor":[80,80,80,80,80,80,80,80,80,80,80,74,74,72,72,65,80,61,61,61,57,57,57,57,57,57,51,41,41,48,48,48,0],"gold":84,"neow_bonus":"THREE_ENEMY_KILL","is_prod":false,"is_daily":false,"chose_seed":false,"campfire_upgraded":7,"win_rate":0,"timestamp":1555264604,"path_taken":["M","?","M","?","$","R","E","M","T","?","R","M","R","E","R","BOSS","M","?","$","M","$","R","$","R","T","M","M","?","?","?","R","BOSS"],"build_version":"2019-01-23","purchased_purges":1,"victory":false,"max_hp_per_floor":[80,80,80,80,80,80,80,80,80,80,80,80,80,80,80,80,80,80,80,80,80,80,80,80,80,80,80,80,80,80,80,80,80],"card_choices":[{"not_picked":["Clash","Wild Strike"],"picked":"Headbutt","floor":1},{"not_picked":["Shrug It Off","Thunderclap"],"picked":"Searing Blow","floor":3},{"not_picked":["True Grit","Anger","Wild Strike"],"picked":"SKIP","floor":7},{"not_picked":["Perfected Strike","Corruption"],"picked":"Seeing Red","floor":8},{"not_picked":["Perfected Strike","Feed"],"picked":"Whirlwind","floor":12},{"not_picked":["Dropkick","Entrench"],"picked":"Cleave","floor":14},{"not_picked":["Juggernaut","Feed"],"picked":"Immolate","floor":16},{"not_picked":["Cleave","Body Slam"],"picked":"Iron Wave+1","floor":18},{"not_picked":["Body Slam","Thunderclap"],"picked":"Evolve+1","floor":21},{"not_picked":["Combust","Sword Boomerang","Havoc"],"picked":"SKIP","floor":27},{"not_picked":["True Grit+1","Anger","Hemokinesis+1"],"picked":"SKIP","floor":28},{"not_picked":["Twin Strike","Clothesline+1","Brutality"],"picked":"SKIP","floor":30}],"player_experience":768272,"relics_obtained":[{"floor":7,"key":"Kunai"},{"floor":10,"key":"Omamori"},{"floor":14,"key":"Red Skull"},{"floor":26,"key":"Bronze Scales"}],"event_choices":[{"damage_healed":0,"gold_gain":0,"player_choice":"Box","damage_taken":0,"relics_obtained":["Regal Pillow"],"max_hp_gain":0,"max_hp_loss":0,"event_name":"Big Fish","floor":2,"gold_loss":0,"cards_obtained":["Regret"]},{"cards_removed":["Regret"],"damage_healed":0,"gold_gain":0,"player_choice":"Card Removal","damage_taken":0,"max_hp_gain":0,"max_hp_loss":0,"event_name":"The Cleric","floor":4,"gold_loss":50},{"cards_removed":["Strike_R"],"damage_healed":0,"gold_gain":0,"player_choice":"Gave Gold","damage_taken":0,"max_hp_gain":0,"max_hp_loss":0,"event_name":"Beggar","floor":19,"gold_loss":75},{"damage_healed":0,"gold_gain":0,"player_choice":"Trade","damage_taken":0,"relics_obtained":["NlothsMask"],"max_hp_gain":0,"max_hp_loss":0,"event_name":"FaceTrader","floor":29,"gold_loss":0},{"damage_healed":0,"gold_gain":0,"player_choice":"Ignored","damage_taken":0,"max_hp_gain":0,"max_hp_loss":0,"event_name":"Vampires","floor":31,"gold_loss":0}],"is_beta":false,"boss_relics":[{"not_picked":["Runic Dome","Cursed Key"],"picked":"Black Blood"}],"items_purged_floors":[20],"is_endless":false,"potions_floor_spawned":[3,8,12,16,21,27,28,30],"killed_by":"Collector","ascension_level":0}