{"path_per_floor":["M","M","M","?","?","R","M","M","T","R","?","$","M","M","R","B",null,"M","$","M"],"character_chosen":"THE_SILENT","items_purchased":["Noxious Fumes","Oddly Smooth Stone"],"gold_per_floor":[118,135,150,150,150,150,164,174,174,174,174,84,95,114,114,217,217,233,34,51],"floor_reached":21,"campfire_rested":0,"playtime":1537,"current_hp_per_floor":[62,61,61,61,66,66,65,65,65,65,65,65,61,60,60,10,57,47,47,46],"items_purged":["Strike_G","Strike_G"],"gold":51,"score":260,"play_id":"a0339987-6971-4893-9d77-6d3b3256c523","is_prod":false,"is_daily":false,"is_ascension_mode":true,"campfire_upgraded":3,"path_taken":["M","M","M","?","?","R","M","M","T","R","?","$","M","M","R","BOSS","M","$","M","M"],"build_version":"2018-02-15-PROD1","purchased_purges":2,"victory":false,"master_deck":["Defend_G","Defend_G","Defend_G","Defend_G","Defend_G","Strike_G","Strike_G","Strike_G","Survivor","Neutralize","Quick Slash","Footwork+1","Acrobatics+1","Dagger Throw","Backflip","Noxious Fumes+1","Calculated Gamble","Tools of the Trade"],"max_hp_per_floor":[70,70,70,67,72,72,72,72,72,72,72,72,72,72,72,72,72,72,72,72],"relics":["Ring of the Snake","The Courier","Sozu","Oddly Smooth Stone"],"card_choices":[{"not_picked":["PiercingWail","Deflect"],"picked":"Quick Slash"},{"not_picked":["Backflip","Flechettes"],"picked":"Footwork"},{"not_picked":["Quick Slash","Outmaneuver"],"picked":"Acrobatics"},{"not_picked":["Bouncing Flask","Concentrate"],"picked":"Dagger Throw"},{"not_picked":["Flying Knee","Expertise"],"picked":"Backflip"},{"not_picked":["Outmaneuver","Underhanded Strike"],"picked":"Calculated Gamble"},{"not_picked":["A Thousand Cuts","Corpse Explosion"],"picked":"Tools of the Trade"}],"player_experience":358746,"potions_floor_usage":[],"damage_taken":[{"damage":1.0,"enemies":"Jaw Worm","floor":1.0,"turns":4.0},{"damage":1.0,"enemies":"Small Slimes","floor":2.0,"turns":4.0},{"damage":0.0,"enemies":"2 Louse","floor":3.0,"turns":4.0},{"damage":1.0,"enemies":"Blue Slaver","floor":7.0,"turns":6.0},{"damage":0.0,"enemies":"Large Slime","floor":8.0,"turns":9.0},{"damage":4.0,"enemies":"2 Fungi Beasts","floor":13.0,"turns":5.0},{"damage":1.0,"enemies":"Blue Slaver","floor":14.0,"turns":6.0},{"damage":50.0,"enemies":"Hexaghost","floor":16.0,"turns":13.0},{"damage":10.0,"enemies":"3 Byrds","floor":18.0,"turns":5.0},{"damage":1.0,"enemies":"Spheric Guardian","floor":20.0,"turns":6.0},{"damage":2,"enemies":"Cultist and Chosen","floor":21,"turns":5}],"event_choices":[{"event_name":"Living Wall","player_choice":"Forget","floor":4.0,"damage_taken":0.0},{"event_name":"Big Fish","player_choice":"Donut","floor":5.0,"damage_taken":0.0},{"event_name":"Liars Game","player_choice":"disagreed","floor":11.0,"damage_taken":0.0}],"boss_relics":[],"potions_floor_spawned":[2,7,8,20],"seed_played":"-6856338115394036492","killed_by":"Cultist and Chosen","ascension_level":10,"is_trial":false}