{"gold_per_floor":[109,127,142,155,155,155,166,126,126,126],"floor_reached":10,"playtime":348,"items_purged":[],"score":120,"play_id":"6d2c14b2-de84-4a08-a5d5-79a0f6b01f19","local_time":"20190728134853","is_ascension_mode":true,"campfire_choices":[{"data":"Neutralize","floor":6,"key":"SMITH"}],"neow_cost":"PERCENT_DAMAGE","seed_source_timestamp":551546247967138,"circlet_count":0,"master_deck":["AscendersBane","Strike_G","Strike_G","Strike_G","Strike_G","Strike_G","Defend_G","Defend_G","Defend_G","Defend_G","Defend_G","Survivor","Neutralize+1","Flying Knee","PiercingWail","Masterful Stab","Dagger Spray","Leg Sweep","Blur"],"relics":["Ring of the Snake","Gremlin Horn"],"potions_floor_usage":[4],"damage_taken":[{"damage":2,"enemies":"2 Louse","floor":1,"turns":3},{"damage":3,"enemies":"Small Slimes","floor":2,"turns":4},{"damage":2,"enemies":"Jaw Worm","floor":3,"turns":6},{"damage":0,"enemies":"Large Slime","floor":4,"turns":6},{"damage":0,"enemies":"3 Louse","floor":7,"turns":2},{"damage":0,"enemies":"Looter","floor":8,"turns":4},{"damage":41,"enemies":"Lagavulin","floor":10,"turns":12}],"seed_played":"-5904460225014636913","potions_obtained":[{"floor":1,"key":"Fire Potion"},{"floor":3,"key":"Weak Potion"}],"is_trial":false,"path_per_floor":["M","M","M","M","?","R","M","M","T","E"],"character_chosen":"THE_SILENT","items_purchased":[],"campfire_rested":0,"item_purchase_floors":[],"current_hp_per_floor":[54,51,49,49,49,49,49,49,49,8],"gold":126,"neow_bonus":"TWENTY_PERCENT_HP_BONUS","is_prod":false,"is_daily":false,"chose_seed":false,"campfire_upgraded":1,"win_rate":0,"timestamp":1564289333,"path_taken":["M","M","M","M","?","R","M","M","T","E"],"build_version":"2019-07-17","purchased_purges":0,"victory":false,"max_hp_per_floor":[78,78,78,78,78,78,78,78,78,78],"card_choices":[{"not_picked":["Distraction","Underhanded Strike"],"picked":"Flying Knee","floor":1},{"not_picked":["Concentrate","Flying Knee"],"picked":"PiercingWail","floor":2},{"not_picked":["Doppelganger","Outmaneuver"],"picked":"Masterful Stab","floor":3},{"not_picked":["Expertise","Blade Dance"],"picked":"Dagger Spray","floor":4},{"not_picked":["Bane","Underhanded Strike"],"picked":"Leg Sweep","floor":7},{"not_picked":["Deflect","Riddle With Holes"],"picked":"Blur","floor":8}],"player_experience":1039623,"relics_obtained":[{"floor":9,"key":"Gremlin Horn"}],"event_choices":[{"damage_healed":0,"gold_gain":0,"player_choice":"Ignored","damage_taken":0,"max_hp_gain":0,"max_hp_loss":0,"event_name":"Liars Game","floor":5,"gold_loss":0}],"is_beta":false,"boss_relics":[],"items_purged_floors":[],"is_endless":false,"potions_floor_spawned":[1,3],"killed_by":"Lagavulin","ascension_level":20}