{"gold_per_floor":[116,191,33,52,70,70,105,105,132,144,144,170,170,184,184,184],"floor_reached":16,"playtime":399,"items_purged":[],"score":270,"play_id":"2cad8302-5f09-42ce-8467-ad6bb1237f01","local_time":"20190725204736","is_ascension_mode":true,"campfire_choices":[{"data":"Wild Strike","floor":6,"key":"SMITH"},{"data":"Armaments","floor":8,"key":"SMITH"},{"data":"Pummel","floor":11,"key":"SMITH"},{"data":"Limit Break","floor":15,"key":"SMITH"}],"neow_cost":"PERCENT_DAMAGE","seed_source_timestamp":427281572985541,"circlet_count":0,"master_deck":["AscendersBane","Strike_R","Strike_R","Strike_R","Strike_R","Defend_R","Defend_R","Defend_R","Defend_R","Bash","Wild Strike+1","Cleave","Feel No Pain","Armaments+1","Pummel+1","Limit Break+1","Sever Soul"],"relics":["Burning Blood","FossilizedHelix","Red Skull","Juzu Bracelet","Bag of Marbles","Question Card"],"potions_floor_usage":[7,12,16,16],"damage_taken":[{"damage":2,"enemies":"Jaw Worm","floor":1,"turns":3},{"damage":2,"enemies":"2 Louse","floor":4,"turns":3},{"damage":0,"enemies":"Cultist","floor":5,"turns":2},{"damage":18,"enemies":"Lagavulin","floor":7,"turns":6},{"damage":0,"enemies":"Looter","floor":10,"turns":2},{"damage":0,"enemies":"Gremlin Nob","floor":12,"turns":4},{"damage":0,"enemies":"Exordium Thugs","floor":14,"turns":2},{"damage":59,"enemies":"Hexaghost","floor":16,"turns":11}],"seed_played":"-5825677199547097613","potions_obtained":[{"floor":1,"key":"Block Potion"},{"floor":7,"key":"Block Potion"},{"floor":12,"key":"Swift Potion"},{"floor":14,"key":"Weak Potion"}],"is_trial":false,"path_per_floor":["M","?","$","M","M","R","E","R","T","M","R","E","?","M","R","B"],"character_chosen":"IRONCLAD","items_purchased":["Red Skull"],"campfire_rested":0,"item_purchase_floors":[3],"current_hp_per_floor":[54,43,43,47,53,53,41,41,41,47,47,53,53,59,59,0],"gold":184,"neow_bonus":"ONE_RARE_RELIC","is_prod":false,"is_daily":false,"chose_seed":false,"campfire_upgraded":4,"win_rate":0,"timestamp":1564055256,"path_taken":["M","?","$","M","M","R","E","R","T","M","R","E","?","M","R","BOSS"],"build_version":"2019-07-17","purchased_purges":0,"victory":false,"max_hp_per_floor":[75,75,75,75,75,75,75,75,75,75,75,75,75,75,75,75],"card_choices":[{"not_picked":["Entrench","True Grit"],"picked":"Wild Strike","floor":1},{"not_picked":["Hemokinesis","Heavy Blade"],"picked":"Cleave","floor":4},{"not_picked":["Sever Soul","Rampage"],"picked":"Feel No Pain","floor":5},{"not_picked":["Rampage","Headbutt"],"picked":"Armaments","floor":7},{"not_picked":["Cleave","Rage"],"picked":"Pummel","floor":10},{"not_picked":["Clothesline","Brutality"],"picked":"Limit Break","floor":12},{"not_picked":["Evolve","Clothesline","Pommel Strike"],"picked":"Sever Soul","floor":14}],"player_experience":1012394,"relics_obtained":[{"floor":7,"key":"Juzu Bracelet"},{"floor":9,"key":"Bag of Marbles"},{"floor":12,"key":"Question Card"}],"event_choices":[{"damage_healed":0,"gold_gain":75,"player_choice":"Gather Gold","damage_taken":11,"max_hp_gain":0,"max_hp_loss":0,"event_name":"World of Goop","floor":2,"gold_loss":0},{"cards_removed":["Strike_R"],"damage_healed":0,"gold_gain":0,"player_choice":"Forget","damage_taken":0,"max_hp_gain":0,"max_hp_loss":0,"event_name":"Living Wall","floor":13,"gold_loss":0}],"is_beta":false,"boss_relics":[],"items_purged_floors":[],"is_endless":false,"potions_floor_spawned":[1,7,12,14],"killed_by":"Hexaghost","ascension_level":20}