{"gold_per_floor":[119,119,194,49,49,49,82,99,99,20,38,38,38],"floor_reached":13,"playtime":390,"items_purged":["Strike_R"],"score":142,"play_id":"206a2f55-a67a-4c88-8d0e-bb1be965ab2f","local_time":"20190113220116","is_ascension_mode":true,"campfire_choices":[{"data":"Bash","floor":6,"key":"SMITH"},{"data":"1","floor":12,"key":"LIFT"}],"neow_cost":"NONE","seed_source_timestamp":539020211254283,"circlet_count":0,"master_deck":["AscendersBane","Strike_R","Strike_R","Strike_R","Defend_R","Defend_R","Defend_R","Defend_R","Bash+1","Burning Pact","Dropkick","Feed","Thunderclap","Ghostly Armor","Shrug It Off"],"relics":["Burning Blood","Regal Pillow","Girya","Orichalcum"],"potions_floor_usage":[7,13],"damage_taken":[{"damage":1,"enemies":"Cultist","floor":1,"turns":4},{"damage":50,"enemies":"3 Sentries","floor":7,"turns":12},{"damage":7,"enemies":"Jaw Worm","floor":8,"turns":4},{"damage":2,"enemies":"Small Slimes","floor":11,"turns":4},{"damage":26,"enemies":"Lagavulin","floor":13,"turns":7}],"seed_played":"7820254200257599148","potions_obtained":[{"floor":1,"key":"Fire Potion"},{"floor":11,"key":"Explosive Potion"}],"is_trial":false,"path_per_floor":["M","?","?","$","?","R","E","M","T","$","M","R","E"],"character_chosen":"IRONCLAD","items_purchased":["Dropkick","Ghostly Armor"],"campfire_rested":0,"item_purchase_floors":[4,10],"current_hp_per_floor":[73,66,55,55,55,55,11,13,13,13,20,20,0],"gold":38,"neow_bonus":"RANDOM_COMMON_RELIC","is_prod":false,"is_daily":false,"chose_seed":false,"campfire_upgraded":1,"win_rate":0,"timestamp":1547413276,"path_taken":["M","?","?","$","?","R","E","M","T","$","?","R","E"],"build_version":"2019-01-10","purchased_purges":1,"victory":false,"max_hp_per_floor":[75,75,75,75,75,75,75,78,78,78,81,81,81],"card_choices":[{"not_picked":["Feel No Pain","Perfected Strike"],"picked":"Burning Pact","floor":1},{"not_picked":["Twin Strike","Heavy Blade"],"picked":"Feed","floor":7},{"not_picked":["Clothesline","Havoc"],"picked":"Thunderclap","floor":8},{"not_picked":["Thunderclap","Demon Form"],"picked":"Shrug It Off","floor":11}],"player_experience":732467,"relics_obtained":[{"floor":7,"key":"Girya"},{"floor":9,"key":"Orichalcum"}],"event_choices":[{"cards_removed":["Strike_R"],"damage_healed":0,"gold_gain":0,"player_choice":"Card Removal","damage_taken":7,"max_hp_gain":0,"max_hp_loss":0,"event_name":"Golden Wing","floor":2,"gold_loss":0},{"damage_healed":0,"gold_gain":75,"player_choice":"Gather Gold","damage_taken":11,"max_hp_gain":0,"max_hp_loss":0,"event_name":"World of Goop","floor":3,"gold_loss":0},{"damage_healed":0,"gold_gain":0,"player_choice":"Ignored","damage_taken":0,"max_hp_gain":0,"max_hp_loss":0,"event_name":"Liars Game","floor":5,"gold_loss":0}],"is_beta":false,"boss_relics":[],"items_purged_floors":[4],"is_endless":false,"potions_floor_spawned":[1,11],"killed_by":"Lagavulin","ascension_level":15}