{"path_per_floor":["M","?","M","M","M","R","?","R","T","M","R","E","M","M","R","B",null,"M","?","?","M","$","R","M","?","T","$","E"],"character_chosen":"DEFECT","items_purchased":["Question Card"],"gold_per_floor":[19,19,33,53,70,70,70,70,143,161,161,202,217,235,235,358,358,358,358,358,358,35,35,35,35,35,35,35,35],"floor_reached":29,"campfire_rested":2,"playtime":1825,"current_hp_per_floor":[75,57,56,56,52,52,34,34,34,23,60,48,48,45,45,22,75,65,49,49,28,28,65,56,56,56,56,1,0],"items_purged":["Strike_B"],"gold":35,"score":245,"play_id":"1f1e4c8d-b202-4865-81a3-d3896430aade","local_time":"20180501141536","is_prod":false,"is_daily":false,"chose_seed":false,"is_ascension_mode":false,"campfire_upgraded":3,"timestamp":1525176936,"path_taken":["M","?","M","M","M","R","?","R","T","M","R","E","M","M","R","BOSS","M","?","?","M","$","R","M","?","T","?","E","M"],"build_version":"2018-04-30","seed_source_timestamp":536018958472746,"purchased_purges":1,"victory":false,"master_deck":["Strike_B","Strike_B","Defend_B","Defend_B","Defend_B","Defend_B","Zap+1","Dualcast+1","Leap","Skim","Capacitor","Cold Snap","Recycle+1","Coolheaded","Machine Learning","Redo","Impulse","Necronomicurse","Blaster+1","Hologram","Defragment"],"max_hp_per_floor":[75,75,75,75,75,75,75,75,75,75,75,75,75,75,75,75,75,75,75,75,75,75,75,75,75,75,75,75,75],"relics":["Cracked Core","Dead Branch","Regal Pillow","Golden Idol","Blue Candle","Art of War","Ectoplasm","Necronomicon","Question Card","Dream Catcher","Bronze Scales"],"card_choices":[{"not_picked":["Stack","Self Repair"],"picked":"Leap","floor":1.0},{"not_picked":["Sweeping Beam","Conserve Battery"],"picked":"Skim","floor":3.0},{"not_picked":["Steam Power","Go for the Eyes"],"picked":"Capacitor","floor":4.0},{"not_picked":["Axe Kick","Reprieve"],"picked":"Cold Snap","floor":5.0},{"not_picked":["Beam Cell","Darkness"],"picked":"Recycle","floor":10.0},{"not_picked":["Ball Lightning","Recycle"],"picked":"Coolheaded","floor":12.0},{"not_picked":["Hologram","Genetic Algorithm"],"picked":"Machine Learning","floor":13.0},{"not_picked":["Hyperbeam","Reboot"],"picked":"Redo","floor":16.0},{"not_picked":["Cold Snap","Self Repair"],"picked":"Impulse","floor":18.0},{"not_picked":["Coolheaded","Leap"],"picked":"Blaster","floor":21},{"not_picked":["Sweeping Beam","Streamline","Coolheaded"],"picked":"Hologram","floor":24},{"not_picked":["White Noise","Darkness","Gash"],"picked":"Defragment","floor":28}],"player_experience":559972,"potions_floor_usage":[29],"damage_taken":[{"damage":0.0,"enemies":"2 Louse","floor":1.0,"turns":1.0},{"damage":1.0,"enemies":"Jaw Worm","floor":3.0,"turns":4.0},{"damage":0.0,"enemies":"Small Slimes","floor":4.0,"turns":3.0},{"damage":4.0,"enemies":"Blue Slaver","floor":5.0,"turns":4.0},{"damage":11.0,"enemies":"Exordium Thugs","floor":10.0,"turns":5.0},{"damage":12.0,"enemies":"Lagavulin","floor":12.0,"turns":9.0},{"damage":0.0,"enemies":"Exordium Wildlife","floor":13.0,"turns":6.0},{"damage":3.0,"enemies":"3 Louse","floor":14.0,"turns":4.0},{"damage":23.0,"enemies":"Hexaghost","floor":16.0,"turns":11.0},{"damage":10.0,"enemies":"Shell Parasite","floor":18.0,"turns":6.0},{"damage":21,"enemies":"Chosen","floor":21,"turns":8},{"damage":9,"enemies":"Slaver and Parasite","floor":24,"turns":6},{"damage":55,"enemies":"Gremlin Leader","floor":28,"turns":8},{"damage":12,"enemies":"Centurion and Healer","floor":29,"turns":1}],"event_choices":[{"event_name":"Scrap Ooze","player_choice":"success","floor":2.0,"damage_taken":18.0},{"event_name":"Golden Idol","player_choice":"Take Damage","floor":7.0,"damage_taken":0.0},{"event_name":"Cursed Tome","player_choice":"Obtained Book","floor":19.0,"damage_taken":0.0},{"event_name":"Drug Dealer","player_choice":"Ignored","floor":20.0,"damage_taken":0.0},{"event_name":"Back to Basics","player_choice":"Elegance","floor":25,"damage_taken":0}],"boss_relics":[],"potions_floor_spawned":[4,10,12,14,24],"seed_played":"8847681660911775668","killed_by":"Centurion and Healer","ascension_level":0,"is_trial":false}