{"path_per_floor":["M","?","M","M","M","R","E","M","T","E","M","$","?","M","R","B",null,"M","T","?","?","?","R","E","M","T","M","M","$","E","M","R","B",null,"M","?","?","?","M","R","E"],"character_chosen":"DEFECT","items_purchased":["Symbiotic Virus","Capacitor"],"gold_per_floor":[112,62,82,102,122,122,157,177,254,284,302,0,0,17,17,122,122,132,159,159,159,190,190,225,235,313,329,342,267,292,307,307,407,407,424,646,646,646,656,656,690,690],"floor_reached":42,"campfire_rested":1,"playtime":2567,"current_hp_per_floor":[61,61,61,60,53,53,41,24,24,22,22,22,22,22,22,21,64,64,64,64,64,48,48,48,48,48,48,29,29,35,10,33,17,63,63,63,63,53,53,63,17,0],"items_purged":["Hyperbeam"],"gold":690,"score":654,"play_id":"af9026fd-c8c8-4308-90c0-d5cbddad42ec","local_time":"20180506152221","is_prod":false,"is_daily":false,"chose_seed":false,"is_ascension_mode":true,"campfire_upgraded":4,"timestamp":1525612941,"path_taken":["M","?","M","?","?","R","E","M","T","E","M","$","?","M","R","BOSS","M","?","?","?","?","R","E","M","T","M","?","$","E","M","R","BOSS","M","?","?","?","M","R","E","?"],"build_version":"2018-05-03","seed_source_timestamp":113701731186476,"purchased_purges":1,"victory":false,"master_deck":["Zap","Dualcast","Barrage","Glacier","FTL","Defragment+1","Blizzard","Seek","Capacitor+1","Zap","Defragment","Rainbow+1","Skim","Chill","Rebound","Streamline","Genetic Algorithm","Double Energy","Reprogram+1","White Noise+1","Capacitor","Prime+1","Purity","Madness","Madness","Self Repair+1"],"max_hp_per_floor":[68,68,68,68,68,68,68,68,68,78,78,78,78,78,78,78,78,78,78,78,78,78,78,78,78,78,78,78,78,78,78,78,78,78,78,78,78,78,78,78,78,78],"relics":["Cracked Core","Question Card","Tiny Chest","Pear","Symbiotic Virus","Pandora\u0027s Box","Bronze Scales","Red Mask","Bag of Marbles","Bottled Tornado","Prayer Wheel","Eternal Feather","Blood Vial"],"card_choices":[{"not_picked":["Genetic Algorithm","Coolheaded"],"picked":"Glacier","floor":1.0},{"not_picked":["Buffer","Self Repair"],"picked":"FTL","floor":3.0},{"not_picked":["Rebound","FTL"],"picked":"Defragment","floor":5.0},{"not_picked":["Static Discharge","Leap","Ball Lightning"],"picked":"Blizzard","floor":8.0},{"not_picked":["Recycle","Barrage","Double Energy"],"picked":"Seek","floor":10.0},{"not_picked":["Beam Cell","Go for the Eyes","Hologram"],"picked":"Defragment","floor":14.0},{"not_picked":["Reboot","Fusion","Meteor Strike"],"picked":"Rainbow","floor":16.0},{"not_picked":["Skim","Hello World","Barrage"],"picked":"Double Energy","floor":18.0},{"not_picked":["Buffer","Ball Lightning","Axe Kick"],"picked":"Reprogram","floor":22.0},{"not_picked":["Force Field","Heatsinks","Ball Lightning"],"picked":"White Noise","floor":25.0},{"not_picked":["Stack","Streamline","Ball Lightning"],"picked":"Capacitor","floor":27.0},{"not_picked":["Seek","Thunder Strike","Amplify"],"picked":"Prime","floor":33.0},{"not_picked":["Transmutation","Dark Shackles","Mind Blast"],"picked":"Purity","floor":37.0},{"not_picked":["Hologram","Reprogram","Chaos"],"picked":"Self Repair","floor":41}],"player_experience":618059,"potions_floor_usage":[],"damage_taken":[{"damage":7.0,"enemies":"Jaw Worm","floor":1.0,"turns":2.0},{"damage":0.0,"enemies":"Small Slimes","floor":3.0,"turns":2.0},{"damage":1.0,"enemies":"2 Louse","floor":4.0,"turns":2.0},{"damage":7.0,"enemies":"Gremlin Gang","floor":5.0,"turns":2.0},{"damage":12.0,"enemies":"Lagavulin","floor":7.0,"turns":6.0},{"damage":17.0,"enemies":"Lots of Slimes","floor":8.0,"turns":2.0},{"damage":12.0,"enemies":"Gremlin Nob","floor":10.0,"turns":4.0},{"damage":0.0,"enemies":"2 Fungi Beasts","floor":11.0,"turns":1.0},{"damage":0.0,"enemies":"Red Slaver","floor":14.0,"turns":3.0},{"damage":1.0,"enemies":"Hexaghost","floor":16.0,"turns":8.0},{"damage":0.0,"enemies":"Shell Parasite","floor":18.0,"turns":5.0},{"damage":16.0,"enemies":"Masked Bandits","floor":22.0,"turns":3.0},{"damage":0.0,"enemies":"Book of Stabbing","floor":24.0,"turns":5.0},{"damage":0.0,"enemies":"Spheric Guardian","floor":25.0,"turns":3.0},{"damage":0.0,"enemies":"Snecko","floor":27.0,"turns":3.0},{"damage":19.0,"enemies":"Snake Plant","floor":28.0,"turns":2.0},{"damage":6.0,"enemies":"Slavers","floor":30.0,"turns":5.0},{"damage":25.0,"enemies":"Cultist and Chosen","floor":31.0,"turns":6.0},{"damage":16.0,"enemies":"Collector","floor":33.0,"turns":10.0},{"damage":0.0,"enemies":"3 Shapes","floor":35.0,"turns":7.0},{"damage":0.0,"enemies":"Flame Bruiser 1 Orb","floor":39.0,"turns":7.0},{"damage":46,"enemies":"2 Orb Walkers","floor":41,"turns":6},{"damage":27,"enemies":"3 Darklings","floor":42,"turns":3}],"event_choices":[{"event_name":"The Cleric","player_choice":"Card Removal","floor":2.0,"damage_taken":0.0},{"event_name":"Match and Keep!","player_choice":"1 cards matched","floor":13.0,"damage_taken":0.0},{"event_name":"Ghosts","player_choice":"Ignored","floor":20.0,"damage_taken":0.0},{"event_name":"Drug Dealer","player_choice":"Ignored","floor":21.0,"damage_taken":0.0},{"event_name":"Tomb of Lord Red Mask","player_choice":"Wore Mask","floor":36.0,"damage_taken":0.0},{"event_name":"SensoryStone","player_choice":"Memory 1","floor":37.0,"damage_taken":0.0},{"event_name":"Winding Halls","player_choice":"Embrace Madness","floor":38.0,"damage_taken":0.0}],"boss_relics":[],"potions_floor_spawned":[1,4,10,11,14,16,18,24,25,28,31,35],"seed_played":"7498162860351656880","killed_by":"3 Darklings","ascension_level":5,"is_trial":false}