{"gold_per_floor":[117,130,130,55,75,75,109,109,133,148,148,148,181,201,201,272,322,336,336,336,336,353,353,368,380,380,400,400,416,442,452,452,526,526,539,539],"floor_reached":36,"playtime":1266,"items_purged":["Defend_B"],"score":696,"play_id":"f2f7efc9-0998-4874-84c7-ed0056a55ab5","local_time":"20190118003851","is_ascension_mode":true,"campfire_choices":[{"data":"Zap","floor":6.0,"key":"SMITH"},{"data":"Redo","floor":8.0,"key":"SMITH"},{"floor":12.0,"key":"REST"},{"data":"Defragment","floor":15.0,"key":"SMITH"},{"data":"Coolheaded","floor":23.0,"key":"SMITH"},{"data":"Redo","floor":28.0,"key":"SMITH"},{"floor":32.0,"key":"REST"}],"neow_cost":"NONE","seed_source_timestamp":766310348548485,"circlet_count":0,"master_deck":["AscendersBane","Strike_B+1","Defend_B","Defend_B","Zap+1","Dualcast+1","Biased Cognition","Compile Driver","Redo+1","Defragment+1","Sweeping Beam+1","BootSequence","Glacier","Seek","Melter+1","Redo+1","Blizzard+1","Coolheaded+1","Ball Lightning+1","Conserve Battery","Compile Driver+1"],"special_seed":0,"relics":["Cracked Core","DataDisk","Whetstone","Molten Egg 2","Strawberry","Tiny House","Bag of Marbles","Anchor"],"potions_floor_usage":[],"damage_taken":[{"damage":2.0,"enemies":"Jaw Worm","floor":1.0,"turns":3.0},{"damage":0.0,"enemies":"Cultist","floor":2.0,"turns":2.0},{"damage":8.0,"enemies":"2 Louse","floor":5.0,"turns":2.0},{"damage":20.0,"enemies":"Gremlin Nob","floor":7.0,"turns":3.0},{"damage":0.0,"enemies":"Blue Slaver","floor":10.0,"turns":2.0},{"damage":5.0,"enemies":"3 Sentries","floor":13.0,"turns":5.0},{"damage":14.0,"enemies":"Exordium Wildlife","floor":14.0,"turns":3.0},{"damage":5.0,"enemies":"The Guardian","floor":16.0,"turns":10.0},{"damage":0.0,"enemies":"Chosen","floor":18.0,"turns":4.0},{"damage":2.0,"enemies":"Shell Parasite","floor":22.0,"turns":4.0},{"damage":16.0,"enemies":"Snecko","floor":24.0,"turns":5.0},{"damage":4.0,"enemies":"3 Cultists","floor":25.0,"turns":4.0},{"damage":20.0,"enemies":"Shelled Parasite and Fungi","floor":27.0,"turns":5.0},{"damage":9.0,"enemies":"Snake Plant","floor":29.0,"turns":3.0},{"damage":0.0,"enemies":"Centurion and Healer","floor":31.0,"turns":7.0},{"damage":3.0,"enemies":"Automaton","floor":33.0,"turns":11.0},{"damage":28,"enemies":"3 Darklings","floor":35,"turns":6},{"damage":45,"enemies":"3 Shapes","floor":36,"turns":5}],"seed_played":"6729043014072510650","potions_obtained":[{"floor":2.0,"key":"Swift Potion"},{"floor":5.0,"key":"FearPotion"},{"floor":10.0,"key":"SteroidPotion"},{"floor":16.0,"key":"GamblersBrew"},{"floor":17.0,"key":"SkillPotion"},{"floor":27.0,"key":"Poison Potion"},{"floor":29.0,"key":"Energy Potion"},{"floor":31.0,"key":"PowerPotion"},{"floor":33.0,"key":"SpeedPotion"},{"floor":35,"key":"PowerPotion"}],"is_trial":false,"path_per_floor":["M","M","?","$","M","R","E","R","T","M","?","R","E","M","R","B",null,"M","?","?","?","M","R","M","M","T","M","R","M","T","M","R","B",null,"M","M"],"character_chosen":"DEFECT","items_purchased":[],"campfire_rested":2,"item_purchase_floors":[],"current_hp_per_floor":[62,62,62,62,54,54,34,34,34,34,23,44,46,32,32,27,70,70,70,70,70,68,68,52,48,48,28,28,19,19,19,43,40,72,44,0],"gold":539,"neow_bonus":"TRANSFORM_CARD","is_prod":false,"is_daily":false,"chose_seed":false,"campfire_upgraded":5,"win_rate":0,"timestamp":1547768331,"path_taken":["M","M","?","?","M","R","E","R","T","M","?","R","E","M","R","BOSS","M","?","?","?","M","R","?","M","T","M","R","M","?","M","R","BOSS","M","M"],"build_version":"2019-01-10","purchased_purges":1,"victory":false,"max_hp_per_floor":[71,71,71,71,71,71,71,71,71,71,71,71,78,78,78,78,83,83,83,83,83,83,83,83,83,83,83,83,83,83,83,83,83,83,83,83],"card_choices":[{"not_picked":["Leap","Skim"],"picked":"Compile Driver","floor":1.0},{"not_picked":["Barrage","Steam"],"picked":"Redo","floor":2.0},{"not_picked":["FTL","Static Discharge"],"picked":"Sweeping Beam","floor":5.0},{"not_picked":["Sunder","Scrape"],"picked":"BootSequence","floor":7.0},{"not_picked":["All For One","Streamline"],"picked":"Glacier","floor":10.0},{"not_picked":["Turbo","Steam","Hologram"],"picked":"SKIP","floor":13.0},{"not_picked":["Static Discharge","Hologram","Scrape+1"],"picked":"SKIP","floor":14.0},{"not_picked":["Biased Cognition","Reboot"],"picked":"Seek","floor":16.0},{"not_picked":["Stack","Conserve Battery"],"picked":"Melter+1","floor":17.0},{"not_picked":["Undo","Leap","Stack"],"picked":"SKIP","floor":18.0},{"not_picked":["Steam","Hologram"],"picked":"Coolheaded","floor":22.0},{"not_picked":["Barrage+1","Stack","Steam"],"picked":"SKIP","floor":24.0},{"not_picked":["Streamline+1","Beam Cell+1"],"picked":"Ball Lightning+1","floor":25.0},{"not_picked":["Go for the Eyes+1","Machine Learning"],"picked":"Conserve Battery","floor":27.0},{"not_picked":["Reprogram","Rebound+1","Sunder+1"],"picked":"SKIP","floor":29.0},{"not_picked":["Streamline+1","Gash+1"],"picked":"Compile Driver+1","floor":31.0},{"not_picked":["Beam Cell+1","Stack","Gash+1"],"picked":"SKIP","floor":35}],"player_experience":767544,"relics_obtained":[{"floor":7.0,"key":"DataDisk"},{"floor":9.0,"key":"Whetstone"},{"floor":13.0,"key":"Strawberry"},{"floor":26.0,"key":"Bag of Marbles"},{"floor":30.0,"key":"Anchor"}],"event_choices":[{"damage_healed":0.0,"max_hp_gain":0.0,"max_hp_loss":0.0,"gold_gain":0.0,"cards_transformed":["Strike_B"],"event_name":"Transmorgrifier","player_choice":"Transformed","floor":3.0,"gold_loss":0.0,"damage_taken":0.0,"cards_obtained":["Defragment"]},{"damage_healed":0.0,"max_hp_gain":0.0,"max_hp_loss":0.0,"gold_gain":0.0,"event_name":"Scrap Ooze","player_choice":"Success","floor":11.0,"gold_loss":0.0,"damage_taken":11.0,"relics_obtained":["Molten Egg 2"]},{"damage_healed":0.0,"max_hp_gain":0.0,"max_hp_loss":0.0,"gold_gain":0.0,"event_name":"The Mausoleum","player_choice":"Ignored","floor":19.0,"gold_loss":0.0,"damage_taken":0.0},{"damage_healed":0.0,"max_hp_gain":0.0,"max_hp_loss":0.0,"gold_gain":0.0,"event_name":"Vampires","player_choice":"Ignored","floor":20.0,"gold_loss":0.0,"damage_taken":0.0},{"damage_healed":0.0,"max_hp_gain":0.0,"max_hp_loss":0.0,"gold_gain":0.0,"cards_transformed":["Strike_B","Defend_B"],"event_name":"Drug Dealer","player_choice":"Became Test Subject","floor":21.0,"gold_loss":0.0,"damage_taken":0.0,"cards_obtained":["Redo","Blizzard"]}],"is_beta":false,"boss_relics":[{"not_picked":["Runic Dome","Astrolabe"],"picked":"Tiny House"},{"not_picked":["Snecko Eye","Calling Bell","Pandora\u0027s Box"]}],"items_purged_floors":[4],"is_endless":false,"potions_floor_spawned":[2,5,10,16,18,24,27,29,31,33,35],"killed_by":"3 Shapes","ascension_level":17}