{"gold_per_floor":[111,111,111,130,55,55,55,94,94,94,117,117,17,61,61,157,157,173,43,43,43,57,57,72,72,95,119,135,135,10,10,10,10],"floor_reached":33,"playtime":873,"items_purged":["Defend_B","Strike_B","Strike_B"],"score":702,"play_id":"5e807579-ae3f-4682-ad3f-5d6d8c5bdc6c","local_time":"20190302185958","is_ascension_mode":true,"campfire_choices":[{"data":"Zap","floor":7.0,"key":"SMITH"},{"data":"Buffer","floor":10.0,"key":"SMITH"},{"data":"Leap","floor":12.0,"key":"SMITH"},{"data":"Barrage","floor":15,"key":"SMITH"},{"data":"Defragment","floor":23,"key":"SMITH"},{"data":"Dualcast","floor":29,"key":"SMITH"},{"data":"Skim","floor":32,"key":"SMITH"}],"neow_cost":"NONE","seed_source_timestamp":146232551522339,"circlet_count":0,"master_deck":["AscendersBane","Defend_B","Defend_B","Defend_B","Zap+1","Dualcast+1","Buffer+1","Ball Lightning","Barrage+1","Leap+1","Static Discharge","Electrodynamics","Conserve Battery","Capacitor+1","Melter","Defragment+1","Redo","Skim+1"],"special_seed":0,"relics":["FrozenCore","Golden Idol","Boot","Cables","Vajra","Centennial Puzzle"],"potions_floor_usage":[16],"damage_taken":[{"damage":2.0,"enemies":"Jaw Worm","floor":1.0,"turns":3.0},{"damage":16.0,"enemies":"Small Slimes","floor":4.0,"turns":3.0},{"damage":0.0,"enemies":"Gremlin Nob","floor":8.0,"turns":4.0},{"damage":0.0,"enemies":"2 Louse","floor":11.0,"turns":2.0},{"damage":0,"enemies":"Lagavulin","floor":14,"turns":6},{"damage":0,"enemies":"Slime Boss","floor":16,"turns":6},{"damage":5,"enemies":"3 Byrds","floor":18,"turns":2},{"damage":8,"enemies":"Shell Parasite","floor":22,"turns":5},{"damage":10,"enemies":"Snake Plant","floor":24,"turns":4},{"damage":0,"enemies":"Centurion and Healer","floor":27,"turns":5},{"damage":5,"enemies":"Cultist and Chosen","floor":28,"turns":5},{"damage":46,"enemies":"Collector","floor":33,"turns":8}],"seed_played":"-3911523507404707974","potions_obtained":[{"floor":1.0,"key":"SteroidPotion"},{"floor":4.0,"key":"Block Potion"},{"floor":11.0,"key":"Explosive Potion"},{"floor":24,"key":"FearPotion"},{"floor":27,"key":"Regen Potion"}],"is_trial":false,"path_per_floor":["M","?","?","M","$","?","R","E","T","R","M","R","$","E","R","B",null,"M","$","?","?","M","R","M","?","T","M","M","R","$","?","R","B"],"character_chosen":"DEFECT","items_purchased":["Capacitor","Melter"],"campfire_rested":0,"item_purchase_floors":[19,19],"current_hp_per_floor":[62,62,55,39,39,39,39,39,39,39,39,39,39,39,39,39,58,53,53,53,53,45,45,35,35,35,35,30,30,30,30,30,0],"gold":10,"neow_bonus":"TRANSFORM_CARD","is_prod":false,"is_daily":false,"chose_seed":false,"campfire_upgraded":7,"win_rate":0,"timestamp":1551549598,"path_taken":["M","?","?","M","$","?","R","E","T","R","?","R","$","E","R","BOSS","M","$","?","?","?","R","M","?","T","M","M","R","?","?","R","BOSS"],"build_version":"2019-01-23","purchased_purges":3,"victory":false,"max_hp_per_floor":[71,71,71,71,71,64,64,64,64,64,64,64,64,64,64,64,64,64,64,64,64,64,64,64,64,64,64,64,64,64,64,64,64],"card_choices":[{"not_picked":["Sweeping Beam","Steam"],"picked":"Ball Lightning","floor":1.0},{"not_picked":["Rip and Tear","Ball Lightning"],"picked":"Barrage","floor":4.0},{"not_picked":["Rebound","Tempest"],"picked":"Leap","floor":8.0},{"not_picked":["Beam Cell","Aggregate"],"picked":"Static Discharge","floor":11.0},{"not_picked":["White Noise","Streamline","Barrage"],"picked":"SKIP","floor":14},{"not_picked":["All For One","Amplify"],"picked":"Electrodynamics","floor":16},{"not_picked":["Genetic Algorithm+1","Force Field"],"picked":"Conserve Battery","floor":18},{"not_picked":["Storm","Reinforced Body","Steam Power"],"picked":"SKIP","floor":22},{"not_picked":["Sweeping Beam","Hello World","Tempest"],"picked":"SKIP","floor":24},{"not_picked":["Go for the Eyes","Hologram"],"picked":"Redo","floor":27},{"not_picked":["Aggregate","Tempest+1"],"picked":"Skim","floor":28}],"player_experience":925295,"relics_obtained":[{"floor":8.0,"key":"Boot"},{"floor":9.0,"key":"Cables"},{"floor":14,"key":"Vajra"},{"floor":26,"key":"Centennial Puzzle"}],"event_choices":[{"damage_healed":0.0,"max_hp_gain":0.0,"max_hp_loss":0.0,"gold_gain":0.0,"event_name":"Liars Game","player_choice":"Ignored","floor":2.0,"gold_loss":0.0,"damage_taken":0.0},{"cards_removed":["Strike_B"],"damage_healed":0.0,"max_hp_gain":0.0,"max_hp_loss":0.0,"gold_gain":0.0,"event_name":"Golden Wing","player_choice":"Card Removal","floor":3.0,"gold_loss":0.0,"damage_taken":7.0},{"damage_healed":0.0,"max_hp_gain":0.0,"max_hp_loss":7.0,"gold_gain":0.0,"event_name":"Golden Idol","player_choice":"Lose Max HP","floor":6.0,"gold_loss":0.0,"damage_taken":0.0,"relics_obtained":["Golden Idol"]},{"damage_healed":0,"gold_gain":0,"player_choice":"Ignored","damage_taken":0,"max_hp_gain":0,"max_hp_loss":0,"event_name":"Beggar","floor":20,"gold_loss":0},{"damage_healed":0,"gold_gain":0,"player_choice":"Read","damage_taken":0,"max_hp_gain":0,"max_hp_loss":0,"event_name":"The Library","floor":21,"gold_loss":0,"cards_obtained":["Defragment"]},{"damage_healed":0,"gold_gain":0,"player_choice":"Upgraded","damage_taken":0,"max_hp_gain":0,"max_hp_loss":0,"event_name":"Upgrade Shrine","floor":25,"gold_loss":0,"cards_upgraded":["Capacitor"]},{"damage_healed":0,"gold_gain":0,"player_choice":"Ignored","damage_taken":0,"max_hp_gain":0,"max_hp_loss":0,"event_name":"Vampires","floor":31,"gold_loss":0}],"is_beta":false,"boss_relics":[{"not_picked":["Fusion Hammer","Orrery"],"picked":"FrozenCore"}],"items_purged_floors":[5,13,30],"is_endless":false,"potions_floor_spawned":[1,4,11,24,27,28],"killed_by":"Collector","ascension_level":20}