{"gold_per_floor":[111,111,111,32,107,107,135,135,160,190,209,209,134,151,151,228,228,210,51,51,68,78,78,93,123,123,38,38,38,88,88,88,88],"floor_reached":33,"playtime":811,"items_purged":["Strike_R","Anger"],"score":574,"play_id":"f2081b54-aa65-4f53-8504-32d567d4e9eb","local_time":"20190205152554","is_ascension_mode":true,"campfire_choices":[{"data":"Bash","floor":6.0,"key":"SMITH"},{"data":"Body Slam","floor":8.0,"key":"SMITH"},{"data":"Flame Barrier","floor":12.0,"key":"SMITH"},{"data":"Shrug It Off","floor":15.0,"key":"SMITH"},{"data":"True Grit","floor":23.0,"key":"SMITH"},{"data":"Double Tap","floor":28.0,"key":"SMITH"},{"data":"Shrug It Off","floor":32.0,"key":"SMITH"}],"neow_cost":"NONE","seed_source_timestamp":348369074621975,"circlet_count":0,"master_deck":["AscendersBane","Strike_R","Defend_R","Defend_R","Defend_R","Defend_R","Bash+1","Dropkick","Flame Barrier+1","Body Slam+1","Shrug It Off+1","Double Tap+1","Shrug It Off+1","Headbutt","Immolate","True Grit+1","Feed","Shame"],"special_seed":0,"relics":["Burning Blood","NeowsBlessing","Mango","Potion Belt","Kunai","Cursed Key","PreservedInsect","Darkstone Periapt","Mummified Hand"],"potions_floor_usage":[],"damage_taken":[{"damage":0.0,"enemies":"Small Slimes","floor":1.0,"turns":1.0},{"damage":0.0,"enemies":"Lagavulin","floor":7.0,"turns":1.0},{"damage":0.0,"enemies":"Gremlin Nob","floor":10.0,"turns":1.0},{"damage":0.0,"enemies":"Jaw Worm","floor":11.0,"turns":3.0},{"damage":0.0,"enemies":"2 Louse","floor":14.0,"turns":2.0},{"damage":42.0,"enemies":"Hexaghost","floor":16.0,"turns":9.0},{"damage":6.0,"enemies":"2 Thieves","floor":18.0,"turns":4.0},{"damage":5.0,"enemies":"Shell Parasite","floor":21.0,"turns":3.0},{"damage":15.0,"enemies":"Snake Plant","floor":22.0,"turns":4.0},{"damage":14.0,"enemies":"Centurion and Healer","floor":24.0,"turns":4.0},{"damage":15.0,"enemies":"Slavers","floor":25.0,"turns":2.0},{"damage":23.0,"enemies":"Colosseum Slavers","floor":29.0,"turns":4.0},{"damage":43,"enemies":"Collector","floor":33,"turns":5}],"seed_played":"3647030121923267784","potions_obtained":[{"floor":1.0,"key":"SmokeBomb"},{"floor":16.0,"key":"SmokeBomb"},{"floor":18.0,"key":"Dexterity Potion"},{"floor":24.0,"key":"Energy Potion"}],"is_trial":false,"path_per_floor":["M","?","?","$","?","R","E","R","T","E","M","R","$","M","R","B",null,"M","$","?","M","M","R","M","E","T","?","R","?","?","$","R","B"],"character_chosen":"IRONCLAD","items_purchased":["Flame Barrier","Shrug It Off"],"campfire_rested":0,"item_purchase_floors":[4,19],"current_hp_per_floor":[74,74,74,74,63,63,83,83,83,89,89,89,89,89,89,53,80,80,80,80,81,72,72,64,55,55,55,55,38,38,38,38,0],"gold":88,"neow_bonus":"THREE_ENEMY_KILL","is_prod":false,"is_daily":false,"chose_seed":false,"campfire_upgraded":7,"win_rate":0,"timestamp":1549376754,"path_taken":["M","?","?","$","?","R","E","R","T","E","M","R","$","?","R","BOSS","M","$","?","M","M","R","M","E","T","?","R","?","?","?","R","BOSS"],"build_version":"2019-01-23","purchased_purges":2,"victory":false,"max_hp_per_floor":[75,75,75,75,75,75,89,89,89,89,89,89,89,89,89,89,89,89,89,89,89,89,89,89,89,89,89,89,89,89,89,89,89],"card_choices":[{"not_picked":["Sever Soul","Hemokinesis"],"picked":"Dropkick","floor":1.0},{"not_picked":["True Grit","Clothesline"],"picked":"Body Slam","floor":7.0},{"not_picked":["Cleave","Clothesline"],"picked":"Anger","floor":10.0},{"not_picked":["Corruption","Dropkick","Sentinel"],"picked":"SKIP","floor":11.0},{"not_picked":["Rampage","Ghostly Armor"],"picked":"Shrug It Off","floor":14.0},{"not_picked":["Feed","Berserk"],"picked":"Double Tap","floor":16.0},{"not_picked":["Power Through","Perfected Strike","Anger"],"picked":"SKIP","floor":18.0},{"not_picked":["Wild Strike","Clothesline","Twin Strike"],"picked":"SKIP","floor":21.0},{"not_picked":["Rupture","Carnage"],"picked":"True Grit","floor":22.0},{"not_picked":["Armaments","Thunderclap","Twin Strike"],"picked":"SKIP","floor":24.0},{"not_picked":["Twin Strike","Uppercut"],"picked":"Feed","floor":25.0}],"player_experience":784476,"relics_obtained":[{"floor":7.0,"key":"Mango"},{"floor":9.0,"key":"Potion Belt"},{"floor":10.0,"key":"Kunai"},{"floor":25.0,"key":"PreservedInsect"},{"floor":26.0,"key":"Darkstone Periapt"}],"event_choices":[{"cards_removed":["Strike_R"],"damage_healed":0.0,"max_hp_gain":0.0,"max_hp_loss":0.0,"gold_gain":0.0,"event_name":"Living Wall","player_choice":"Forget","floor":2.0,"gold_loss":0.0,"damage_taken":0.0},{"damage_healed":0.0,"max_hp_gain":0.0,"max_hp_loss":0.0,"gold_gain":0.0,"event_name":"Shining Light","player_choice":"Ignored","floor":3.0,"gold_loss":0.0,"damage_taken":0.0},{"damage_healed":0.0,"max_hp_gain":0.0,"max_hp_loss":0.0,"gold_gain":75.0,"event_name":"World of Goop","player_choice":"Gather Gold","floor":5.0,"gold_loss":0.0,"damage_taken":11.0},{"damage_healed":0.0,"max_hp_gain":0.0,"max_hp_loss":0.0,"gold_gain":0.0,"cards_transformed":["Strike_R","Strike_R"],"event_name":"Drug Dealer","player_choice":"Became Test Subject","floor":20.0,"gold_loss":0.0,"damage_taken":0.0,"cards_obtained":["Headbutt","Immolate"]},{"damage_healed":0.0,"max_hp_gain":0.0,"max_hp_loss":0.0,"gold_gain":0.0,"event_name":"Addict","player_choice":"Obtained Relic","floor":27.0,"gold_loss":85.0,"damage_taken":0.0,"relics_obtained":["Mummified Hand"]},{"damage_healed":0.0,"max_hp_gain":0.0,"max_hp_loss":0.0,"gold_gain":0.0,"event_name":"Colosseum","player_choice":"Fight","floor":29.0,"gold_loss":0.0,"damage_taken":0.0},{"damage_healed":0.0,"max_hp_gain":0.0,"max_hp_loss":0.0,"gold_gain":0.0,"event_name":"Colosseum","player_choice":"Fled From Nobs","floor":29.0,"gold_loss":0.0,"damage_taken":0.0},{"damage_healed":0.0,"max_hp_gain":0.0,"max_hp_loss":0.0,"gold_gain":50.0,"event_name":"Nest","player_choice":"Stole From Cult","floor":30.0,"gold_loss":0.0,"damage_taken":0.0}],"is_beta":false,"boss_relics":[{"not_picked":["Runic Dome","White Beast Statue"],"picked":"Cursed Key"}],"items_purged_floors":[13,19],"is_endless":false,"potions_floor_spawned":[1,16,18,24],"killed_by":"Collector","ascension_level":16}