{"gold_per_floor":[111,122,139,314,159,159,194,194,194,194,222,232,265,277,277,376,376,386,403,403,422,438,438,500,500,500,500,550,560,48,77,77,177,177,188,238,288,188,238,118,118,133,133,133,144,144,239,255,255,255,255,255,0,26,26],"floor_reached":56,"playtime":6759,"items_purged":["Doubt","Strike_R","Strike_R","Strike_R"],"score":1686,"play_id":"c33f7a47-e1e7-4954-9480-5365f0e3f4f7","local_time":"20190725233254","is_ascension_mode":true,"campfire_choices":[{"data":"Corruption","floor":6.0,"key":"SMITH"},{"data":"Rampage","floor":10.0,"key":"SMITH"},{"floor":15.0,"key":"REST"},{"floor":23,"key":"REST"},{"data":"Juggernaut","floor":25,"key":"SMITH"},{"floor":27,"key":"DIG"},{"data":"Whirlwind","floor":32,"key":"SMITH"},{"data":"True Grit","floor":41,"key":"SMITH"},{"floor":44,"key":"RECALL"},{"data":"True Grit","floor":46,"key":"SMITH"},{"data":"Doubt","floor":49,"key":"PURGE"},{"floor":52,"key":"DIG"}],"neow_cost":"NONE","seed_source_timestamp":0,"circlet_count":0,"master_deck":["AscendersBane","Strike_R","Defend_R","Defend_R","Defend_R","Defend_R","Bash","Havoc","Rampage+1","Feel No Pain","Corruption+1","Exhume","Headbutt","Cleave","Shrug It Off","Juggernaut+1","Clothesline","Shrug It Off","Battle Trance","Shockwave+1","Uppercut","True Grit+1","Apotheosis","Whirlwind+1","Dark Embrace","Power Through","Flame Barrier","True Grit+1","Second Wind+1","Disarm"],"special_seed":0,"relics":["Burning Blood","Incense Burner","The Courier","Shovel","Potion Belt","Snecko Eye","SsserpentHead","Paper Frog","Red Skull","Nilry\u0027s Codex","Orichalcum","Bronze Scales","Self Forming Clay","Cursed Key","Peace Pipe","Blue Candle","Kunai","Bottled Flame"],"potions_floor_usage":[29,33,45,50,54,55],"damage_taken":[{"damage":2.0,"enemies":"2 Louse","floor":1.0,"turns":3.0},{"damage":4.0,"enemies":"Small Slimes","floor":2.0,"turns":3.0},{"damage":6.0,"enemies":"Cultist","floor":3.0,"turns":3.0},{"damage":7.0,"enemies":"Lagavulin","floor":7.0,"turns":7.0},{"damage":28.0,"enemies":"3 Sentries","floor":11.0,"turns":8.0},{"damage":12.0,"enemies":"Red Slaver","floor":12.0,"turns":4.0},{"damage":29.0,"enemies":"Gremlin Nob","floor":13.0,"turns":5.0},{"damage":3.0,"enemies":"3 Louse","floor":14.0,"turns":3.0},{"damage":48.0,"enemies":"The Guardian","floor":16.0,"turns":10.0},{"damage":7.0,"enemies":"Chosen","floor":18.0,"turns":4.0},{"damage":40.0,"enemies":"3 Byrds","floor":19.0,"turns":5.0},{"damage":27,"enemies":"Snake Plant","floor":21,"turns":5},{"damage":1,"enemies":"Cultist and Chosen","floor":22,"turns":5},{"damage":1,"enemies":"Centurion and Healer","floor":24,"turns":5},{"damage":11,"enemies":"Snake Plant","floor":29,"turns":4},{"damage":3,"enemies":"Gremlin Leader","floor":31,"turns":3},{"damage":0,"enemies":"Collector","floor":33,"turns":5},{"damage":13,"enemies":"Orb Walker","floor":35,"turns":4},{"damage":6,"enemies":"3 Shapes","floor":42,"turns":2},{"damage":0,"enemies":"3 Darklings","floor":45,"turns":4},{"damage":14,"enemies":"2 Orb Walkers","floor":47,"turns":4},{"damage":5,"enemies":"Spire Growth","floor":48,"turns":4},{"damage":21,"enemies":"Awakened One","floor":50,"turns":15},{"damage":21,"enemies":"Shield and Spear","floor":54,"turns":5},{"damage":64,"enemies":"The Heart","floor":55,"turns":8}],"seed_played":"-4607004578183816928","potions_obtained":[{"floor":2.0,"key":"Weak Potion"},{"floor":3.0,"key":"EssenceOfSteel"},{"floor":8.0,"key":"Weak Potion"},{"floor":8.0,"key":"SteroidPotion"},{"floor":11.0,"key":"GamblersBrew"},{"floor":16.0,"key":"Strength Potion"},{"floor":19.0,"key":"Explosive Potion"},{"floor":22,"key":"AttackPotion"},{"floor":24,"key":"SkillPotion"},{"floor":33,"key":"Energy Potion"},{"floor":42,"key":"Dexterity Potion"},{"floor":47,"key":"Weak Potion"}],"is_trial":false,"path_per_floor":["M","M","M","?","$","R","E","?","T","R","E","M","E","M","R","B",null,"M","M","?","M","M","R","M","R","T","R","?","M","$","E","R","B",null,"M","?","?","$","?","$","R","M","T","R","M","R","?","M","R","B",null,"R","$","E","B",null],"character_chosen":"IRONCLAD","items_purchased":["Corruption","True Grit","Apotheosis","Orichalcum","Bronze Scales","Kunai","Regen Potion"],"campfire_rested":2,"item_purchase_floors":[5,30,30,30,30,53,53],"current_hp_per_floor":[76,78,78,78,78,78,77,77,77,77,55,49,26,29,53,11,63,62,28,28,7,12,36,41,41,41,41,25,20,20,23,23,29,67,60,60,60,60,60,60,60,60,60,60,66,66,58,59,59,44,68,68,68,67,9],"gold":26,"neow_bonus":"TRANSFORM_CARD","is_prod":false,"is_daily":false,"chose_seed":false,"campfire_upgraded":6,"win_rate":0,"timestamp":1564122774,"path_taken":["M","M","M","?","$","R","E","?","T","R","E","M","E","M","R","BOSS","M","M","?","M","M","R","?","R","T","R","?","M","$","E","R","BOSS","M","?","?","$","?","$","R","M","T","R","M","R","?","M","R","BOSS","R","$","E","BOSS"],"build_version":"2019-07-18","purchased_purges":4,"victory":true,"max_hp_per_floor":[80,80,80,80,80,80,80,80,80,80,80,80,80,80,80,80,80,80,80,80,80,80,80,80,80,80,80,80,80,80,80,80,80,80,80,76,76,76,76,76,76,76,76,76,76,76,76,76,76,76,76,76,76,76,76],"card_choices":[{"not_picked":["Thunderclap","Armaments"],"picked":"Rampage","floor":1.0},{"not_picked":["Perfected Strike","Clothesline"],"picked":"Headbutt","floor":2.0},{"not_picked":["Heavy Blade","Body Slam"],"picked":"Feel No Pain","floor":3.0},{"not_picked":["Armaments","Blood for Blood"],"picked":"Exhume","floor":7.0},{"not_picked":["Intimidate","Disarm"],"picked":"Headbutt","floor":11.0},{"not_picked":["Thunderclap","Heavy Blade","Iron Wave"],"picked":"SKIP","floor":12.0},{"not_picked":["Evolve","Brutality"],"picked":"Cleave","floor":13.0},{"not_picked":["Thunderclap","Carnage"],"picked":"Shrug It Off","floor":14.0},{"not_picked":["Impervious","Demon Form"],"picked":"Juggernaut","floor":16.0},{"not_picked":["Thunderclap","Twin Strike+1"],"picked":"Clothesline","floor":18.0},{"not_picked":["Wild Strike","Entrench+1"],"picked":"Shrug It Off","floor":19.0},{"not_picked":["Reckless Charge","Rage"],"picked":"Battle Trance","floor":21},{"not_picked":["Burning Pact","Headbutt"],"picked":"Shockwave+1","floor":22},{"not_picked":["Clash","Thunderclap+1","Berserk"],"picked":"SKIP","floor":24},{"not_picked":["Pommel Strike","Iron Wave+1"],"picked":"Uppercut","floor":29},{"not_picked":["Flex","Searing Blow"],"picked":"Whirlwind","floor":31},{"not_picked":["Barricade","Bludgeon"],"picked":"Dark Embrace","floor":33},{"not_picked":["Flex","Thunderclap"],"picked":"Power Through","floor":35},{"not_picked":["Carnage","Headbutt+1"],"picked":"Flame Barrier","floor":42},{"not_picked":["Wild Strike","Clothesline"],"picked":"True Grit","floor":45},{"not_picked":["Inflame","Spot Weakness"],"picked":"Second Wind+1","floor":47},{"not_picked":["Hemokinesis+1","Pommel Strike+1"],"picked":"Disarm","floor":48},{"not_picked":["Wild Strike","Sever Soul+1","Spot Weakness"],"picked":"SKIP","floor":54}],"player_experience":189561,"relics_obtained":[{"floor":7.0,"key":"Incense Burner"},{"floor":9.0,"key":"The Courier"},{"floor":11.0,"key":"Shovel"},{"floor":13.0,"key":"Potion Belt"},{"floor":26,"key":"Paper Frog"},{"floor":27,"key":"Red Skull"},{"floor":28,"key":"Nilry\u0027s Codex"},{"floor":31,"key":"Self Forming Clay"},{"floor":47,"key":"Peace Pipe"},{"floor":52,"key":"Blue Candle"},{"floor":54,"key":"Bottled Flame"}],"event_choices":[{"damage_healed":0.0,"max_hp_gain":0.0,"max_hp_loss":0.0,"gold_gain":175.0,"event_name":"Liars Game","player_choice":"AGREE","floor":4.0,"gold_loss":0.0,"damage_taken":0.0,"cards_obtained":["Doubt"]},{"damage_healed":0.0,"max_hp_gain":0.0,"max_hp_loss":0.0,"gold_gain":0.0,"event_name":"Lab","player_choice":"Got Potions","floor":8.0,"gold_loss":0.0,"damage_taken":0.0},{"damage_healed":0,"gold_gain":0,"player_choice":"Trade","damage_taken":0,"relics_obtained":["SsserpentHead"],"max_hp_gain":0,"max_hp_loss":0,"event_name":"FaceTrader","floor":20,"gold_loss":0},{"damage_healed":0,"gold_gain":0,"player_choice":"Obtained Book","damage_taken":16,"max_hp_gain":0,"max_hp_loss":0,"event_name":"Cursed Tome","floor":28,"gold_loss":0},{"damage_healed":0,"gold_gain":0,"player_choice":"Max HP","damage_taken":0,"max_hp_gain":0,"max_hp_loss":4,"event_name":"Winding Halls","floor":36,"gold_loss":0},{"cards_removed":["Headbutt"],"damage_healed":0,"gold_gain":0,"player_choice":"Removed Attack","damage_taken":0,"max_hp_gain":0,"max_hp_loss":0,"event_name":"Falling","floor":37,"gold_loss":0},{"damage_healed":0,"gold_gain":0,"player_choice":"Memory 1","damage_taken":0,"max_hp_gain":0,"max_hp_loss":0,"event_name":"SensoryStone","floor":39,"gold_loss":0},{"damage_healed":0,"gold_gain":0,"player_choice":"Fight","damage_taken":0,"max_hp_gain":0,"max_hp_loss":0,"event_name":"Mysterious Sphere","floor":47,"gold_loss":0}],"is_beta":true,"boss_relics":[{"not_picked":["Coffee Dripper","Pandora\u0027s Box"],"picked":"Snecko Eye"},{"not_picked":["Empty Cage","Velvet Choker"],"picked":"Cursed Key"}],"items_purged_floors":[5,30,38,40],"is_endless":false,"potions_floor_spawned":[2,3,11,16,19,22,24,33,42,47,48],"ascension_level":11}