{"gold_per_floor":[114,130,149,160,171,171,205,205,205,45,79,96,96,127,127,229,229,247,45,45,61,73,73,0,0,0,0,10,22,40,40,40,40],"floor_reached":33,"playtime":1158,"items_purged":[],"score":282,"play_id":"e49adf3b-4db3-4134-9944-dacfb11c4eda","local_time":"20190717130744","is_ascension_mode":true,"campfire_choices":[{"data":"Neutralize","floor":6,"key":"SMITH"},{"data":"Glass Knife","floor":8,"key":"SMITH"},{"floor":13,"key":"REST"},{"floor":15,"key":"REST"},{"floor":23,"key":"REST"},{"floor":25,"key":"REST"},{"floor":32,"key":"REST"}],"neow_cost":"NONE","seed_source_timestamp":520404974906253,"circlet_count":0,"master_deck":["Strike_G","Strike_G","Strike_G","Strike_G","Strike_G","Defend_G","Defend_G","Defend_G","Defend_G","Defend_G","Survivor","Neutralize+1","Dash","Poisoned Stab","Poisoned Stab","Escape Plan","Blur","Glass Knife+1","Caltrops","Blur","Caltrops","Infinite Blades","Tactician","A Thousand Cuts","Blade Dance","Underhanded Strike","Acrobatics","Prepared","Acrobatics","A Thousand Cuts","Deadly Poison+1"],"relics":["Ring of the Snake","NeowsBlessing","Gremlin Horn","WingedGreaves","StoneCalendar","WristBlade","Regal Pillow","Ginger","Sundial","Nloth\u0027s Gift"],"potions_floor_usage":[7,7,16,28,29,29,30],"damage_taken":[{"damage":0,"enemies":"Jaw Worm","floor":1,"turns":1},{"damage":0,"enemies":"Small Slimes","floor":2,"turns":1},{"damage":0,"enemies":"Cultist","floor":3,"turns":1},{"damage":2,"enemies":"3 Louse","floor":4,"turns":4},{"damage":5,"enemies":"Looter","floor":5,"turns":3},{"damage":13,"enemies":"Gremlin Nob","floor":7,"turns":6},{"damage":4,"enemies":"3 Sentries","floor":11,"turns":9},{"damage":13,"enemies":"Gremlin Gang","floor":12,"turns":4},{"damage":16,"enemies":"Gremlin Nob","floor":14,"turns":4},{"damage":6,"enemies":"Slime Boss","floor":16,"turns":7},{"damage":10,"enemies":"Shell Parasite","floor":18,"turns":6},{"damage":5,"enemies":"Chosen","floor":21,"turns":4},{"damage":42,"enemies":"Sentry and Sphere","floor":22,"turns":6},{"damage":10,"enemies":"Centurion and Healer","floor":28,"turns":6},{"damage":14,"enemies":"Snake Plant","floor":29,"turns":4},{"damage":29,"enemies":"3 Cultists","floor":30,"turns":5},{"damage":45,"enemies":"Collector","floor":33,"turns":5}],"seed_played":"-8826700549220731734","potions_obtained":[{"floor":2,"key":"EssenceOfSteel"},{"floor":3,"key":"GhostInAJar"},{"floor":5,"key":"GhostInAJar"},{"floor":12,"key":"GamblersBrew"},{"floor":14,"key":"SteroidPotion"},{"floor":18,"key":"Poison Potion"},{"floor":28,"key":"Fire Potion"}],"is_trial":false,"path_per_floor":["M","M","M","M","M","R","E","R","T","$","E","M","R","E","R","B",null,"M","$","?","M","M","R","?","R","T","?","M","M","M","$","R","B"],"character_chosen":"THE_SILENT","items_purchased":["Caltrops","Blur","Regal Pillow","Underhanded Strike"],"campfire_rested":5,"item_purchase_floors":[10,10,19,19],"current_hp_per_floor":[70,70,70,68,63,63,50,50,50,50,46,33,54,38,59,53,70,60,60,60,55,13,49,49,70,70,70,60,46,17,17,53,8],"gold":40,"neow_bonus":"THREE_ENEMY_KILL","is_prod":false,"is_daily":false,"chose_seed":false,"campfire_upgraded":2,"win_rate":0,"timestamp":1563386864,"path_taken":["M","M","M","M","M","R","E","R","T","$","E","M","R","E","R","BOSS","M","$","?","M","M","R","?","R","T","?","?","M","M","$","R","BOSS"],"build_version":"2019-07-05","purchased_purges":0,"victory":false,"max_hp_per_floor":[70,70,70,70,70,70,70,70,70,70,70,70,70,70,70,70,70,70,70,70,70,70,70,70,70,70,70,70,70,70,70,70,70],"card_choices":[{"not_picked":["Bane","Deflect"],"picked":"Dash","floor":1},{"not_picked":["Skewer","Blade Dance"],"picked":"Poisoned Stab","floor":2},{"not_picked":["Quick Slash","Blur"],"picked":"Poisoned Stab","floor":3},{"not_picked":["Skewer","Blade Dance"],"picked":"Escape Plan","floor":4},{"not_picked":["Riddle With Holes","Escape Plan"],"picked":"Blur","floor":5},{"not_picked":["Bane","Dodge and Roll"],"picked":"Glass Knife","floor":7},{"not_picked":["Sucker Punch","Dagger Spray"],"picked":"Caltrops","floor":11},{"not_picked":["Sucker Punch","Deflect"],"picked":"Infinite Blades","floor":12},{"not_picked":["Acrobatics","Caltrops"],"picked":"Tactician","floor":14},{"not_picked":["Malaise","Phantasmal Killer"],"picked":"A Thousand Cuts","floor":16},{"not_picked":["Poisoned Stab+1","Footwork"],"picked":"Blade Dance","floor":18},{"not_picked":["Poisoned Stab+1","Flying Knee"],"picked":"Acrobatics","floor":21},{"not_picked":["Calculated Gamble","Backflip+1"],"picked":"Prepared","floor":22},{"not_picked":["Flying Knee","Outmaneuver"],"picked":"Acrobatics","floor":28},{"not_picked":["Poisoned Stab","Choke"],"picked":"A Thousand Cuts","floor":29},{"not_picked":["Flying Knee","Terror"],"picked":"Deadly Poison+1","floor":30}],"player_experience":105682,"relics_obtained":[{"floor":7,"key":"Gremlin Horn"},{"floor":9,"key":"WingedGreaves"},{"floor":11,"key":"StoneCalendar"},{"floor":14,"key":"Letter Opener"},{"floor":26,"key":"Sundial"}],"event_choices":[{"damage_healed":0,"gold_gain":0,"player_choice":"Opened","damage_taken":0,"relics_obtained":["Ginger"],"max_hp_gain":0,"max_hp_loss":0,"event_name":"The Mausoleum","floor":20,"gold_loss":0},{"damage_healed":0,"gold_gain":0,"player_choice":"Paid Fearfully","damage_taken":0,"max_hp_gain":0,"max_hp_loss":0,"event_name":"Masked Bandits","floor":24,"gold_loss":73},{"damage_healed":0,"gold_gain":0,"player_choice":"Traded Relic","damage_taken":0,"relics_obtained":["Nloth\u0027s Gift"],"max_hp_gain":0,"max_hp_loss":0,"event_name":"N\u0027loth","floor":27,"relics_lost":["Letter Opener"],"gold_loss":0}],"is_beta":false,"boss_relics":[{"not_picked":["Eternal Feather","Runic Pyramid"],"picked":"WristBlade"}],"items_purged_floors":[],"is_endless":false,"potions_floor_spawned":[2,3,5,12,14,18,28],"killed_by":"Collector","ascension_level":1}