{"path_per_floor":["M","M","M","?","?","R","?","R","T","R","E","$","M","M","R","B",null,"M","?","M","?","M","R","E","$","T","R","E","R","M","$","R","B",null,"M","?","M","?","M","R","?","R","T","R","$","M","E","M","R","B"],"character_chosen":"THE_SILENT","items_purchased":["Oddly Smooth Stone","Footwork","Accuracy","Blade Dance","Well Laid Plans"],"gold_per_floor":[112,125,144,94,194,194,194,194,270,270,298,74,88,101,101,176,176,196,196,206,206,216,216,251,106,131,131,158,158,168,0,0,77,77,92,92,111,111,127,127,178,178,201,201,4,22,54,66,66,66],"floor_reached":51,"campfire_rested":3,"playtime":3773,"current_hp_per_floor":[63,63,59,59,59,59,45,45,45,66,54,54,52,51,51,47,64,59,59,55,55,55,55,55,55,55,55,52,52,52,52,52,7,54,36,36,36,27,27,27,27,48,48,48,48,44,44,44,65,30],"items_purged":["Eviscerate","Bane","Caltrops"],"gold":66,"score":1176,"play_id":"4bd41fe9-03a9-4f00-986a-3ee7861fd44e","local_time":"20180330155447","is_prod":false,"is_daily":false,"is_ascension_mode":true,"campfire_upgraded":9,"timestamp":1522418087,"path_taken":["M","M","M","?","?","R","?","R","T","R","E","$","M","M","R","BOSS","M","?","M","?","M","R","E","$","T","R","E","R","M","$","R","BOSS","M","?","M","?","?","R","?","R","T","R","$","M","E","M","R","BOSS"],"build_version":"2018-03-29v2","purchased_purges":4,"victory":true,"master_deck":["Survivor+1","Neutralize+1","AscendersBane","Cloak And Dagger+1","Footwork+1","Cloak And Dagger+1","Burst+1","Masterful Stab+1","Flying Knee","Quick Slash","Outmaneuver","Quick Slash","Deflect","Backflip","Storm of Steel+1","Accuracy+1","Acrobatics","Blade Dance+1","After Image","Acrobatics+1","Madness","Madness","Accuracy","Well Laid Plans","Calculated Gamble"],"max_hp_per_floor":[70,70,70,70,70,70,70,70,70,70,70,70,70,70,70,70,70,70,70,70,70,70,70,70,70,70,70,70,70,70,70,70,70,70,70,70,70,70,70,70,70,70,70,70,70,70,70,70,70,70],"relics":["Ring of the Snake","Tough Bandages","Ancient Tea Set","Oddly Smooth Stone","Pandora\u0027s Box","Ninja Scroll","Kunai","Whetstone","Bottled Flame","Sozu","Ginger","Bag of Marbles","Juzu Bracelet"],"card_choices":[{"not_picked":["Acrobatics","Accuracy"],"picked":"Caltrops","floor":1.0},{"not_picked":["Venomology","Poisoned Stab"],"picked":"Cloak And Dagger","floor":11.0},{"not_picked":["Cloak And Dagger","Backflip"],"picked":"Dagger Throw","floor":13},{"not_picked":["Quick Slash","Distraction"],"picked":"Cloak And Dagger","floor":14},{"not_picked":["Night Terror","Venomology"],"picked":"Burst","floor":16},{"not_picked":["Sucker Punch","Underhanded Strike"],"picked":"Backflip","floor":20},{"not_picked":["Dodge and Roll","Bane"],"picked":"Storm of Steel","floor":24},{"not_picked":["Envenom","Dagger Throw"],"picked":"Acrobatics","floor":30},{"not_picked":["Phantasmal Killer","A Thousand Cuts"],"picked":"After Image","floor":33},{"not_picked":["Slice","Outmaneuver"],"picked":"Acrobatics","floor":35},{"not_picked":["Concentrate","Deflect"],"picked":"Accuracy","floor":39},{"not_picked":["Endless Agony","PiercingWail"],"picked":"Calculated Gamble","floor":46}],"player_experience":477263,"potions_floor_usage":[16,16,20,22,33],"damage_taken":[{"damage":0.0,"enemies":"Jaw Worm","floor":1.0,"turns":7.0},{"damage":0.0,"enemies":"2 Louse","floor":2.0,"turns":4.0},{"damage":4.0,"enemies":"Cultist","floor":3.0,"turns":6.0},{"damage":12.0,"enemies":"3 Sentries","floor":11.0,"turns":11.0},{"damage":2,"enemies":"3 Louse","floor":13,"turns":4},{"damage":1,"enemies":"Large Slime","floor":14,"turns":8},{"damage":4,"enemies":"Slime Boss","floor":16,"turns":16},{"damage":5,"enemies":"Spheric Guardian","floor":18,"turns":5},{"damage":4,"enemies":"Shell Parasite","floor":20,"turns":5},{"damage":0,"enemies":"Snake Plant","floor":22,"turns":6},{"damage":0,"enemies":"Slavers","floor":24,"turns":7},{"damage":3,"enemies":"Book of Stabbing","floor":28,"turns":4},{"damage":0,"enemies":"Centurion and Healer","floor":30,"turns":5},{"damage":45,"enemies":"Automaton","floor":33,"turns":9},{"damage":18,"enemies":"3 Darklings","floor":35,"turns":6},{"damage":0,"enemies":"3 Shapes","floor":37,"turns":3},{"damage":0,"enemies":"Maw","floor":39,"turns":6},{"damage":0,"enemies":"Mysterious Sphere","floor":41,"turns":6},{"damage":4,"enemies":"4 Shapes","floor":46,"turns":4},{"damage":0,"enemies":"Giant Head","floor":47,"turns":6},{"damage":0,"enemies":"3 Darklings","floor":48,"turns":4},{"damage":35,"enemies":"Awakened One","floor":50,"turns":16}],"event_choices":[{"event_name":"The Cleric","player_choice":"Card Removal","floor":4.0,"damage_taken":0.0},{"event_name":"Golden Shrine","player_choice":"Pray","floor":5.0,"damage_taken":0.0},{"event_name":"Shining Light","player_choice":"Entered Light","floor":7.0,"damage_taken":0.0},{"event_name":"Vampires","player_choice":"Ignored","floor":19,"damage_taken":0},{"event_name":"The Mausoleum","player_choice":"Yes","floor":21,"damage_taken":0},{"event_name":"Winding Halls","player_choice":"Embrace Madness","floor":38,"damage_taken":0},{"event_name":"Mysterious Sphere","player_choice":"Fight","floor":41,"damage_taken":0}],"boss_relics":[{"not_picked":["Black Star","Calling Bell"],"picked":"Pandora\u0027s Box"},{"not_picked":["Runic Dome","Snecko Eye"],"picked":"Sozu"}],"potions_floor_spawned":[2,3,11,14,20,30,37,41,46],"seed_played":"-7569551609623535885","ascension_level":13,"is_trial":false}