{"gold_per_floor":[112,37,37,50,50,84,84,101,101,111,129,144,144,13,13,85,85,85,85,85,85,85,85,23,23,23,23,23,23,23,23,23,23,23,23,23,23,23,23,23,23,23],"floor_reached":42,"playtime":1951,"items_purged":[],"score":782,"play_id":"0849f069-239b-486d-8598-733fb3cd7fba","local_time":"20190113113133","is_ascension_mode":true,"campfire_choices":[{"data":"Zap","floor":7.0,"key":"SMITH"},{"data":"Loop","floor":13.0,"key":"SMITH"},{"data":"Echo Form","floor":15.0,"key":"SMITH"},{"floor":23.0,"key":"REST"},{"data":"Heatsinks","floor":25.0,"key":"SMITH"},{"data":"Coolheaded","floor":28.0,"key":"SMITH"},{"data":"Consume","floor":32.0,"key":"SMITH"},{"data":"Recycle","floor":41.0,"key":"SMITH"}],"neow_cost":"NONE","seed_source_timestamp":499211031470605,"circlet_count":0,"master_deck":["AscendersBane","Zap+1","Dualcast","Loop+1","Static Discharge","Undo","Coolheaded+1","Force Field","Genetic Algorithm","Glacier","Echo Form+1","Conserve Battery","Electrodynamics","Consume+1","Heatsinks+1","Amplify","Blizzard","Lockon","Cold Snap","White Noise","Flash of Steel","Recycle+1"],"special_seed":0,"relics":["Cracked Core","NeowsBlessing","The Courier","Shuriken","Ectoplasm","Potion Belt","Pandora\u0027s Box","Centennial Puzzle","Ginger"],"potions_floor_usage":[],"damage_taken":[{"damage":0.0,"enemies":"Cultist","floor":1.0,"turns":1.0},{"damage":0.0,"enemies":"Jaw Worm","floor":4.0,"turns":1.0},{"damage":0.0,"enemies":"Gremlin Nob","floor":6.0,"turns":1.0},{"damage":0.0,"enemies":"2 Louse","floor":8.0,"turns":3.0},{"damage":5.0,"enemies":"Looter","floor":10.0,"turns":4.0},{"damage":5.0,"enemies":"2 Fungi Beasts","floor":11.0,"turns":4.0},{"damage":1.0,"enemies":"Blue Slaver","floor":12.0,"turns":5.0},{"damage":39.0,"enemies":"Slime Boss","floor":16.0,"turns":9.0},{"damage":11.0,"enemies":"Shell Parasite","floor":18.0,"turns":8.0},{"damage":3.0,"enemies":"3 Byrds","floor":19.0,"turns":1.0},{"damage":14.0,"enemies":"Centurion and Healer","floor":27.0,"turns":11.0},{"damage":3.0,"enemies":"Shelled Parasite and Fungi","floor":31.0,"turns":10.0},{"damage":3.0,"enemies":"Automaton","floor":33.0,"turns":19.0},{"damage":0.0,"enemies":"3 Shapes","floor":35.0,"turns":4.0},{"damage":15.0,"enemies":"Giant Head","floor":40.0,"turns":11.0},{"damage":64,"enemies":"Reptomancer","floor":42,"turns":2}],"seed_played":"7132656342455544022","potions_obtained":[{"floor":1.0,"key":"Regen Potion"},{"floor":6.0,"key":"FocusPotion"},{"floor":16.0,"key":"PowerPotion"},{"floor":27.0,"key":"Strength Potion"},{"floor":31.0,"key":"Fire Potion"}],"is_trial":false,"path_per_floor":["M","?","$","M","?","E","R","M","T","M","M","M","R","$","R","B",null,"M","M","?","?","?","R","$","R","T","M","R","?","$","M","R","B",null,"M","?","T","?","?","E","R","E"],"character_chosen":"DEFECT","items_purchased":["Echo Form","Heatsinks"],"campfire_rested":1,"item_purchase_floors":[14,24],"current_hp_per_floor":[64,64,64,64,64,64,64,64,64,59,54,53,53,53,53,14,57,46,43,23,23,23,45,45,45,45,31,31,31,31,28,28,25,63,63,63,63,63,63,48,48,0],"gold":23,"neow_bonus":"THREE_ENEMY_KILL","is_prod":false,"is_daily":false,"chose_seed":false,"campfire_upgraded":7,"win_rate":0,"timestamp":1547375493,"path_taken":["M","?","$","M","?","E","R","M","T","?","M","M","R","?","R","BOSS","M","M","?","?","?","R","$","R","T","M","R","?","$","M","R","BOSS","M","?","?","?","?","E","R","E"],"build_version":"2019-01-10","purchased_purges":0,"victory":false,"max_hp_per_floor":[71,71,71,71,71,71,71,71,71,71,71,71,71,71,71,71,71,71,71,76,76,76,76,76,76,76,76,76,76,76,76,76,76,76,76,76,76,76,72,72,72,72],"card_choices":[{"not_picked":["Rebound","Cold Snap"],"picked":"Loop","floor":1.0},{"not_picked":["Gash","Leap"],"picked":"Static Discharge","floor":4.0},{"not_picked":["Stack","Fusion"],"picked":"Undo","floor":6.0},{"not_picked":["Leap","Fusion"],"picked":"Coolheaded","floor":8.0},{"not_picked":["Turbo","Auto Shields"],"picked":"Force Field","floor":10.0},{"not_picked":["Genetic Algorithm","Skim","Beam Cell"],"picked":"SKIP","floor":11.0},{"not_picked":["Skim","Beam Cell"],"picked":"Genetic Algorithm","floor":11.0},{"not_picked":["Sweeping Beam","Double Energy"],"picked":"Glacier","floor":12.0},{"not_picked":["Rainbow","Hyperbeam"],"picked":"Electrodynamics","floor":16.0},{"not_picked":["Barrage","Rebound"],"picked":"Conserve Battery","floor":18.0},{"not_picked":["Cold Snap","Steam","Streamline"],"picked":"SKIP","floor":19.0},{"not_picked":["Chaos","Beam Cell","Cold Snap"],"picked":"SKIP","floor":27.0},{"not_picked":["Stack","Rip and Tear","Hologram"],"picked":"SKIP","floor":31.0},{"not_picked":["Thunder Strike","Biased Cognition"],"picked":"Amplify","floor":33.0},{"not_picked":["Cold Snap","Fusion"],"picked":"White Noise","floor":35.0},{"not_picked":["Good Instincts","Discovery"],"picked":"Flash of Steel","floor":38.0},{"not_picked":["Reboot","Stack+1"],"picked":"Recycle","floor":40.0}],"player_experience":718730,"relics_obtained":[{"floor":6.0,"key":"The Courier"},{"floor":9.0,"key":"Shuriken"},{"floor":26.0,"key":"Potion Belt"},{"floor":37.0,"key":"Centennial Puzzle"},{"floor":40.0,"key":"Ginger"}],"event_choices":[{"cards_removed":["Strike_B"],"damage_healed":0.0,"max_hp_gain":0.0,"max_hp_loss":0.0,"gold_gain":0.0,"event_name":"The Cleric","player_choice":"Card Removal","floor":2.0,"gold_loss":75.0,"damage_taken":0.0},{"cards_removed":["Strike_B"],"damage_healed":0.0,"max_hp_gain":0.0,"max_hp_loss":0.0,"gold_gain":0.0,"event_name":"Bonfire Elementals","player_choice":"Offered Basic","floor":5.0,"gold_loss":0.0,"damage_taken":0.0},{"damage_healed":0.0,"max_hp_gain":5.0,"max_hp_loss":0.0,"gold_gain":0.0,"event_name":"Forgotten Altar","player_choice":"Shed Blood","floor":20.0,"gold_loss":0.0,"damage_taken":25.0},{"damage_healed":0.0,"max_hp_gain":0.0,"max_hp_loss":0.0,"gold_gain":50.0,"event_name":"Nest","player_choice":"Stole From Cult","floor":21.0,"gold_loss":0.0,"damage_taken":0.0},{"damage_healed":0.0,"max_hp_gain":0.0,"max_hp_loss":0.0,"gold_gain":0.0,"cards_transformed":["Strike_B","Defend_B"],"event_name":"Drug Dealer","player_choice":"Became Test Subject","floor":22.0,"gold_loss":0.0,"damage_taken":0.0,"cards_obtained":["Electrodynamics","Consume"]},{"cards_removed":["Electrodynamics"],"damage_healed":0.0,"max_hp_gain":0.0,"max_hp_loss":0.0,"gold_gain":0.0,"event_name":"Back to Basics","player_choice":"Elegance","floor":29.0,"gold_loss":0.0,"damage_taken":0.0},{"cards_removed":["Sunder"],"damage_healed":0.0,"max_hp_gain":0.0,"max_hp_loss":0.0,"gold_gain":0.0,"event_name":"Falling","player_choice":"Removed Attack","floor":36.0,"gold_loss":0.0,"damage_taken":0.0},{"damage_healed":0.0,"max_hp_gain":0.0,"max_hp_loss":0.0,"gold_gain":0.0,"event_name":"SensoryStone","player_choice":"Memory 1","floor":38.0,"gold_loss":0.0,"damage_taken":0.0},{"damage_healed":0.0,"max_hp_gain":0.0,"max_hp_loss":4.0,"gold_gain":0.0,"event_name":"Winding Halls","player_choice":"Max HP","floor":39.0,"gold_loss":0.0,"damage_taken":0.0}],"is_beta":false,"boss_relics":[{"not_picked":["Orrery","Lizard Tail"],"picked":"Ectoplasm"},{"not_picked":["White Beast Statue","Velvet Choker"],"picked":"Pandora\u0027s Box"}],"items_purged_floors":[],"is_endless":false,"potions_floor_spawned":[1,6,11,16,27,31],"killed_by":"Reptomancer","ascension_level":15}