{"gold_per_floor":[118,43,55,67,86,86,119,44,68,68,126,145,45,45,45,45],"floor_reached":16,"playtime":538,"items_purged":["Strike_B","Strike_B"],"score":200,"play_id":"8301817d-4e48-4e87-aa4a-98082b63570d","local_time":"20190727154319","is_ascension_mode":true,"campfire_choices":[{"data":"Zap","floor":6.0,"key":"SMITH"},{"floor":10.0,"key":"REST"},{"floor":15,"key":"REST"}],"neow_cost":"NONE","seed_source_timestamp":503667403078466,"circlet_count":0,"master_deck":["AscendersBane","Strike_B","Strike_B","Defend_B","Defend_B","Defend_B","Defend_B","Zap+1","Dualcast","Doom and Gloom","Capacitor","Barrage","Go for the Eyes","Coolheaded","Turbo","Darkness","Cold Snap"],"special_seed":0,"relics":["Cracked Core","Juzu Bracelet","Pen Nib","Centennial Puzzle"],"potions_floor_usage":[11,16,16],"damage_taken":[{"damage":9.0,"enemies":"Jaw Worm","floor":1.0,"turns":4.0},{"damage":2.0,"enemies":"Cultist","floor":3.0,"turns":4.0},{"damage":9.0,"enemies":"Small Slimes","floor":4.0,"turns":2.0},{"damage":11.0,"enemies":"Blue Slaver","floor":5.0,"turns":4.0},{"damage":21.0,"enemies":"Lagavulin","floor":7.0,"turns":7.0},{"damage":23,"enemies":"3 Sentries","floor":11,"turns":6},{"damage":10,"enemies":"Exordium Thugs","floor":12,"turns":2},{"damage":32,"enemies":"Hexaghost","floor":16,"turns":10}],"seed_played":"-2213192055482168885","potions_obtained":[{"floor":4.0,"key":"Dexterity Potion"},{"floor":5.0,"key":"Swift Potion"},{"floor":12,"key":"Dexterity Potion"},{"floor":14,"key":"SneckoOil"}],"is_trial":false,"path_per_floor":["M","$","M","M","M","R","E","$","T","R","?","M","$","?","R","B"],"character_chosen":"DEFECT","items_purchased":["Capacitor"],"campfire_rested":2,"item_purchase_floors":[2],"current_hp_per_floor":[62,62,60,51,40,40,19,19,19,42,19,9,9,9,32,0],"gold":45,"neow_bonus":"TEN_PERCENT_HP_BONUS","is_prod":false,"is_daily":false,"chose_seed":false,"campfire_upgraded":1,"win_rate":0,"timestamp":1564209799,"path_taken":["M","$","M","M","M","R","E","$","T","R","?","M","$","?","R","BOSS"],"build_version":"2019-07-17","purchased_purges":2,"victory":false,"max_hp_per_floor":[78,78,78,78,78,78,78,78,78,78,78,78,78,78,78,78],"card_choices":[{"not_picked":["Cold Snap","Loop"],"picked":"Doom and Gloom","floor":1.0},{"not_picked":["Go for the Eyes","Steam"],"picked":"Barrage","floor":3.0},{"not_picked":["Compile Driver","Capacitor"],"picked":"Go for the Eyes","floor":4.0},{"not_picked":["Redo","Cold Snap"],"picked":"Coolheaded","floor":5.0},{"not_picked":["Thunder Strike","Barrage"],"picked":"Turbo","floor":7.0},{"not_picked":["Cold Snap","Gash"],"picked":"Darkness","floor":11},{"not_picked":["Leap","Turbo"],"picked":"Cold Snap","floor":12}],"player_experience":1031882,"relics_obtained":[{"floor":7.0,"key":"Juzu Bracelet"},{"floor":9.0,"key":"Pen Nib"},{"floor":11,"key":"Centennial Puzzle"}],"event_choices":[{"damage_healed":0,"gold_gain":0,"player_choice":"Searched \u00271\u0027 times","damage_taken":0,"max_hp_gain":0,"max_hp_loss":0,"event_name":"Dead Adventurer","floor":11,"gold_loss":0},{"damage_healed":0,"gold_gain":0,"player_choice":"Got Potions","damage_taken":0,"max_hp_gain":0,"max_hp_loss":0,"event_name":"Lab","floor":14,"gold_loss":0}],"is_beta":false,"boss_relics":[],"items_purged_floors":[8,13],"is_endless":false,"potions_floor_spawned":[4,5,12],"killed_by":"Hexaghost","ascension_level":20}