{"gold_per_floor":[119,136,236,255,255,287,287,305,305,305,370,380,405,81,81,81],"floor_reached":16,"playtime":693,"items_purged":["Perfected Strike"],"score":149,"play_id":"ff7bcecb-2111-4e23-a8cf-caa3f4a035cd","local_time":"20190721233711","is_ascension_mode":true,"campfire_choices":[{"data":"Searing Blow","floor":7,"key":"SMITH"},{"floor":10,"key":"REST"},{"data":"Searing Blow+1","floor":15,"key":"SMITH"}],"neow_cost":"NONE","seed_source_timestamp":359223365475193,"circlet_count":0,"master_deck":["Strike_R","Strike_R","Strike_R","Strike_R","Strike_R","Defend_R","Defend_R","Defend_R","Defend_R","Bash+1","Searing Blow+2","Headbutt","Headbutt","Iron Wave","Immolate"],"relics":["Burning Blood","Bottled Flame","Prayer Wheel","Bird Faced Urn","Molten Egg 2","Pantograph"],"potions_floor_usage":[13,13,16],"damage_taken":[{"damage":1,"enemies":"Cultist","floor":1,"turns":3},{"damage":5,"enemies":"Small Slimes","floor":2,"turns":3},{"damage":0,"enemies":"2 Louse","floor":4,"turns":2},{"damage":45,"enemies":"3 Sentries","floor":6,"turns":9},{"damage":22,"enemies":"Looter","floor":8,"turns":3},{"damage":40,"enemies":"Lagavulin Event","floor":11,"turns":5},{"damage":14,"enemies":"3 Louse","floor":12,"turns":3},{"damage":8,"enemies":"Gremlin Nob","floor":13,"turns":3},{"damage":51,"enemies":"The Guardian","floor":16,"turns":10}],"seed_played":"-1385740719703261418","potions_obtained":[{"floor":4,"key":"GamblersBrew"},{"floor":11,"key":"FearPotion"},{"floor":12,"key":"BloodPotion"},{"floor":13,"key":"Weak Potion"}],"is_trial":false,"path_per_floor":["M","M","?","M","?","E","R","M","T","R","?","M","E","$","R","B"],"character_chosen":"IRONCLAD","items_purchased":["Pantograph"],"campfire_rested":1,"item_purchase_floors":[14],"current_hp_per_floor":[77,78,78,80,80,41,41,25,25,49,15,7,25,25,25,0],"gold":81,"neow_bonus":"UPGRADE_CARD","is_prod":false,"is_daily":false,"chose_seed":false,"campfire_upgraded":2,"win_rate":0,"timestamp":1563777431,"path_taken":["M","M","?","?","?","E","R","M","T","R","?","M","E","$","R","BOSS"],"build_version":"2019-07-05","purchased_purges":1,"victory":false,"max_hp_per_floor":[80,80,80,80,80,80,80,80,80,80,80,80,80,80,80,80],"card_choices":[{"not_picked":["Body Slam","Second Wind","Rampage"],"picked":"SKIP","floor":1},{"not_picked":["Twin Strike","Cleave"],"picked":"Perfected Strike","floor":2},{"not_picked":["Clash","Bloodletting"],"picked":"Searing Blow","floor":4},{"not_picked":["Searing Blow","True Grit","Headbutt"],"picked":"SKIP","floor":6},{"not_picked":["Searing Blow","True Grit"],"picked":"Headbutt","floor":6},{"not_picked":["Warcry","Twin Strike"],"picked":"Headbutt","floor":8},{"not_picked":["Sword Boomerang","Perfected Strike"],"picked":"Iron Wave","floor":12},{"not_picked":["Clothesline","Burning Pact"],"picked":"Immolate","floor":12},{"not_picked":["Anger","Corruption","Whirlwind"],"picked":"SKIP","floor":13}],"player_experience":98621,"relics_obtained":[{"floor":6,"key":"Bottled Flame"},{"floor":9,"key":"Prayer Wheel"},{"floor":11,"key":"Bird Faced Urn"},{"floor":13,"key":"Molten Egg 2"}],"event_choices":[{"damage_healed":0,"gold_gain":100,"player_choice":"Pray","damage_taken":0,"max_hp_gain":0,"max_hp_loss":0,"event_name":"Golden Shrine","floor":3,"gold_loss":0},{"damage_healed":0,"gold_gain":0,"player_choice":"Ignored","damage_taken":0,"max_hp_gain":0,"max_hp_loss":0,"event_name":"Golden Idol","floor":5,"gold_loss":0},{"damage_healed":0,"gold_gain":0,"player_choice":"Searched \u00271\u0027 times","damage_taken":0,"max_hp_gain":0,"max_hp_loss":0,"event_name":"Dead Adventurer","floor":11,"gold_loss":0}],"is_beta":false,"boss_relics":[],"items_purged_floors":[14],"is_endless":false,"potions_floor_spawned":[4,11,12,13],"killed_by":"The Guardian","ascension_level":7}