{"gold_per_floor":[209,222,232,242,19,19,82,82,153,153,185,185,203,221,221,321,371,387,39,49,64,64,64,76,108,108,108,136,136,136],"floor_reached":30,"playtime":998,"items_purged":[],"score":286,"play_id":"355e7428-65d3-406d-91e7-4705b07e18e3","local_time":"20190717223558","is_ascension_mode":true,"campfire_choices":[{"data":"Noxious Fumes","floor":6,"key":"SMITH"},{"data":"Bane","floor":8,"key":"SMITH"},{"data":"Neutralize","floor":10,"key":"SMITH"},{"floor":15,"key":"REST"},{"data":"Envenom","floor":23,"key":"SMITH"},{"floor":29,"key":"REST"}],"neow_cost":"NONE","seed_source_timestamp":554663785274947,"circlet_count":0,"master_deck":["Strike_G","Strike_G","Strike_G","Strike_G","Strike_G","Defend_G","Defend_G","Defend_G","Defend_G","Defend_G","Survivor+1","Neutralize+1","Flying Knee","PiercingWail","Flying Knee","Die Die Die","Noxious Fumes+1","Bane+1","Poisoned Stab","Quick Slash+1","Infinite Blades","Envenom+1","Skewer","Deadly Poison","Crippling Poison","Bane","Catalyst","Bouncing Flask","Sucker Punch+1","Dark Shackles","Burst","PiercingWail"],"relics":["Ring of the Snake","Bronze Scales","Pen Nib","Matryoshka","Mercury Hourglass","Tiny House","Bottled Tornado","Strawberry","Dream Catcher","Juzu Bracelet","FossilizedHelix"],"potions_floor_usage":[4,21,22,30],"damage_taken":[{"damage":0,"enemies":"Cultist","floor":1,"turns":5},{"damage":0,"enemies":"Small Slimes","floor":2,"turns":3},{"damage":1,"enemies":"2 Louse","floor":3,"turns":2},{"damage":5,"enemies":"Exordium Wildlife","floor":4,"turns":6},{"damage":18,"enemies":"Gremlin Nob","floor":7,"turns":4},{"damage":16,"enemies":"Gremlin Nob","floor":11,"turns":4},{"damage":0,"enemies":"Gremlin Gang","floor":13,"turns":1},{"damage":2,"enemies":"Blue Slaver","floor":14,"turns":3},{"damage":11,"enemies":"Hexaghost","floor":16,"turns":8},{"damage":0,"enemies":"Chosen","floor":18,"turns":4},{"damage":9,"enemies":"3 Byrds","floor":20,"turns":3},{"damage":4,"enemies":"Centurion and Healer","floor":21,"turns":6},{"damage":0,"enemies":"Snecko","floor":22,"turns":3},{"damage":0,"enemies":"Chosen and Byrds","floor":24,"turns":4},{"damage":28,"enemies":"Book of Stabbing","floor":25,"turns":5},{"damage":31,"enemies":"Gremlin Leader","floor":28,"turns":5},{"damage":40,"enemies":"Slavers","floor":30,"turns":3}],"seed_played":"-8708799676991631732","potions_obtained":[{"floor":2,"key":"Fire Potion"},{"floor":4,"key":"Explosive Potion"},{"floor":16,"key":"AttackPotion"},{"floor":17,"key":"SmokeBomb"},{"floor":21,"key":"Strength Potion"},{"floor":24,"key":"SpeedPotion"}],"is_trial":false,"path_per_floor":["M","M","M","M","$","R","?","R","T","R","E","?","M","M","R","B",null,"M","$","M","M","M","R","M","E","T","?","E","R","E"],"character_chosen":"THE_SILENT","items_purchased":["Noxious Fumes","Bronze Scales","Crippling Poison","Bottled Tornado","Bane"],"campfire_rested":2,"item_purchase_floors":[5,5,19,19,19],"current_hp_per_floor":[70,70,69,64,64,64,46,46,46,46,30,30,30,28,49,38,75,75,75,66,62,62,62,62,41,41,41,10,34,0],"gold":136,"neow_bonus":"HUNDRED_GOLD","is_prod":false,"is_daily":false,"chose_seed":false,"campfire_upgraded":4,"win_rate":0,"timestamp":1563420958,"path_taken":["M","?","M","M","$","R","?","R","T","R","E","?","?","M","R","BOSS","M","$","M","?","M","R","M","E","T","?","E","R","E"],"build_version":"2019-07-17","purchased_purges":0,"victory":false,"max_hp_per_floor":[70,70,70,70,70,70,70,70,70,70,70,70,70,70,70,70,75,75,75,75,75,75,75,75,82,82,82,82,82,82],"card_choices":[{"not_picked":["Dodge and Roll","Escape Plan"],"picked":"Flying Knee","floor":1},{"not_picked":["Dodge and Roll","Acrobatics"],"picked":"PiercingWail","floor":2},{"not_picked":["Dagger Throw","Underhanded Strike"],"picked":"Flying Knee","floor":3},{"not_picked":["Slice","Blade Dance"],"picked":"Die Die Die","floor":4},{"not_picked":["Predator","Cloak And Dagger"],"picked":"Bane","floor":7},{"not_picked":["Prepared","Venomology"],"picked":"Poisoned Stab","floor":11},{"not_picked":["Tactician","Outmaneuver"],"picked":"Quick Slash","floor":13},{"not_picked":["Prepared","Quick Slash"],"picked":"Infinite Blades","floor":14},{"not_picked":["Phantasmal Killer","A Thousand Cuts"],"picked":"Envenom","floor":16},{"not_picked":["Blade Dance","Distraction"],"picked":"Skewer","floor":17},{"not_picked":["Bane","Quick Slash+1"],"picked":"Deadly Poison","floor":18},{"not_picked":["Acrobatics+1","Prepared","Flechettes"],"picked":"SKIP","floor":20},{"not_picked":["Predator","Masterful Stab+1"],"picked":"Catalyst","floor":21},{"not_picked":["Endless Agony","Distraction+1"],"picked":"Bouncing Flask","floor":24},{"not_picked":["Dagger Spray","Escape Plan"],"picked":"Sucker Punch+1","floor":25},{"not_picked":["Dagger Spray","Bane"],"picked":"Burst","floor":28},{"not_picked":["Dagger Spray","Deflect"],"picked":"PiercingWail","floor":29}],"player_experience":108133,"relics_obtained":[{"floor":9,"key":"Matryoshka"},{"floor":11,"key":"Mercury Hourglass"},{"floor":25,"key":"Strawberry"},{"floor":26,"key":"Dream Catcher"},{"floor":26,"key":"Juzu Bracelet"},{"floor":28,"key":"FossilizedHelix"}],"event_choices":[{"damage_healed":0,"gold_gain":0,"player_choice":"Searched \u00272\u0027 times","damage_taken":0,"relics_obtained":["Pen Nib"],"max_hp_gain":0,"max_hp_loss":0,"event_name":"Dead Adventurer","floor":7,"gold_loss":0},{"damage_healed":0,"gold_gain":0,"player_choice":"Grow","damage_taken":0,"max_hp_gain":0,"max_hp_loss":0,"event_name":"Living Wall","floor":12,"gold_loss":0,"cards_upgraded":["Survivor"]},{"damage_healed":0,"gold_gain":0,"player_choice":"1 cards matched","damage_taken":0,"max_hp_gain":0,"max_hp_loss":0,"event_name":"Match and Keep!","floor":27,"gold_loss":0,"cards_obtained":["Dark Shackles"]},{"damage_healed":0,"gold_gain":0,"player_choice":"1 cards matched","damage_taken":0,"max_hp_gain":0,"max_hp_loss":0,"event_name":"Match and Keep!","floor":27,"gold_loss":0,"cards_obtained":["Dark Shackles"]}],"is_beta":false,"boss_relics":[{"not_picked":["Runic Dome","White Beast Statue"],"picked":"Tiny House"}],"items_purged_floors":[],"is_endless":false,"potions_floor_spawned":[2,4,16,20,21,24],"killed_by":"Slavers","ascension_level":1}