{"gold_per_floor":[118,138,138,138,158,158,184,184,184,184],"floor_reached":10,"playtime":151,"items_purged":[],"score":76,"play_id":"96613804-ccbe-4252-8bf6-48bd07df060b","local_time":"20190702000958","is_ascension_mode":true,"campfire_choices":[{"data":"Bash","floor":6,"key":"SMITH"}],"neow_cost":"NONE","seed_source_timestamp":1579739025704296,"circlet_count":0,"master_deck":["Strike_R","Strike_R","Strike_R","Strike_R","Strike_R","Defend_R","Defend_R","Defend_R","Defend_R","Bash+1","Inflame+1"],"relics":["Burning Blood","NeowsBlessing","Du-Vu Doll","Golden Idol","Toxic Egg 2"],"potions_floor_usage":[],"damage_taken":[{"damage":0,"enemies":"Cultist","floor":1,"turns":1},{"damage":0,"enemies":"2 Louse","floor":2,"turns":1},{"damage":0,"enemies":"Small Slimes","floor":5,"turns":1},{"damage":45,"enemies":"Gremlin Nob","floor":7,"turns":5},{"damage":20,"enemies":"Lagavulin","floor":10,"turns":5}],"seed_played":"5071617238409904951","potions_obtained":[{"floor":1,"key":"SkillPotion"},{"floor":7,"key":"Swift Potion"}],"is_trial":false,"path_per_floor":["M","M","?","$","M","R","E","?","T","E"],"character_chosen":"IRONCLAD","items_purchased":[],"campfire_rested":0,"item_purchase_floors":[],"current_hp_per_floor":[80,80,80,80,80,80,41,21,21,1],"gold":184,"neow_bonus":"THREE_ENEMY_KILL","is_prod":false,"is_daily":false,"chose_seed":false,"campfire_upgraded":1,"win_rate":0,"timestamp":1562040598,"path_taken":["M","?","?","$","?","R","E","?","T","E"],"build_version":"2019-07-01","purchased_purges":0,"victory":false,"max_hp_per_floor":[80,80,80,80,80,80,80,80,80,80],"card_choices":[{"not_picked":["Intimidate","Havoc"],"picked":"Inflame","floor":1},{"not_picked":["Headbutt","Havoc","Cleave"],"picked":"SKIP","floor":2},{"not_picked":["Clothesline","Heavy Blade","Uppercut"],"picked":"SKIP","floor":5},{"not_picked":["Hemokinesis","Metallicize","Uppercut"],"picked":"SKIP","floor":7}],"player_experience":111581,"relics_obtained":[{"floor":7,"key":"Du-Vu Doll"},{"floor":9,"key":"Toxic Egg 2"}],"event_choices":[{"damage_healed":0,"gold_gain":0,"player_choice":"Forge","damage_taken":0,"max_hp_gain":0,"max_hp_loss":0,"event_name":"Accursed Blacksmith","floor":3,"gold_loss":0,"cards_upgraded":["Inflame"]},{"damage_healed":0,"gold_gain":0,"player_choice":"Take Damage","damage_taken":20,"relics_obtained":["Golden Idol"],"max_hp_gain":0,"max_hp_loss":0,"event_name":"Golden Idol","floor":8,"gold_loss":0}],"is_beta":false,"boss_relics":[],"items_purged_floors":[],"is_endless":false,"potions_floor_spawned":[1,7],"killed_by":"Lagavulin","ascension_level":3}