{"gold_per_floor":[111,111,111,111,36,36,70,87,163,163,178,178,198,233,233,310,310,328,328,345,29,41,41,76,76,100,57,57,57],"floor_reached":29,"playtime":1093,"items_purged":["Strike_R","Strike_R"],"score":548,"play_id":"66e69478-82aa-4402-a4c5-2b63ed594da3","local_time":"20190227184240","is_ascension_mode":true,"campfire_choices":[{"data":"Fiend Fire","floor":6.0,"key":"SMITH"},{"data":"Rampage","floor":10.0,"key":"SMITH"},{"data":"Battle Trance","floor":12.0,"key":"SMITH"},{"data":"Bash","floor":15.0,"key":"SMITH"},{"floor":23.0,"key":"REST"},{"floor":25.0,"key":"REST"}],"neow_cost":"NONE","seed_source_timestamp":73862708487947,"circlet_count":0,"master_deck":["AscendersBane","Strike_R","Strike_R","Defend_R","Defend_R","Defend_R","Defend_R","Bash+1","Fiend Fire+1","Battle Trance+1","Rampage+1","True Grit+1","Headbutt","Battle Trance+1","Shrug It Off+1","Double Tap+1","Trip+1","Decay","Power Through+1","Writhe"],"special_seed":0,"relics":["Burning Blood","Toxic Egg 2","Darkstone Periapt","PreservedInsect","Cursed Key","Membership Card","Gremlin Horn","Happy Flower","Bag of Marbles"],"potions_floor_usage":[],"damage_taken":[{"damage":9.0,"enemies":"Small Slimes","floor":1.0,"turns":4.0},{"damage":40.0,"enemies":"3 Sentries","floor":7.0,"turns":15.0},{"damage":2.0,"enemies":"2 Louse","floor":8.0,"turns":2.0},{"damage":3.0,"enemies":"Jaw Worm","floor":11.0,"turns":2.0},{"damage":1.0,"enemies":"Looter","floor":13.0,"turns":2.0},{"damage":0.0,"enemies":"Lagavulin","floor":14.0,"turns":2.0},{"damage":45.0,"enemies":"Hexaghost","floor":16.0,"turns":7.0},{"damage":1.0,"enemies":"3 Byrds","floor":18.0,"turns":5.0},{"damage":0.0,"enemies":"Spheric Guardian","floor":20.0,"turns":1.0},{"damage":36.0,"enemies":"Shelled Parasite and Fungi","floor":22.0,"turns":6.0},{"damage":8.0,"enemies":"Book of Stabbing","floor":24.0,"turns":2.0},{"damage":89,"enemies":"Slavers","floor":29,"turns":9}],"seed_played":"-1194333239739561108","potions_obtained":[{"floor":1.0,"key":"Weak Potion"},{"floor":8.0,"key":"AttackPotion"},{"floor":18.0,"key":"LiquidBronze"}],"is_trial":false,"path_per_floor":["M","?","?","?","$","R","E","M","T","R","M","R","M","E","R","B",null,"M","?","M","$","M","R","E","R","T","$","?","E"],"character_chosen":"IRONCLAD","items_purchased":["Membership Card","Trip+1","Power Through+1"],"campfire_rested":2,"item_purchase_floors":[21,21,27],"current_hp_per_floor":[65,65,65,65,65,65,31,35,35,35,38,38,43,49,49,10,59,64,64,70,70,40,62,60,75,81,81,87,0],"gold":57,"neow_bonus":"ONE_RANDOM_RARE_CARD","is_prod":false,"is_daily":false,"chose_seed":false,"campfire_upgraded":4,"win_rate":0,"timestamp":1551289360,"path_taken":["M","?","?","?","$","R","E","M","T","R","?","R","M","E","R","BOSS","M","?","M","$","M","R","E","R","T","$","?","E"],"build_version":"2019-01-23","purchased_purges":2,"victory":false,"max_hp_per_floor":[75,75,75,75,75,75,75,75,75,75,75,75,75,75,75,75,75,75,75,75,75,75,75,75,75,81,81,87,87],"card_choices":[{"not_picked":["Entrench","Flex"],"picked":"Battle Trance","floor":1.0},{"not_picked":["Uppercut","Seeing Red"],"picked":"Rampage","floor":7.0},{"not_picked":["Perfected Strike","Iron Wave"],"picked":"True Grit+1","floor":8.0},{"not_picked":["Hemokinesis","Uppercut"],"picked":"Headbutt","floor":11.0},{"not_picked":["Reckless Charge","Rage+1"],"picked":"Battle Trance+1","floor":13.0},{"not_picked":["Heavy Blade","Barricade"],"picked":"Shrug It Off+1","floor":14.0},{"not_picked":["Barricade","Reaper"],"picked":"Double Tap+1","floor":16.0},{"not_picked":["Heavy Blade","Bloodletting+1","Warcry+1"],"picked":"SKIP","floor":18.0},{"not_picked":["Wild Strike","Clash","Pommel Strike"],"picked":"SKIP","floor":20.0},{"not_picked":["Sever Soul","Disarm+1","Twin Strike+1"],"picked":"SKIP","floor":22.0},{"not_picked":["Sword Boomerang","True Grit+1","Second Wind+1"],"picked":"SKIP","floor":24.0},{"not_picked":["Sword Boomerang","True Grit+1","Second Wind+1"],"picked":"SKIP","floor":24.0},{"not_picked":["Sword Boomerang","True Grit+1","Second Wind+1"],"picked":"SKIP","floor":24.0}],"player_experience":911841,"relics_obtained":[{"floor":7.0,"key":"Toxic Egg 2"},{"floor":9.0,"key":"Darkstone Periapt"},{"floor":14.0,"key":"PreservedInsect"},{"floor":24.0,"key":"Gremlin Horn"},{"floor":26.0,"key":"Happy Flower"}],"event_choices":[{"cards_removed":["Strike_R"],"damage_healed":0.0,"max_hp_gain":0.0,"max_hp_loss":0.0,"gold_gain":0.0,"event_name":"Living Wall","player_choice":"Forget","floor":2.0,"gold_loss":0.0,"damage_taken":0.0},{"damage_healed":0.0,"max_hp_gain":0.0,"max_hp_loss":0.0,"gold_gain":0.0,"event_name":"Shining Light","player_choice":"Ignored","floor":3.0,"gold_loss":0.0,"damage_taken":0.0},{"damage_healed":0.0,"max_hp_gain":0.0,"max_hp_loss":0.0,"gold_gain":0.0,"event_name":"Liars Game","player_choice":"Ignored","floor":4.0,"gold_loss":0.0,"damage_taken":0.0},{"damage_healed":0.0,"max_hp_gain":0.0,"max_hp_loss":0.0,"gold_gain":0.0,"event_name":"Cursed Tome","player_choice":"Ignored","floor":19.0,"gold_loss":0.0,"damage_taken":0.0},{"damage_healed":0.0,"max_hp_gain":0.0,"max_hp_loss":0.0,"gold_gain":0.0,"event_name":"The Mausoleum","player_choice":"Opened","floor":28.0,"gold_loss":0.0,"damage_taken":0.0,"relics_obtained":["Bag of Marbles"],"cards_obtained":["Writhe"]}],"is_beta":false,"boss_relics":[{"not_picked":["Snecko Eye","White Beast Statue"],"picked":"Cursed Key"}],"items_purged_floors":[5,21],"is_endless":false,"potions_floor_spawned":[1,8,11,13,18],"killed_by":"Slavers","ascension_level":20}