{"gold_per_floor":[117,117,132,43,43,43,43,8,8,8,24,24,55,79,79,79],"floor_reached":16,"playtime":315,"items_purged":[],"score":196,"play_id":"72ddba29-4a41-4cc4-8e2e-7e4f99d068e2","local_time":"20190228115834","is_ascension_mode":true,"campfire_choices":[{"data":"True Grit","floor":6,"key":"SMITH"},{"data":"1","floor":10,"key":"LIFT"},{"data":"2","floor":15,"key":"LIFT"}],"neow_cost":"PERCENT_DAMAGE","seed_source_timestamp":20337040708119,"circlet_count":0,"master_deck":["AscendersBane","Strike_R","Strike_R","Strike_R","Strike_R","Defend_R","Defend_R","Defend_R","Defend_R","Bash","Demon Form","True Grit+1","Flame Barrier","Ghostly Armor"],"special_seed":0,"relics":["Burning Blood","Golden Idol","Girya","Sundial","Molten Egg 2"],"potions_floor_usage":[14,14],"damage_taken":[{"damage":25,"enemies":"Small Slimes","floor":1,"turns":6},{"damage":14,"enemies":"Jaw Worm","floor":3,"turns":3},{"damage":0,"enemies":"2 Louse","floor":11,"turns":4},{"damage":23,"enemies":"Lagavulin","floor":13,"turns":10},{"damage":11,"enemies":"2 Fungi Beasts","floor":14,"turns":4},{"damage":36,"enemies":"The Guardian","floor":16,"turns":2}],"seed_played":"-8203197030921327774","potions_obtained":[{"floor":1,"key":"SteroidPotion"},{"floor":13,"key":"SteroidPotion"}],"is_trial":false,"path_per_floor":["M","?","M","$","?","R","?","?","T","R","M","$","E","M","R","B"],"character_chosen":"IRONCLAD","items_purchased":["Flame Barrier"],"campfire_rested":0,"item_purchase_floors":[4],"current_hp_per_floor":[31,31,23,23,16,16,11,28,28,28,34,34,17,12,12,0],"gold":79,"neow_bonus":"THREE_RARE_CARDS","is_prod":false,"is_daily":false,"chose_seed":false,"campfire_upgraded":1,"win_rate":0,"timestamp":1551351514,"path_taken":["M","?","M","$","?","R","?","?","T","R","M","$","E","M","R","BOSS"],"build_version":"2019-01-23","purchased_purges":0,"victory":false,"max_hp_per_floor":[75,68,68,68,68,68,68,68,68,68,68,68,68,68,68,68],"card_choices":[{"not_picked":["Impervious","Exhume"],"picked":"Demon Form","floor":0.0},{"not_picked":["Blood for Blood","Perfected Strike","Body Slam"],"picked":"SKIP","floor":1},{"not_picked":["Warcry","Anger"],"picked":"True Grit","floor":3},{"not_picked":["Wild Strike","Shrug It Off"],"picked":"Ghostly Armor","floor":11},{"not_picked":["Intimidate","Infernal Blade","Seeing Red"],"picked":"SKIP","floor":13},{"not_picked":["Clothesline+1","Reckless Charge+1","Sword Boomerang+1"],"picked":"SKIP","floor":14}],"player_experience":915934,"relics_obtained":[{"floor":9,"key":"Sundial"},{"floor":13,"key":"Molten Egg 2"}],"event_choices":[{"damage_healed":0,"gold_gain":0,"player_choice":"Lose Max HP","damage_taken":0,"relics_obtained":["Golden Idol"],"max_hp_gain":0,"max_hp_loss":7,"event_name":"Golden Idol","floor":2,"gold_loss":0},{"cards_removed":["Strike_R"],"damage_healed":0,"gold_gain":0,"player_choice":"Card Removal","damage_taken":7,"max_hp_gain":0,"max_hp_loss":0,"event_name":"Golden Wing","floor":5,"gold_loss":0},{"damage_healed":0,"gold_gain":0,"player_choice":"Success","damage_taken":5,"relics_obtained":["Girya"],"max_hp_gain":0,"max_hp_loss":0,"event_name":"Scrap Ooze","floor":7,"gold_loss":0},{"damage_healed":17,"gold_gain":0,"player_choice":"Healed","damage_taken":0,"max_hp_gain":0,"max_hp_loss":0,"event_name":"The Cleric","floor":8,"gold_loss":35}],"is_beta":false,"boss_relics":[],"items_purged_floors":[],"is_endless":false,"potions_floor_spawned":[1,13],"killed_by":"The Guardian","ascension_level":20}