{"gold_per_floor":[113,128,53,53,3,3,178,178,255,283,87,117,143,20,20,20],"floor_reached":16,"playtime":424,"items_purged":["Strike_R","Strike_R"],"score":94,"play_id":"b8e7b560-3993-4676-ae72-82d5409a8eb3","local_time":"20190319220147","is_ascension_mode":false,"campfire_choices":[{"floor":6,"key":"RECALL"},{"data":"Body Slam","floor":8,"key":"SMITH"},{"data":"Body Slam","floor":15,"key":"SMITH"}],"neow_cost":"PERCENT_DAMAGE","seed_source_timestamp":477629155326053,"circlet_count":0,"master_deck":["Strike_R","Strike_R","Strike_R","Defend_R","Defend_R","Defend_R","Defend_R","Bash","Cleave","Body Slam+1","Doubt","Body Slam+1","Thunderclap"],"relics":["Burning Blood","Champion Belt","Oddly Smooth Stone","Odd Mushroom","Toolbox","Pantograph","Letter Opener"],"potions_floor_usage":[13,16],"damage_taken":[{"damage":6,"enemies":"Cultist","floor":1,"turns":4},{"damage":7,"enemies":"Small Slimes","floor":2,"turns":3},{"damage":31,"enemies":"The Mushroom Lair","floor":10,"turns":4},{"damage":16,"enemies":"Gremlin Nob","floor":13,"turns":4},{"damage":53,"enemies":"The Guardian","floor":16,"turns":12}],"seed_played":"-2226503274789532411","potions_obtained":[{"floor":1,"key":"Weak Potion"},{"floor":10,"key":"Dexterity Potion"}],"is_trial":false,"path_per_floor":["M","M","$","?","?","R","?","R","T","?","$","?","E","$","R","B"],"character_chosen":"IRONCLAD","items_purchased":["Toolbox","Thunderclap"],"campfire_rested":0,"item_purchase_floors":[11,14],"current_hp_per_floor":[56,55,55,55,55,55,55,55,55,30,30,30,20,20,20,0],"gold":20,"neow_bonus":"ONE_RARE_RELIC","is_prod":false,"is_daily":false,"chose_seed":false,"campfire_upgraded":2,"win_rate":0,"timestamp":1553050907,"path_taken":["M","M","$","?","?","R","?","R","T","?","?","?","E","$","R","BOSS"],"build_version":"2019-01-23","purchased_purges":2,"victory":false,"max_hp_per_floor":[80,80,80,80,80,80,80,80,80,80,80,80,80,80,80,80],"card_choices":[{"not_picked":["Flame Barrier","Clash"],"picked":"Cleave","floor":1},{"not_picked":["Perfected Strike","Hemokinesis"],"picked":"Body Slam","floor":2},{"not_picked":["Havoc","Ghostly Armor"],"picked":"Body Slam","floor":10},{"not_picked":["Sentinel","Feed","Twin Strike"],"picked":"SKIP","floor":13}],"player_experience":741429,"relics_obtained":[{"floor":10,"key":"Odd Mushroom"},{"floor":13,"key":"Letter Opener"}],"event_choices":[{"damage_healed":0,"gold_gain":0,"player_choice":"Box","damage_taken":0,"relics_obtained":["Oddly Smooth Stone"],"max_hp_gain":0,"max_hp_loss":0,"event_name":"Big Fish","floor":4,"gold_loss":0,"cards_obtained":["Regret"]},{"cards_removed":["Regret"],"damage_healed":0,"gold_gain":0,"player_choice":"Card Removal","damage_taken":0,"max_hp_gain":0,"max_hp_loss":0,"event_name":"The Cleric","floor":5,"gold_loss":50},{"damage_healed":0,"gold_gain":175,"player_choice":"AGREE","damage_taken":0,"max_hp_gain":0,"max_hp_loss":0,"event_name":"Liars Game","floor":7,"gold_loss":0,"cards_obtained":["Doubt"]},{"damage_healed":0,"gold_gain":0,"player_choice":"Fought Mushrooms","damage_taken":0,"max_hp_gain":0,"max_hp_loss":0,"event_name":"Mushrooms","floor":10,"gold_loss":0},{"damage_healed":0,"gold_gain":30,"player_choice":"Searched \u00272\u0027 times","damage_taken":0,"relics_obtained":["Pantograph"],"max_hp_gain":0,"max_hp_loss":0,"event_name":"Dead Adventurer","floor":12,"gold_loss":0}],"is_beta":false,"boss_relics":[],"items_purged_floors":[3,14],"is_endless":false,"potions_floor_spawned":[1,10],"killed_by":"The Guardian","ascension_level":0}