{"gold_per_floor":[117,117,67,79,79,79,112,112,136,167,41,41,54,87,87,185,185,204,204,10,10,28,41,41,59,59,59,59,92,103,133,133,231,231,248,265,71,71,87,87,87,117,170,180,180,190,215,234,234,234],"floor_reached":50,"playtime":2418,"items_purged":["Strike_R","Defend_R"],"score":694,"play_id":"c8a0014a-d6da-443d-8c80-2665b93dc9b2","local_time":"20190727173312","is_ascension_mode":true,"campfire_choices":[{"data":"Intimidate","floor":6,"key":"SMITH"},{"data":"Bash","floor":8,"key":"SMITH"},{"floor":12,"key":"REST"},{"data":"Armaments","floor":15,"key":"SMITH"},{"data":"True Grit","floor":24,"key":"SMITH"},{"data":"Juggernaut","floor":27,"key":"SMITH"},{"floor":32,"key":"REST"},{"floor":40,"key":"RECALL"},{"data":"Spot Weakness","floor":45,"key":"SMITH"},{"data":"Corruption","floor":49,"key":"SMITH"}],"neow_cost":"PERCENT_DAMAGE","seed_source_timestamp":268785449085796,"circlet_count":0,"master_deck":["Defend_R","Defend_R+1","Defend_R","Bash+1","Whirlwind","Intimidate+1","Cleave","Shrug It Off+1","Iron Wave","Disarm","Armaments+1","Headbutt","Pummel","Juggernaut+1","Shockwave+1","Burning Pact","True Grit+1","Wild Strike","Spot Weakness+1","Battle Trance+1","Reaper","Corruption+1","Iron Wave"],"relics":["Black Blood","Oddly Smooth Stone","Lantern","Bag of Marbles","Centennial Puzzle","Runic Cube","Enchiridion","Membership Card","Singing Bowl","Mummified Hand","Matryoshka","Gremlin Horn","FaceOfCleric","Blue Candle","Blood Vial","Red Skull"],"potions_floor_usage":[10,10,29,50],"damage_taken":[{"damage":0,"enemies":"Small Slimes","floor":1,"turns":2},{"damage":9,"enemies":"Jaw Worm","floor":4,"turns":3},{"damage":18,"enemies":"3 Sentries","floor":7,"turns":6},{"damage":24,"enemies":"Gremlin Nob","floor":10,"turns":6},{"damage":0,"enemies":"2 Louse","floor":13,"turns":2},{"damage":0,"enemies":"3 Sentries","floor":14,"turns":13},{"damage":12,"enemies":"Slime Boss","floor":16,"turns":8},{"damage":22,"enemies":"2 Thieves","floor":18,"turns":5},{"damage":4,"enemies":"Shell Parasite","floor":22,"turns":8},{"damage":1,"enemies":"3 Cultists","floor":23,"turns":5},{"damage":11,"enemies":"Centurion and Healer","floor":25,"turns":7},{"damage":10,"enemies":"Gremlin Leader","floor":29,"turns":4},{"damage":5,"enemies":"Sentry and Sphere","floor":30,"turns":5},{"damage":18,"enemies":"Book of Stabbing","floor":31,"turns":8},{"damage":53,"enemies":"Automaton","floor":33,"turns":10},{"damage":1,"enemies":"Orb Walker","floor":35,"turns":4},{"damage":12,"enemies":"3 Shapes","floor":36,"turns":5},{"damage":5,"enemies":"Jaw Worm Horde","floor":39,"turns":3},{"damage":0,"enemies":"Reptomancer","floor":42,"turns":8},{"damage":16,"enemies":"Spire Growth","floor":44,"turns":5},{"damage":38,"enemies":"Sphere and 2 Shapes","floor":46,"turns":7},{"damage":17,"enemies":"Nemesis","floor":47,"turns":7},{"damage":27,"enemies":"3 Darklings","floor":48,"turns":6},{"damage":120,"enemies":"Awakened One","floor":50,"turns":15}],"seed_played":"-1763338696182030151","potions_obtained":[{"floor":1,"key":"Weak Potion"},{"floor":4,"key":"PowerPotion"},{"floor":10,"key":"FearPotion"},{"floor":16,"key":"Ancient Potion"},{"floor":18,"key":"PowerPotion"},{"floor":25,"key":"SmokeBomb"},{"floor":33,"key":"SteroidPotion"}],"is_trial":false,"path_per_floor":["M","?","?","M","?","R","E","R","T","E","$","R","M","E","R","B",null,"M","?","$","?","M","M","R","M","T","R","?","E","M","E","R","B",null,"M","M","$","?","M","R","?","E","T","M","R","M","E","M","R","B"],"character_chosen":"IRONCLAD","items_purchased":["Armaments","Membership Card","Gremlin Horn","Iron Wave"],"campfire_rested":2,"item_purchase_floors":[11,20,37,37],"current_hp_per_floor":[62,62,62,59,43,43,31,31,31,13,13,37,43,49,49,43,80,64,48,48,48,50,55,55,50,50,50,50,46,49,39,64,17,84,84,84,84,84,88,88,88,91,91,94,94,81,91,86,86,0],"gold":234,"neow_bonus":"TRANSFORM_TWO_CARDS","is_prod":false,"is_daily":false,"chose_seed":false,"campfire_upgraded":7,"win_rate":0,"timestamp":1564266792,"path_taken":["M","?","?","M","?","R","E","R","T","E","$","R","M","E","R","BOSS","M","?","$","?","?","M","R","M","T","R","?","E","M","E","R","BOSS","M","M","$","?","?","R","?","E","T","M","R","M","E","M","R","BOSS"],"build_version":"2019-07-17","purchased_purges":2,"victory":false,"max_hp_per_floor":[80,80,80,80,80,80,80,80,80,80,80,80,80,80,80,80,80,80,80,80,80,80,80,80,80,80,80,80,80,82,84,84,84,84,84,86,86,86,88,88,88,91,91,94,94,97,100,103,103,103],"card_choices":[{"not_picked":["Seeing Red","Dual Wield"],"picked":"Cleave","floor":1},{"not_picked":["Body Slam","Seeing Red"],"picked":"Shrug It Off","floor":4},{"not_picked":["Flex","Clothesline"],"picked":"Iron Wave","floor":7},{"not_picked":["Corruption","Headbutt"],"picked":"Disarm","floor":10},{"not_picked":["Perfected Strike","Thunderclap"],"picked":"Headbutt","floor":13},{"not_picked":["Shrug It Off","Second Wind"],"picked":"Pummel","floor":14},{"not_picked":["Brutality","Barricade"],"picked":"Juggernaut","floor":16},{"not_picked":["Pommel Strike","Searing Blow"],"picked":"Shockwave","floor":18},{"not_picked":["Whirlwind","Thunderclap"],"picked":"Burning Pact","floor":22},{"not_picked":["Rupture+1","Perfected Strike"],"picked":"True Grit","floor":23},{"not_picked":["Second Wind","Clash"],"picked":"Wild Strike","floor":25},{"not_picked":["Shrug It Off+1","Havoc"],"picked":"Battle Trance+1","floor":29},{"not_picked":["Headbutt","Sentinel","Twin Strike"],"picked":"Singing Bowl","floor":30},{"not_picked":["Seeing Red","Perfected Strike+1","Headbutt"],"picked":"Singing Bowl","floor":31},{"not_picked":["Impervious","Offering"],"picked":"Reaper","floor":33},{"not_picked":["Armaments+1","Clash"],"picked":"Corruption","floor":35},{"not_picked":["Perfected Strike+1","Headbutt+1","Clothesline"],"picked":"Singing Bowl","floor":36},{"not_picked":["Clash+1","Burning Pact+1","Combust"],"picked":"Singing Bowl","floor":39},{"not_picked":["Bloodletting","Shockwave+1","Twin Strike"],"picked":"Singing Bowl","floor":42},{"not_picked":["Armaments+1","Rage","Warcry+1"],"picked":"Singing Bowl","floor":44},{"not_picked":["Ghostly Armor","Body Slam","Anger"],"picked":"Singing Bowl","floor":46},{"not_picked":["Rampage+1","Brutality","Fire Breathing+1"],"picked":"Singing Bowl","floor":47},{"not_picked":["Clash","Shrug It Off+1","Sentinel"],"picked":"Singing Bowl","floor":48}],"player_experience":134676,"relics_obtained":[{"floor":7,"key":"Oddly Smooth Stone"},{"floor":9,"key":"Lantern"},{"floor":10,"key":"Bag of Marbles"},{"floor":14,"key":"Centennial Puzzle"},{"floor":19,"key":"Enchiridion"},{"floor":26,"key":"Singing Bowl"},{"floor":29,"key":"Mummified Hand"},{"floor":31,"key":"Matryoshka"},{"floor":42,"key":"Blue Candle"},{"floor":43,"key":"Blood Vial"},{"floor":47,"key":"Red Skull"}],"event_choices":[{"cards_removed":["Strike_R"],"damage_healed":0,"gold_gain":0,"player_choice":"Forget","damage_taken":0,"max_hp_gain":0,"max_hp_loss":0,"event_name":"Living Wall","floor":2,"gold_loss":0},{"cards_removed":["Strike_R"],"damage_healed":0,"gold_gain":0,"player_choice":"Card Removal","damage_taken":0,"max_hp_gain":0,"max_hp_loss":0,"event_name":"The Cleric","floor":3,"gold_loss":50},{"damage_healed":0,"gold_gain":0,"player_choice":"Entered Light","damage_taken":16,"max_hp_gain":0,"max_hp_loss":0,"event_name":"Shining Light","floor":5,"gold_loss":0,"cards_upgraded":["Defend_R","Shrug It Off"]},{"damage_healed":0,"gold_gain":0,"player_choice":"Obtained Book","damage_taken":16,"max_hp_gain":0,"max_hp_loss":0,"event_name":"Cursed Tome","floor":19,"gold_loss":0},{"damage_healed":0,"gold_gain":0,"player_choice":"Forge","damage_taken":0,"max_hp_gain":0,"max_hp_loss":0,"event_name":"Accursed Blacksmith","floor":21,"gold_loss":0,"cards_upgraded":["Shockwave"]},{"damage_healed":0,"gold_gain":0,"player_choice":"Read","damage_taken":0,"max_hp_gain":0,"max_hp_loss":0,"event_name":"The Library","floor":28,"gold_loss":0,"cards_obtained":["Spot Weakness"]},{"damage_healed":0,"gold_gain":0,"player_choice":"Ignored","damage_taken":0,"max_hp_gain":0,"max_hp_loss":0,"event_name":"SecretPortal","floor":38,"gold_loss":0},{"damage_healed":0,"gold_gain":0,"player_choice":"Trade","damage_taken":0,"relics_obtained":["FaceOfCleric"],"max_hp_gain":0,"max_hp_loss":0,"event_name":"FaceTrader","floor":41,"gold_loss":0}],"is_beta":false,"boss_relics":[{"not_picked":["Snecko Eye","Lizard Tail"],"picked":"Runic Cube"},{"not_picked":["Tiny House","Orrery"],"picked":"Black Blood"}],"items_purged_floors":[11,37],"is_endless":false,"potions_floor_spawned":[1,4,10,16,18,23,25,33,36,42,44],"killed_by":"Awakened One","ascension_level":2}