{"gold_per_floor":[359,359,359,38,52,52,112,112,138,150,172,211,223,254,266,379,391,374,35,134,146,159,187,187,187,187,112,140,160,160,171,171,267,267,278,288,304,304,316,316,416,53,53,53,53],"floor_reached":45,"playtime":1799,"items_purged":["Strike_R","Strike_R","Strike_R"],"score":486,"play_id":"3600ab3d-fe05-4948-bba1-d07aff14c484","local_time":"20190414103037","is_ascension_mode":false,"campfire_choices":[{"floor":6,"key":"RECALL"},{"floor":8,"key":"REST"},{"data":"Body Slam","floor":10,"key":"SMITH"},{"data":"Entrench","floor":15,"key":"SMITH"},{"data":"Limit Break","floor":25,"key":"SMITH"},{"floor":32,"key":"REST"},{"data":"Armaments","floor":40,"key":"SMITH"}],"neow_cost":"PERCENT_DAMAGE","seed_source_timestamp":312545876816283,"circlet_count":0,"master_deck":["Strike_R","Defend_R","Defend_R","Defend_R","Defend_R","Bash","Entrench+1","Shrug It Off","Shrug It Off","Body Slam+1","Rage","Iron Wave","Headbutt","Limit Break+1","Armaments+1","Heavy Blade","Pommel Strike+1","Battle Trance","Twin Strike+1","Body Slam","Iron Wave","Seeing Red","Barricade","Whirlwind+1","Flex+1","Seeing Red+1","Limit Break+1","Seeing Red"],"relics":["Burning Blood","Dream Catcher","Sling","Tiny Chest","MawBank","PreservedInsect","Sozu","Brimstone","Regal Pillow","MutagenicStrength","Anchor","Matryoshka","Art of War","Paper Frog","Lizard Tail","Turnip","DollysMirror","Boot","Ancient Tea Set"],"potions_floor_usage":[12,16,23],"damage_taken":[{"damage":10,"enemies":"Small Slimes","floor":1,"turns":4},{"damage":5,"enemies":"2 Louse","floor":5,"turns":3},{"damage":35,"enemies":"3 Sentries","floor":7,"turns":11},{"damage":6,"enemies":"Jaw Worm","floor":11,"turns":6},{"damage":9,"enemies":"Gremlin Nob","floor":12,"turns":4},{"damage":10,"enemies":"Looter","floor":14,"turns":3},{"damage":39,"enemies":"Hexaghost","floor":16,"turns":13},{"damage":17,"enemies":"2 Thieves","floor":18,"turns":5},{"damage":0,"enemies":"Chosen","floor":21,"turns":4},{"damage":12,"enemies":"3 Cultists","floor":22,"turns":4},{"damage":20,"enemies":"Slavers","floor":23,"turns":3},{"damage":46,"enemies":"Gremlin Leader","floor":28,"turns":4},{"damage":2,"enemies":"Centurion and Healer","floor":29,"turns":4},{"damage":0,"enemies":"Sentry and Sphere","floor":31,"turns":2},{"damage":31,"enemies":"Collector","floor":33,"turns":6},{"damage":0,"enemies":"Orb Walker","floor":35,"turns":3},{"damage":0,"enemies":"3 Shapes","floor":36,"turns":4},{"damage":41,"enemies":"Sphere and 2 Shapes","floor":37,"turns":4},{"damage":52,"enemies":"Maw","floor":39,"turns":6},{"damage":17,"enemies":"Mind Bloom Boss Battle","floor":41,"turns":5}],"seed_played":"7591975985565733905","potions_obtained":[{"floor":7,"key":"Explosive Potion"},{"floor":12,"key":"LiquidBronze"},{"floor":16,"key":"EssenceOfSteel"}],"is_trial":false,"path_per_floor":["M","?","?","$","M","R","E","R","T","R","M","E","T","M","R","B",null,"M","$","?","M","M","E","?","R","T","?","E","M","T","M","R","B",null,"M","M","M","?","M","R","?","$","T","$","M"],"character_chosen":"IRONCLAD","items_purchased":["Sling","Shrug It Off","Brimstone","Heavy Blade","DollysMirror","Seeing Red"],"campfire_rested":2,"item_purchase_floors":[4,4,19,19,42,42],"current_hp_per_floor":[52,52,52,52,53,53,24,48,48,48,48,45,45,41,41,8,80,69,69,69,75,69,55,55,55,55,55,15,19,19,25,64,39,80,80,80,45,45,46,46,35,35,35,35,0],"gold":53,"neow_bonus":"TWO_FIFTY_GOLD","is_prod":false,"is_daily":false,"chose_seed":false,"campfire_upgraded":4,"win_rate":0,"timestamp":1555255837,"path_taken":["M","?","?","$","M","R","E","R","T","R","M","E","?","M","R","BOSS","M","$","?","M","M","E","?","R","T","?","E","M","?","M","R","BOSS","M","?","M","?","?","R","?","$","T","?","M"],"build_version":"2019-01-23","purchased_purges":3,"victory":false,"max_hp_per_floor":[80,80,80,80,80,80,80,80,80,80,80,80,80,80,80,80,80,80,80,80,80,80,80,80,80,80,80,80,80,80,80,80,80,80,80,80,80,80,80,80,80,80,80,80,80],"card_choices":[{"not_picked":["Clothesline","Cleave"],"picked":"Entrench","floor":1},{"not_picked":["Clash","Warcry"],"picked":"Shrug It Off","floor":5},{"not_picked":["Perfected Strike","Armaments"],"picked":"Body Slam","floor":7},{"not_picked":["Immolate","Pummel"],"picked":"Rage","floor":8},{"not_picked":["Thunderclap","Havoc"],"picked":"Iron Wave","floor":11},{"not_picked":["Havoc","True Grit","Dropkick"],"picked":"SKIP","floor":12},{"not_picked":["Twin Strike","Feed"],"picked":"Headbutt","floor":14},{"not_picked":["Berserk","Reaper"],"picked":"Limit Break","floor":16},{"not_picked":["Wild Strike+1","Anger"],"picked":"Armaments","floor":18},{"not_picked":["Dropkick","Perfected Strike+1"],"picked":"Pommel Strike+1","floor":21},{"not_picked":["Inflame","Shrug It Off"],"picked":"Battle Trance","floor":22},{"not_picked":["Inflame","Wild Strike"],"picked":"Twin Strike+1","floor":23},{"not_picked":["Thunderclap","Burning Pact"],"picked":"Body Slam","floor":28},{"not_picked":["Sword Boomerang","Headbutt+1"],"picked":"Iron Wave","floor":29},{"not_picked":["Clothesline","Twin Strike","Power Through"],"picked":"SKIP","floor":31},{"not_picked":["Twin Strike+1","Shockwave"],"picked":"Seeing Red","floor":32},{"not_picked":["Berserk","Demon Form"],"picked":"Barricade","floor":33},{"not_picked":["Headbutt","Havoc+1","Shrug It Off+1"],"picked":"SKIP","floor":35},{"not_picked":["Blood for Blood","Body Slam"],"picked":"Whirlwind+1","floor":36},{"not_picked":["Burning Pact","Sword Boomerang","Havoc+1"],"picked":"SKIP","floor":37},{"not_picked":["Wild Strike+1","Sword Boomerang+1"],"picked":"Flex+1","floor":39},{"not_picked":["Body Slam","Havoc+1"],"picked":"Seeing Red+1","floor":41}],"player_experience":766064,"relics_obtained":[{"floor":7,"key":"Tiny Chest"},{"floor":9,"key":"MawBank"},{"floor":12,"key":"PreservedInsect"},{"floor":23,"key":"Regal Pillow"},{"floor":26,"key":"Anchor"},{"floor":28,"key":"Matryoshka"},{"floor":30,"key":"Art of War"},{"floor":30,"key":"Paper Frog"},{"floor":41,"key":"Turnip"},{"floor":43,"key":"Boot"},{"floor":43,"key":"Ancient Tea Set"}],"event_choices":[{"damage_healed":0,"gold_gain":0,"player_choice":"Box","damage_taken":0,"relics_obtained":["Dream Catcher"],"max_hp_gain":0,"max_hp_loss":0,"event_name":"Big Fish","floor":2,"gold_loss":0,"cards_obtained":["Regret"]},{"cards_removed":["Regret"],"damage_healed":0,"gold_gain":0,"player_choice":"Forget","damage_taken":0,"max_hp_gain":0,"max_hp_loss":0,"event_name":"Living Wall","floor":3,"gold_loss":0},{"damage_healed":0,"gold_gain":99,"player_choice":"Stole From Cult","damage_taken":0,"max_hp_gain":0,"max_hp_loss":0,"event_name":"Nest","floor":20,"gold_loss":0},{"damage_healed":0,"gold_gain":0,"player_choice":"Inject Mutagens","damage_taken":0,"relics_obtained":["MutagenicStrength"],"max_hp_gain":0,"max_hp_loss":0,"event_name":"Drug Dealer","floor":24,"gold_loss":0},{"cards_removed":["Strike_R"],"damage_healed":0,"gold_gain":0,"player_choice":"Gave Gold","damage_taken":0,"max_hp_gain":0,"max_hp_loss":0,"event_name":"Beggar","floor":27,"gold_loss":75},{"damage_healed":0,"gold_gain":0,"player_choice":"Ignored","damage_taken":0,"max_hp_gain":0,"max_hp_loss":0,"event_name":"WeMeetAgain","floor":38,"gold_loss":0},{"damage_healed":0,"gold_gain":0,"player_choice":"Fight","damage_taken":0,"max_hp_gain":0,"max_hp_loss":0,"event_name":"MindBloom","floor":41,"gold_loss":0}],"is_beta":false,"boss_relics":[{"not_picked":["Coffee Dripper","Runic Dome"],"picked":"Sozu"},{"not_picked":["Black Star","Philosopher\u0027s Stone"],"picked":"Lizard Tail"}],"items_purged_floors":[4,19,42],"is_endless":false,"potions_floor_spawned":[7,12,16,22,23,28,29,33,35,36],"killed_by":"4 Shapes","ascension_level":0}