{"gold_per_floor":[115,40,40,40,53,53,53,71,71,71,85,85,119,194,194,194],"floor_reached":16,"playtime":469,"items_purged":["Strike_G"],"score":196,"play_id":"e5b0f0a4-2e2b-4d97-a8fc-a3b66dcee1dd","local_time":"20190309164418","is_ascension_mode":true,"campfire_choices":[{"data":"Neutralize","floor":7.0,"key":"SMITH"},{"data":"Cloak And Dagger","floor":10.0,"key":"SMITH"},{"data":"Survivor","floor":12.0,"key":"SMITH"},{"floor":15.0,"key":"REST"}],"neow_cost":"NONE","seed_source_timestamp":48682373246701,"circlet_count":0,"master_deck":["AscendersBane","Defend_G","Defend_G","Defend_G","Defend_G","Defend_G","Strike_G","Strike_G","Strike_G","Survivor+1","Neutralize+1","Dagger Spray","Cloak And Dagger+1","Backflip","Deflect"],"special_seed":0,"relics":["Ring of the Snake","Paper Crane","Golden Idol","Kunai","Shuriken"],"potions_floor_usage":[],"damage_taken":[{"damage":9.0,"enemies":"Small Slimes","floor":1.0,"turns":6.0},{"damage":1.0,"enemies":"2 Louse","floor":5.0,"turns":2.0},{"damage":2.0,"enemies":"Jaw Worm","floor":8.0,"turns":4.0},{"damage":4.0,"enemies":"Exordium Thugs","floor":11.0,"turns":5.0},{"damage":21.0,"enemies":"Gremlin Nob","floor":13.0,"turns":5.0},{"damage":36,"enemies":"Hexaghost","floor":16,"turns":11}],"seed_played":"8076696636981260257","potions_obtained":[{"floor":5.0,"key":"Fruit Juice"},{"floor":11.0,"key":"Swift Potion"}],"is_trial":false,"path_per_floor":["M","$","?","?","M","?","R","M","T","R","M","R","E","?","R","B"],"character_chosen":"THE_SILENT","items_purchased":[],"campfire_rested":1,"item_purchase_floors":[],"current_hp_per_floor":[50,50,45,45,49,49,49,47,47,47,43,43,22,11,30,0],"gold":194,"neow_bonus":"REMOVE_CARD","is_prod":false,"is_daily":false,"chose_seed":false,"campfire_upgraded":3,"win_rate":0,"timestamp":1552146258,"path_taken":["M","$","?","?","M","?","R","M","T","R","M","R","E","?","R","BOSS"],"build_version":"2019-01-23","purchased_purges":1,"victory":false,"max_hp_per_floor":[66,66,66,60,65,65,65,65,65,65,65,65,65,65,65,65],"card_choices":[{"not_picked":["Finisher","Dagger Throw"],"picked":"Dagger Spray","floor":1.0},{"not_picked":["Blade Dance","Dagger Spray","Bane"],"picked":"SKIP","floor":5.0},{"not_picked":["Outmaneuver","Prepared"],"picked":"Cloak And Dagger","floor":8.0},{"not_picked":["Reflex","Distraction"],"picked":"Backflip","floor":11.0},{"not_picked":["Quick Slash","Night Terror"],"picked":"Deflect","floor":13.0}],"player_experience":960876,"relics_obtained":[{"floor":9.0,"key":"Kunai"},{"floor":13.0,"key":"Shuriken"}],"event_choices":[{"damage_healed":0.0,"max_hp_gain":0.0,"max_hp_loss":0.0,"gold_gain":0.0,"event_name":"Scrap Ooze","player_choice":"Success","floor":3.0,"gold_loss":0.0,"damage_taken":5.0,"relics_obtained":["Paper Crane"]},{"damage_healed":0.0,"max_hp_gain":0.0,"max_hp_loss":6.0,"gold_gain":0.0,"event_name":"Golden Idol","player_choice":"Lose Max HP","floor":4.0,"gold_loss":0.0,"damage_taken":0.0,"relics_obtained":["Golden Idol"]},{"damage_healed":0.0,"max_hp_gain":0.0,"max_hp_loss":0.0,"gold_gain":0.0,"event_name":"Shining Light","player_choice":"Ignored","floor":6.0,"gold_loss":0.0,"damage_taken":0.0},{"damage_healed":0.0,"max_hp_gain":0.0,"max_hp_loss":0.0,"gold_gain":75.0,"event_name":"World of Goop","player_choice":"Gather Gold","floor":14.0,"gold_loss":0.0,"damage_taken":11.0}],"is_beta":false,"boss_relics":[],"items_purged_floors":[2],"is_endless":false,"potions_floor_spawned":[5,11],"killed_by":"Hexaghost","ascension_level":20}