{"path_per_floor":["M","?","M","M","?","R","E","$","T","R","E","R","?","M","R","B",null,"M","?","M","$"],"character_chosen":"DEFECT","items_purchased":["Barrage","Bird Faced Urn"],"gold_per_floor":[118,118,128,138,138,138,166,65,88,88,123,123,223,234,234,333,333,346,346,362,47,47],"floor_reached":22,"campfire_rested":2,"playtime":623,"current_hp_per_floor":[66,59,55,52,52,52,28,28,28,50,20,42,42,38,38,34,65,53,53,30,30,0],"items_purged":["Strike_B"],"gold":47,"score":269,"play_id":"a7455892-995c-439b-a604-39eb1311c856","local_time":"20180517001109","is_prod":false,"is_daily":false,"chose_seed":false,"is_ascension_mode":true,"campfire_upgraded":2,"timestamp":1526508669,"path_taken":["M","?","M","M","?","R","E","$","T","R","E","R","?","?","R","BOSS","M","?","M","$","M"],"build_version":"2018-05-15","seed_source_timestamp":264322563314426,"purchased_purges":1,"victory":false,"master_deck":["Strike_B","Strike_B","Strike_B","Defend_B","Defend_B","Defend_B","Zap+1","Dualcast+1","BootSequence","Sweeping Beam","Conserve Battery","Barrage","Ball Lightning","Cold Snap","Double Energy+1","Steam+1","Self Repair"],"max_hp_per_floor":[75,75,75,75,75,75,75,75,75,75,75,75,75,75,75,75,75,75,75,75,75,75],"relics":["Cracked Core","Dream Catcher","DataDisk","Calipers","Nuclear Battery","Pantograph","Bird Faced Urn"],"card_choices":[{"not_picked":["Streamline","Stack"],"picked":"BootSequence","floor":1},{"not_picked":["Hologram","Redo"],"picked":"Sweeping Beam","floor":3},{"not_picked":["Leap","Skim","Axe Kick"],"picked":"SKIP","floor":4},{"not_picked":["Go for the Eyes","Steam"],"picked":"Conserve Battery","floor":7},{"not_picked":["Steam","Rebound"],"picked":"Ball Lightning","floor":10},{"not_picked":["Meteor Strike","Hologram"],"picked":"Cold Snap","floor":11},{"not_picked":["Go for the Eyes","Self Repair"],"picked":"Double Energy","floor":14},{"not_picked":["Rebound","Doom and Gloom"],"picked":"Steam+1","floor":18},{"not_picked":["Steam+1","Static Discharge+1"],"picked":"Self Repair","floor":20}],"player_experience":671434,"potions_floor_usage":[7,7,16],"damage_taken":[{"damage":2,"enemies":"Jaw Worm","floor":1,"turns":4},{"damage":4,"enemies":"Small Slimes","floor":3,"turns":3},{"damage":3,"enemies":"2 Louse","floor":4,"turns":3},{"damage":24,"enemies":"Gremlin Nob","floor":7,"turns":4},{"damage":30,"enemies":"Lagavulin","floor":11,"turns":5},{"damage":4,"enemies":"Gremlin Gang","floor":14,"turns":3},{"damage":4,"enemies":"Slime Boss","floor":16,"turns":8},{"damage":12,"enemies":"Chosen","floor":18,"turns":4},{"damage":23,"enemies":"Shell Parasite","floor":20,"turns":5},{"damage":43,"enemies":"Cultist and Chosen","floor":22,"turns":5}],"relics_obtained":[{"floor":7,"key":"Dream Catcher"},{"floor":9,"key":"DataDisk"},{"floor":11,"key":"Calipers"}],"event_choices":[{"event_name":"Golden Wing","player_choice":"Card Removal","floor":2,"damage_taken":0},{"event_name":"The Woman in Blue","player_choice":"Bought 0 Potions","floor":5,"damage_taken":0},{"event_name":"Golden Shrine","player_choice":"Pray","floor":13,"damage_taken":0},{"event_name":"The Mausoleum","player_choice":"Yes","floor":19,"damage_taken":0}],"boss_relics":[{"not_picked":["Black Star","Philosopher\u0027s Stone"],"picked":"Nuclear Battery"}],"potions_floor_spawned":[3,14,16],"seed_played":"3070862878877138082","killed_by":"Cultist and Chosen","ascension_level":8,"potions_obtained":[{"floor":3,"key":"EntropicBrew"},{"floor":14,"key":"Fire Potion"},{"floor":16,"key":"FearPotion"}],"is_trial":false}