{"gold_per_floor":[14,39,58,58,78,110,110,110,110,130,148,148,6,23,23,119,119,109,109],"floor_reached":19,"playtime":1261,"items_purged":["Strike_R"],"score":169,"play_id":"1ae66887-a40a-4004-bfae-633d30dfdad1","local_time":"20181204213725","is_ascension_mode":false,"campfire_choices":[{"data":"Body Slam","floor":8,"key":"SMITH"},{"floor":15,"key":"RECALL"}],"neow_cost":"NO_GOLD","seed_source_timestamp":909645906970532,"circlet_count":0,"master_deck":["Strike_R","Strike_R","Strike_R","Defend_R+1","Defend_R+1","Defend_R","Defend_R","Bash","Master of Strategy","Impatience","Warcry","Shrug It Off","Body Slam+1","Infernal Blade","Entrench","Warcry","Battle Trance","Impervious","Dual Wield+1"],"relics":["Burning Blood","Vajra","Centennial Puzzle","Runic Pyramid"],"potions_floor_usage":[6,11,15,16],"damage_taken":[{"damage":6,"enemies":"Cultist","floor":1,"turns":3},{"damage":14,"enemies":"Small Slimes","floor":3,"turns":3},{"damage":8,"enemies":"2 Louse","floor":5,"turns":2},{"damage":34,"enemies":"Gremlin Nob","floor":6,"turns":5},{"damage":2,"enemies":"Blue Slaver","floor":10,"turns":3},{"damage":0,"enemies":"Red Slaver","floor":11,"turns":4},{"damage":0,"enemies":"Looter","floor":14,"turns":3},{"damage":31,"enemies":"The Guardian","floor":16,"turns":18},{"damage":12,"enemies":"2 Thieves","floor":18,"turns":4},{"damage":87,"enemies":"Masked Bandits","floor":19,"turns":5}],"seed_played":"3200979732091264021","potions_obtained":[{"floor":3,"key":"SkillPotion"},{"floor":10,"key":"EssenceOfSteel"},{"floor":11,"key":"Poison Potion"},{"floor":14,"key":"Fruit Juice"}],"is_trial":false,"path_per_floor":["M","T","M","$","M","E","?","R","T","M","M","?","$","M","R","B",null,"M","?"],"character_chosen":"IRONCLAD","items_purchased":["Battle Trance"],"campfire_rested":0,"item_purchase_floors":[13],"current_hp_per_floor":[80,80,72,72,70,42,35,35,35,39,45,29,29,35,40,15,85,79,0],"gold":109,"neow_bonus":"RANDOM_COLORLESS_2","is_prod":false,"is_daily":false,"chose_seed":false,"campfire_upgraded":1,"win_rate":0,"timestamp":1543981045,"path_taken":["M","?","M","$","M","E","?","R","T","M","M","?","?","M","R","BOSS","M","?"],"build_version":"2018-11-15","purchased_purges":1,"victory":false,"max_hp_per_floor":[80,80,80,80,80,80,80,80,80,80,80,80,80,80,85,85,85,85,85],"card_choices":[{"not_picked":["Perfected Strike","Clothesline"],"picked":"Warcry","floor":1},{"not_picked":["Clash","Power Through"],"picked":"Shrug It Off","floor":3},{"not_picked":["Cleave","Heavy Blade"],"picked":"Body Slam","floor":5},{"not_picked":["Feel No Pain","Headbutt"],"picked":"Infernal Blade","floor":6},{"not_picked":["Dual Wield","Wild Strike"],"picked":"Entrench","floor":10},{"not_picked":["Rage","Uppercut"],"picked":"Warcry","floor":11},{"not_picked":["Anger","Warcry","Pommel Strike"],"picked":"SKIP","floor":14},{"not_picked":["Double Tap","Berserk"],"picked":"Impervious","floor":16},{"not_picked":["Inflame","Shockwave+1"],"picked":"Dual Wield+1","floor":18}],"player_experience":701852,"relics_obtained":[{"floor":2,"key":"Vajra"},{"floor":6,"key":"Centennial Puzzle"}],"event_choices":[{"cards_removed":["Strike_R"],"damage_healed":0,"gold_gain":0,"player_choice":"Card Removal","damage_taken":7,"max_hp_gain":0,"max_hp_loss":0,"event_name":"Golden Wing","floor":7,"gold_loss":0},{"damage_healed":0,"gold_gain":0,"player_choice":"Entered Light","damage_taken":16,"max_hp_gain":0,"max_hp_loss":0,"event_name":"Shining Light","floor":12,"gold_loss":0,"cards_upgraded":["Defend_R","Defend_R"]},{"damage_healed":0,"gold_gain":0,"player_choice":"Fought Bandits","damage_taken":0,"max_hp_gain":0,"max_hp_loss":0,"event_name":"Masked Bandits","floor":19,"gold_loss":0}],"is_beta":false,"boss_relics":[{"not_picked":["Calling Bell","Tiny House"],"picked":"Runic Pyramid"}],"items_purged_floors":[13],"is_endless":false,"potions_floor_spawned":[3,10,11,14],"killed_by":"Masked Bandits","ascension_level":0}