{"gold_per_floor":[115,127,146,146,146,146,146,146,146,33,48,48,92,106,106,106],"floor_reached":16,"playtime":427,"items_purged":[],"score":200,"play_id":"0f2e1210-eaa6-4ac2-b037-3338dcc14fb0","local_time":"20190728165718","is_ascension_mode":true,"campfire_choices":[{"data":"Neutralize","floor":6.0,"key":"SMITH"},{"data":"Flechettes","floor":8.0,"key":"SMITH"},{"data":"Noxious Fumes","floor":12.0,"key":"SMITH"},{"data":"Reflex","floor":15.0,"key":"SMITH"}],"neow_cost":"NONE","seed_source_timestamp":562604116384613,"circlet_count":0,"master_deck":["AscendersBane","Strike_G","Strike_G","Strike_G","Defend_G","Defend_G","Defend_G","Defend_G","Defend_G","Survivor","Neutralize+1","Bane","Flechettes+1","Acrobatics","Noxious Fumes+1","Backflip","Reflex+1","PiercingWail"],"special_seed":0,"relics":["Ring of the Snake","Golden Idol","Paper Crane","Boot"],"potions_floor_usage":[16],"damage_taken":[{"damage":2.0,"enemies":"2 Louse","floor":1.0,"turns":3.0},{"damage":2.0,"enemies":"Jaw Worm","floor":2.0,"turns":5.0},{"damage":6.0,"enemies":"Small Slimes","floor":3.0,"turns":5.0},{"damage":2.0,"enemies":"Blue Slaver","floor":11.0,"turns":3.0},{"damage":18.0,"enemies":"Gremlin Nob","floor":13.0,"turns":4.0},{"damage":0.0,"enemies":"3 Louse","floor":14.0,"turns":4.0},{"damage":45,"enemies":"Hexaghost","floor":16,"turns":11}],"seed_played":"-8605881066637358744","potions_obtained":[{"floor":11.0,"key":"Energy Potion"},{"floor":13.0,"key":"Regen Potion"}],"is_trial":false,"path_per_floor":["M","M","M","?","?","R","?","R","T","$","M","R","E","M","R","B"],"character_chosen":"THE_SILENT","items_purchased":["Acrobatics","Noxious Fumes"],"campfire_rested":0,"item_purchase_floors":[10,10],"current_hp_per_floor":[63,61,55,55,55,55,48,48,48,48,46,46,28,28,28,0],"gold":106,"neow_bonus":"TEN_PERCENT_HP_BONUS","is_prod":false,"is_daily":false,"chose_seed":false,"campfire_upgraded":4,"win_rate":0,"timestamp":1564300638,"path_taken":["M","M","M","?","?","R","?","R","T","$","M","R","E","?","R","BOSS"],"build_version":"2019-07-17","purchased_purges":0,"victory":false,"max_hp_per_floor":[72,72,72,72,65,65,65,65,65,65,65,65,65,65,65,65],"card_choices":[{"not_picked":["Prepared","Sucker Punch"],"picked":"Bane","floor":1.0},{"not_picked":["Underhanded Strike","Slice","Sucker Punch"],"picked":"SKIP","floor":2.0},{"not_picked":["Dodge and Roll","Bane"],"picked":"Flechettes","floor":3.0},{"not_picked":["Poisoned Stab","Endless Agony"],"picked":"Backflip","floor":11.0},{"not_picked":["Poisoned Stab","Flechettes"],"picked":"Reflex","floor":13.0},{"not_picked":["Dodge and Roll","Underhanded Strike"],"picked":"PiercingWail","floor":14.0}],"player_experience":1043692,"relics_obtained":[{"floor":9.0,"key":"Paper Crane"},{"floor":13.0,"key":"Boot"}],"event_choices":[{"cards_removed":["Strike_G"],"damage_healed":0.0,"max_hp_gain":0.0,"max_hp_loss":0.0,"gold_gain":0.0,"event_name":"Living Wall","player_choice":"Forget","floor":4.0,"gold_loss":0.0,"damage_taken":0.0},{"damage_healed":0.0,"max_hp_gain":0.0,"max_hp_loss":7.0,"gold_gain":0.0,"event_name":"Golden Idol","player_choice":"Lose Max HP","floor":5.0,"gold_loss":0.0,"damage_taken":0.0,"relics_obtained":["Golden Idol"]},{"cards_removed":["Strike_G"],"damage_healed":0.0,"max_hp_gain":0.0,"max_hp_loss":0.0,"gold_gain":0.0,"event_name":"Golden Wing","player_choice":"Card Removal","floor":7.0,"gold_loss":0.0,"damage_taken":7.0}],"is_beta":false,"boss_relics":[],"items_purged_floors":[],"is_endless":false,"potions_floor_spawned":[11,13],"killed_by":"Hexaghost","ascension_level":20}