{"gold_per_floor":[14,14,64,76,76,76,94,94,119,138,138,11,61,73,73,73],"floor_reached":16,"playtime":322,"items_purged":["Strike_B"],"score":180,"play_id":"1d6c282a-922c-47fa-91c3-b00cc28e5682","local_time":"20190223152815","is_ascension_mode":true,"campfire_choices":[{"data":"Zap","floor":6,"key":"SMITH"},{"data":"Dualcast","floor":8,"key":"SMITH"},{"data":"Defend_B","floor":11,"key":"SMITH"},{"data":"Redo","floor":15,"key":"SMITH"}],"neow_cost":"NO_GOLD","seed_source_timestamp":1396316869808403,"circlet_count":0,"master_deck":["AscendersBane","Strike_B","Strike_B","Strike_B","Defend_B+1","Defend_B","Defend_B","Defend_B","Zap+1","Dualcast+1","Ball Lightning","Conserve Battery","Redo+1"],"special_seed":0,"relics":["Cracked Core","WingedGreaves","Blood Vial"],"potions_floor_usage":[],"damage_taken":[{"damage":5.0,"enemies":"Small Slimes","floor":1.0,"turns":3.0},{"damage":0.0,"enemies":"Cultist","floor":4.0,"turns":3.0},{"damage":2,"enemies":"Jaw Worm","floor":7,"turns":3},{"damage":14,"enemies":"3 Louse","floor":10,"turns":3},{"damage":15,"enemies":"Exordium Thugs","floor":14,"turns":5},{"damage":32,"enemies":"Hexaghost","floor":16,"turns":7}],"seed_played":"3796798136541299497","potions_obtained":[{"floor":7,"key":"EntropicBrew"},{"floor":14,"key":"Regen Potion"}],"is_trial":false,"path_per_floor":["M","$","?","M","?","R","M","R","T","M","R","$","?","M","R","B"],"character_chosen":"DEFECT","items_purchased":["Conserve Battery"],"campfire_rested":0,"item_purchase_floors":[12],"current_hp_per_floor":[59,59,52,52,52,52,50,50,50,38,38,38,38,25,25,0],"gold":73,"neow_bonus":"ONE_RARE_RELIC","is_prod":false,"is_daily":false,"chose_seed":false,"campfire_upgraded":4,"win_rate":0,"timestamp":1550932095,"path_taken":["M","$","?","?","?","R","M","R","T","M","R","$","?","M","R","BOSS"],"build_version":"2019-01-23","purchased_purges":1,"victory":false,"max_hp_per_floor":[71,71,71,71,71,71,71,71,71,71,71,71,71,71,71,71],"card_choices":[{"not_picked":["Rebound","Coolheaded"],"picked":"Ball Lightning","floor":1.0},{"not_picked":["Cold Snap","Turbo","Stack"],"picked":"SKIP","floor":4.0},{"not_picked":["Stack","Gash","Rebound"],"picked":"SKIP","floor":7},{"not_picked":["Stack","Multi-Cast","Turbo"],"picked":"SKIP","floor":10},{"not_picked":["Rebound","Steam"],"picked":"Redo","floor":14}],"player_experience":875679,"relics_obtained":[{"floor":9,"key":"Blood Vial"}],"event_choices":[{"damage_healed":0.0,"max_hp_gain":0.0,"max_hp_loss":0.0,"gold_gain":50.0,"event_name":"FaceTrader","player_choice":"Touch","floor":3.0,"gold_loss":0.0,"damage_taken":7.0},{"damage_healed":0,"gold_gain":0,"player_choice":"Fled","damage_taken":0,"max_hp_gain":0,"max_hp_loss":0,"event_name":"Scrap Ooze","floor":5,"gold_loss":0},{"damage_healed":0,"gold_gain":50,"player_choice":"Pray","damage_taken":0,"max_hp_gain":0,"max_hp_loss":0,"event_name":"Golden Shrine","floor":13,"gold_loss":0}],"is_beta":false,"boss_relics":[],"items_purged_floors":[12],"is_endless":false,"potions_floor_spawned":[7,14],"killed_by":"Hexaghost","ascension_level":20}