{"gold_per_floor":[116,129,147,147,163,163,179,197,222,147,147,179,179],"floor_reached":13,"playtime":426,"items_purged":["Strike_R"],"score":157,"play_id":"dd518360-3d25-4790-a68e-2c1c5d4471ee","local_time":"20190727142718","is_ascension_mode":true,"campfire_choices":[{"data":"Shockwave","floor":6,"key":"SMITH"},{"data":"Bash","floor":11,"key":"SMITH"}],"neow_cost":"NONE","seed_source_timestamp":844895730890181,"circlet_count":0,"master_deck":["AscendersBane","Strike_R","Strike_R","Strike_R","Strike_R","Defend_R","Defend_R","Defend_R","Bash+1","Clash","Shockwave+1","Clash","Pommel Strike","Headbutt","True Grit"],"relics":["Burning Blood","Bronze Scales","Juzu Bracelet","Dream Catcher"],"potions_floor_usage":[],"damage_taken":[{"damage":7,"enemies":"Jaw Worm","floor":1,"turns":3},{"damage":0,"enemies":"Cultist","floor":2,"turns":4},{"damage":2,"enemies":"2 Louse","floor":3,"turns":3},{"damage":11,"enemies":"Exordium Wildlife","floor":5,"turns":3},{"damage":6,"enemies":"2 Fungi Beasts","floor":7,"turns":2},{"damage":17,"enemies":"Lots of Slimes","floor":8,"turns":4},{"damage":20,"enemies":"Gremlin Nob","floor":12,"turns":4},{"damage":2,"enemies":"Large Slime","floor":13,"turns":2}],"seed_played":"1583246689210660881","potions_obtained":[{"floor":1,"key":"BloodPotion"},{"floor":5,"key":"Weak Potion"}],"is_trial":false,"path_per_floor":["M","M","M","?","M","R","M","M","T","$","R","E","M"],"character_chosen":"IRONCLAD","items_purchased":[],"campfire_rested":0,"item_purchase_floors":[],"current_hp_per_floor":[67,73,75,75,70,70,70,59,59,59,59,45,43],"gold":179,"neow_bonus":"RANDOM_COMMON_RELIC","is_prod":false,"is_daily":false,"chose_seed":false,"campfire_upgraded":2,"win_rate":0,"timestamp":1564262838,"path_taken":["M","M","M","?","M","R","M","M","T","$","R","E","M"],"build_version":"2019-07-18","purchased_purges":1,"victory":false,"max_hp_per_floor":[75,75,75,75,75,75,75,75,75,75,75,75,75],"card_choices":[{"not_picked":["Sever Soul","True Grit"],"picked":"Clash","floor":1},{"not_picked":["Seeing Red","Clothesline"],"picked":"Shockwave","floor":2},{"not_picked":["Flex","Sentinel"],"picked":"Clash","floor":3},{"not_picked":["Pummel","Evolve"],"picked":"Pommel Strike","floor":5},{"not_picked":["Shockwave","Thunderclap"],"picked":"Headbutt","floor":7},{"not_picked":["Shrug It Off","Wild Strike","Intimidate"],"picked":"SKIP","floor":8},{"not_picked":["True Grit","Armaments","Sentinel"],"picked":"SKIP","floor":12},{"not_picked":["Armaments","Sentinel"],"picked":"True Grit","floor":12}],"player_experience":225883,"relics_obtained":[{"floor":9,"key":"Juzu Bracelet"},{"floor":12,"key":"Dream Catcher"}],"event_choices":[{"cards_removed":["Defend_R"],"damage_healed":0,"gold_gain":0,"player_choice":"Purged","damage_taken":0,"max_hp_gain":0,"max_hp_loss":0,"event_name":"Purifier","floor":4,"gold_loss":0}],"is_beta":true,"boss_relics":[],"items_purged_floors":[10],"is_endless":false,"potions_floor_spawned":[1,5,7,12],"killed_by":"Large Slime","ascension_level":16}