{"path_per_floor":["M","M","M","M","M","R","E","M","T","?","R","M","R","M","R","B",null,"M","$","?","$","M","R","?","R","T","E","R","M"],"character_chosen":"DEFECT","items_purchased":["Bottled Lightning","Defragment"],"gold_per_floor":[110,128,140,151,161,161,193,213,213,278,278,294,294,305,305,405,405,416,103,103,67,81,81,81,81,105,140,140,159,159],"floor_reached":30,"campfire_rested":1,"playtime":1117,"current_hp_per_floor":[66,66,62,62,60,60,38,36,46,31,31,31,31,31,31,24,70,51,51,51,51,48,48,48,48,48,8,33,2,0],"items_purged":["Strike_B"],"gold":159,"score":353,"play_id":"995e93f3-3e78-4f0d-9633-734b5e8bc88f","local_time":"20180512121736","is_prod":false,"is_daily":false,"chose_seed":false,"is_ascension_mode":true,"campfire_upgraded":6,"timestamp":1526120256,"path_taken":["M","M","M","M","M","R","E","M","T","?","R","M","R","M","R","BOSS","M","$","?","?","M","R","?","R","T","E","R","M","M"],"build_version":"2018-05-11","seed_source_timestamp":24365465746405,"purchased_purges":3,"victory":false,"master_deck":["Strike_B","Strike_B","Defend_B","Defend_B","Defend_B","Zap+1","Dualcast+1","Skim","Ball Lightning","Conserve Battery","Fusion+1","Coolheaded+1","Coolheaded","Multi-Cast+1","Cold Snap","Defragment+1","Consume+1"],"max_hp_per_floor":[75,75,75,75,75,75,75,75,85,85,85,85,85,85,85,85,85,85,85,85,85,85,85,85,85,85,85,85,85,85],"relics":["Cracked Core","Bronze Scales","Pear","Mummified Hand","Inserter","Bottled Lightning","Bag of Marbles","Peace Pipe"],"card_choices":[{"not_picked":["Stack","Turbo","Undo"],"picked":"SKIP","floor":1.0},{"not_picked":["Hologram","Hello World"],"picked":"Skim","floor":2.0},{"not_picked":["Beam Cell","Hologram"],"picked":"Ball Lightning","floor":3.0},{"not_picked":["Self Repair","Double Energy"],"picked":"Conserve Battery","floor":4.0},{"not_picked":["Stack","Auto Shields"],"picked":"Fusion","floor":5.0},{"not_picked":["Thunder Strike","Machine Learning"],"picked":"Coolheaded","floor":7.0},{"not_picked":["Beam Cell","Axe Kick"],"picked":"Coolheaded","floor":8.0},{"not_picked":["Undo","Beam Cell","Genetic Algorithm"],"picked":"SKIP","floor":12.0},{"not_picked":["Aggregate","Storm","Chill"],"picked":"SKIP","floor":14.0},{"not_picked":["Meteor Strike","Seek"],"picked":"Multi-Cast","floor":16.0},{"not_picked":["Capacitor","Leap+1"],"picked":"Cold Snap","floor":18.0},{"not_picked":["Rebound","Ball Lightning+1"],"picked":"Consume+1","floor":22.0},{"not_picked":["Melter","Skim+1","Beam Cell+1"],"picked":"SKIP","floor":27.0},{"not_picked":["Seek","Turbo","Aggregate"],"picked":"SKIP","floor":29}],"player_experience":648590,"potions_floor_usage":[29],"damage_taken":[{"damage":2.0,"enemies":"Jaw Worm","floor":1.0,"turns":3.0},{"damage":0.0,"enemies":"Small Slimes","floor":2.0,"turns":2.0},{"damage":4.0,"enemies":"2 Louse","floor":3.0,"turns":2.0},{"damage":0.0,"enemies":"Large Slime","floor":4.0,"turns":4.0},{"damage":2.0,"enemies":"Looter","floor":5.0,"turns":4.0},{"damage":22.0,"enemies":"3 Sentries","floor":7.0,"turns":7.0},{"damage":2.0,"enemies":"Red Slaver","floor":8.0,"turns":4.0},{"damage":15.0,"enemies":"Gremlin Nob","floor":10.0,"turns":4.0},{"damage":0.0,"enemies":"Blue Slaver","floor":12.0,"turns":3.0},{"damage":0.0,"enemies":"2 Fungi Beasts","floor":14.0,"turns":3.0},{"damage":7.0,"enemies":"Hexaghost","floor":16.0,"turns":9.0},{"damage":19.0,"enemies":"2 Thieves","floor":18.0,"turns":4.0},{"damage":3.0,"enemies":"Spheric Guardian","floor":22.0,"turns":5.0},{"damage":40.0,"enemies":"Slavers","floor":27.0,"turns":6.0},{"damage":31,"enemies":"Slaver and Parasite","floor":29,"turns":5},{"damage":7,"enemies":"Snake Plant","floor":30,"turns":1}],"event_choices":[{"event_name":"Dead Adventurer","player_choice":"Searched \u00272\u0027 times","floor":10.0,"damage_taken":0.0},{"event_name":"Vampires","player_choice":"Ignored","floor":20.0,"damage_taken":0.0},{"event_name":"Back to Basics","player_choice":"Elegance","floor":24.0,"damage_taken":0.0}],"boss_relics":[],"potions_floor_spawned":[4,5,8,10,12,14,27],"seed_played":"-5939485260169609982","killed_by":"Snake Plant","ascension_level":8,"is_trial":false}