{"gold_per_floor":[11,29,41,41,6,67,67,142,142,142,158,158,168,245,245,323,323,333,333,383,32,51,51,69,69,96,18,18],"floor_reached":28,"playtime":758,"items_purged":["Uppercut+1"],"score":389,"play_id":"a10412de-fb3e-4a80-bf86-3253ab206100","local_time":"20190205002256","is_ascension_mode":true,"campfire_choices":[{"data":"Bash","floor":7,"key":"SMITH"},{"data":"Demon Form","floor":10,"key":"SMITH"},{"floor":12,"key":"REST"},{"data":"Pommel Strike","floor":15,"key":"SMITH"},{"data":"Battle Trance","floor":23,"key":"SMITH"}],"neow_cost":"NO_GOLD","seed_source_timestamp":324561376971110,"circlet_count":0,"master_deck":["AscendersBane","Strike_R","Strike_R","Defend_R","Defend_R","Defend_R","Defend_R","Bash+1","Pommel Strike+1","Dropkick","Cleave","Demon Form+1","Thunderclap","Battle Trance+1","Reaper","Berserk+1","Rage+1","Shrug It Off","Battle Trance+1","Limit Break"],"relics":["Burning Blood","Bag of Preparation","Tiny Chest","Paper Frog","Ornamental Fan","Astrolabe","Enchiridion","Pantograph","Potion Belt"],"potions_floor_usage":[24,28],"damage_taken":[{"damage":10,"enemies":"Small Slimes","floor":1,"turns":3},{"damage":7,"enemies":"Jaw Worm","floor":2,"turns":5},{"damage":6,"enemies":"2 Louse","floor":3,"turns":3},{"damage":50,"enemies":"3 Sentries","floor":6,"turns":9},{"damage":17,"enemies":"Looter","floor":11,"turns":3},{"damage":15,"enemies":"2 Fungi Beasts","floor":13,"turns":3},{"damage":34,"enemies":"Hexaghost","floor":16,"turns":8},{"damage":44,"enemies":"2 Thieves","floor":18,"turns":4},{"damage":18,"enemies":"Shell Parasite","floor":22,"turns":5},{"damage":27,"enemies":"Snake Plant","floor":24,"turns":4},{"damage":43,"enemies":"3 Cultists","floor":28,"turns":3}],"seed_played":"6333603206364832970","potions_obtained":[{"floor":3,"key":"Poison Potion"},{"floor":6,"key":"Weak Potion"},{"floor":24,"key":"Regen Potion"}],"is_trial":false,"path_per_floor":["M","M","M","?","?","E","R","?","T","R","M","R","M","T","R","B",null,"M","?","?","$","M","R","M","?","T","$","M"],"character_chosen":"IRONCLAD","items_purchased":["Pantograph","Limit Break"],"campfire_rested":1,"item_purchase_floors":[21,27],"current_hp_per_floor":[78,77,77,66,88,44,44,33,33,33,22,48,39,39,39,11,70,59,38,38,38,47,47,26,26,26,26,0],"gold":18,"neow_bonus":"TWENTY_PERCENT_HP_BONUS","is_prod":false,"is_daily":false,"chose_seed":false,"campfire_upgraded":4,"win_rate":0,"timestamp":1549322576,"path_taken":["M","M","M","?","?","E","R","?","T","R","M","R","M","?","R","BOSS","M","?","?","$","?","R","M","?","T","?","?"],"build_version":"2019-01-23","purchased_purges":1,"victory":false,"max_hp_per_floor":[89,89,89,89,89,89,89,89,89,89,89,89,89,89,89,89,89,89,89,89,89,89,89,89,89,89,89,89],"card_choices":[{"not_picked":["Cleave","Sword Boomerang"],"picked":"Pommel Strike","floor":1},{"not_picked":["Armaments","Flex"],"picked":"Dropkick","floor":2},{"not_picked":["True Grit","Heavy Blade"],"picked":"Cleave","floor":3},{"not_picked":["Anger","Combust"],"picked":"Demon Form","floor":6},{"not_picked":["Dropkick","Clothesline"],"picked":"Thunderclap","floor":11},{"not_picked":["Thunderclap","Intimidate"],"picked":"Battle Trance","floor":13},{"not_picked":["Bludgeon","Dark Embrace"],"picked":"Reaper","floor":16},{"not_picked":["Pommel Strike","Infernal Blade"],"picked":"Shrug It Off","floor":18},{"not_picked":["Warcry","Clothesline","Cleave"],"picked":"SKIP","floor":22},{"not_picked":["Perfected Strike","Intimidate","Rage"],"picked":"SKIP","floor":24}],"player_experience":779348,"relics_obtained":[{"floor":6,"key":"Tiny Chest"},{"floor":9,"key":"Paper Frog"},{"floor":14,"key":"Ornamental Fan"},{"floor":19,"key":"Enchiridion"},{"floor":26,"key":"Potion Belt"}],"event_choices":[{"damage_healed":0,"gold_gain":0,"player_choice":"Success","damage_taken":11,"relics_obtained":["Bag of Preparation"],"max_hp_gain":0,"max_hp_loss":0,"event_name":"Scrap Ooze","floor":4,"gold_loss":0},{"damage_healed":22,"gold_gain":0,"player_choice":"Healed","damage_taken":0,"max_hp_gain":0,"max_hp_loss":0,"event_name":"The Cleric","floor":5,"gold_loss":35},{"damage_healed":0,"gold_gain":75,"player_choice":"Gather Gold","damage_taken":11,"max_hp_gain":0,"max_hp_loss":0,"event_name":"World of Goop","floor":8,"gold_loss":0},{"damage_healed":0,"gold_gain":0,"player_choice":"Obtained Book","damage_taken":21,"max_hp_gain":0,"max_hp_loss":0,"event_name":"Cursed Tome","floor":19,"gold_loss":0},{"damage_healed":0,"gold_gain":100,"player_choice":"Bet on Murderer","damage_taken":0,"max_hp_gain":0,"max_hp_loss":0,"event_name":"The Joust","floor":20,"gold_loss":50},{"damage_healed":0,"gold_gain":0,"player_choice":"Copied","damage_taken":0,"max_hp_gain":0,"max_hp_loss":0,"event_name":"Duplicator","floor":25,"gold_loss":0,"cards_obtained":["Battle Trance"]}],"is_beta":false,"boss_relics":[{"not_picked":["Empty Cage","Eternal Feather"],"picked":"Astrolabe"}],"items_purged_floors":[21],"is_endless":false,"potions_floor_spawned":[3,6,13,24],"killed_by":"3 Cultists","ascension_level":16}