{"path_per_floor":["M","?","?","?","?","E","R","M","T","M","E","?","E","M","R","B",null,"M","M","?","M","$","R"],"character_chosen":"IRONCLAD","items_purchased":["Molten Egg 2"],"gold_per_floor":[115,115,115,290,290,315,315,332,386,398,426,426,451,470,470,568,568,584,601,601,621,285,285],"floor_reached":24,"campfire_rested":1,"playtime":1731,"current_hp_per_floor":[80,80,73,73,57,70,70,76,76,82,68,75,50,56,56,58,77,68,46,30,14,14,37],"items_purged":["Doubt"],"gold":285,"play_id":"424e784f-4c41-4775-b8ca-cf9fbb45b9d2","is_prod":false,"is_daily":false,"is_ascension_mode":true,"campfire_upgraded":2,"path_taken":["M","?","?","?","?","E","R","M","T","?","E","?","E","M","R","BOSS","M","M","?","M","$","R","M"],"build_version":"2018-02-01-PROD3","purchased_purges":1,"victory":false,"master_deck":["Strike_R","Strike_R","Strike_R","Strike_R","Defend_R","Defend_R+1","Defend_R","Defend_R","Bash+1","Thunderclap+1","Pommel Strike+1","Offering","Spot Weakness","Limit Break+1","Flame Barrier","Heavy Blade","Brutality"],"max_hp_per_floor":[80,80,80,80,80,87,87,87,87,87,87,97,97,97,97,97,77,77,77,77,77,77,77],"relics":["Burning Blood","NeowsBlessing","Strawberry","Oddly Smooth Stone","Anchor","Pear","Juzu Bracelet","Runic Cube","Enchiridion","Molten Egg 2"],"card_choices":[{"not_picked":["Heavy Blade","Pommel Strike"],"picked":"Thunderclap"},{"not_picked":["Second Wind","Body Slam"],"picked":"Pommel Strike"},{"not_picked":["Warcry","Anger"],"picked":"Offering"},{"not_picked":["Body Slam","Pommel Strike"],"picked":"Spot Weakness"},{"not_picked":["Infernal Blade","Inflame"],"picked":"Limit Break"},{"not_picked":["Searing Blow","Body Slam"],"picked":"Flame Barrier"},{"not_picked":["Clash","Intimidate"],"picked":"Heavy Blade"},{"not_picked":["Barricade","Bludgeon"],"picked":"Brutality"}],"player_experience":88325,"potions_floor_usage":[16,21,24,24],"damage_taken":[{"damage":0,"enemies":"Cultist","floor":1,"turns":1},{"damage":0,"enemies":"3 Sentries","floor":6,"turns":1},{"damage":0,"enemies":"Jaw Worm","floor":8,"turns":1},{"damage":0,"enemies":"Small Slimes","floor":10,"turns":2},{"damage":20,"enemies":"Gremlin Nob","floor":11,"turns":4},{"damage":31,"enemies":"Lagavulin","floor":13,"turns":5},{"damage":0,"enemies":"Looter","floor":14,"turns":2},{"damage":4,"enemies":"Slime Boss","floor":16,"turns":5},{"damage":15,"enemies":"2 Thieves","floor":18,"turns":2},{"damage":28,"enemies":"Spheric Guardian","floor":19,"turns":5},{"damage":22,"enemies":"Cultist and Chosen","floor":21,"turns":4},{"damage":37,"enemies":"Centurion and Healer","floor":24,"turns":4}],"event_choices":[{"event_name":"Upgrade Shrine","player_choice":"Upgraded","floor":2,"damage_taken":0},{"event_name":"Golden Wing","player_choice":"Card Removal","floor":3,"damage_taken":0},{"event_name":"Liars Game","player_choice":"agreed","floor":4,"damage_taken":0},{"event_name":"Shining Light","player_choice":"Entered Light","floor":5,"damage_taken":0},{"event_name":"Scrap Ooze","player_choice":"success","floor":12,"damage_taken":3},{"event_name":"Cursed Tome","player_choice":"Obtained Book","floor":20,"damage_taken":0}],"boss_relics":[{"not_picked":["Runic Dome","Runic Pyramid"],"picked":"Runic Cube"}],"potions_floor_spawned":[6,11,14,16],"seed_played":"1522725134991297229","killed_by":"Centurion and Healer","ascension_level":1,"is_trial":false}