{"gold_per_floor":[369,369,294,294,312,312,212,212,263,263,263,307,182,182,182,182],"floor_reached":16,"playtime":508,"items_purged":["Strike_R","Defend_R","Strike_R"],"score":94,"play_id":"c40b6dd1-575d-40ca-bcf4-3f64363f95b7","local_time":"20190310110856","is_ascension_mode":false,"campfire_choices":[{"data":"Bash","floor":6,"key":"SMITH"},{"data":"Shrug It Off","floor":8,"key":"SMITH"},{"data":"Defend_R","floor":11,"key":"SMITH"},{"data":"Strike_R","floor":15,"key":"SMITH"}],"neow_cost":"TEN_PERCENT_HP_LOSS","seed_source_timestamp":85572806173297,"circlet_count":0,"master_deck":["Strike_R","Strike_R+1","Strike_R+1","Defend_R+1","Defend_R+1","Defend_R","Bash+1","Shrug It Off+1"],"relics":["Burning Blood","Golden Idol","Bronze Scales","Anchor"],"potions_floor_usage":[],"damage_taken":[{"damage":7,"enemies":"2 Louse","floor":1,"turns":3},{"damage":1,"enemies":"Cultist","floor":5,"turns":3},{"damage":25,"enemies":"Lagavulin","floor":12,"turns":7},{"damage":35,"enemies":"Slime Boss","floor":16,"turns":9}],"seed_played":"-8063632395479837575","potions_obtained":[{"floor":2,"key":"Explosive Potion"},{"floor":2,"key":"SneckoOil"},{"floor":2,"key":"EssenceOfSteel"},{"floor":5,"key":"Ancient Potion"}],"is_trial":false,"path_per_floor":["M","?","$","?","M","R","$","R","T","?","R","E","$","T","R","B"],"character_chosen":"IRONCLAD","items_purchased":[],"campfire_rested":0,"item_purchase_floors":[],"current_hp_per_floor":[71,71,71,67,67,67,67,67,67,54,54,35,35,35,35,0],"gold":182,"neow_bonus":"TWO_FIFTY_GOLD","is_prod":false,"is_daily":false,"chose_seed":false,"campfire_upgraded":4,"win_rate":0,"timestamp":1552212536,"path_taken":["M","?","?","?","M","R","$","R","T","?","R","E","?","?","R","BOSS"],"build_version":"2019-01-23","purchased_purges":3,"victory":false,"max_hp_per_floor":[72,72,72,67,67,67,67,67,67,67,67,67,67,67,67,67],"card_choices":[{"not_picked":["Havoc","Clash","Ghostly Armor"],"picked":"SKIP","floor":1},{"not_picked":["Pummel","Entrench"],"picked":"Shrug It Off","floor":5},{"not_picked":["Heavy Blade","Wild Strike","Flex"],"picked":"SKIP","floor":12},{"not_picked":["Heavy Blade","Wild Strike","Flex"],"picked":"SKIP","floor":12}],"player_experience":967467,"relics_obtained":[{"floor":9,"key":"Bronze Scales"},{"floor":12,"key":"Anchor"}],"event_choices":[{"damage_healed":0,"gold_gain":0,"player_choice":"Got Potions","damage_taken":0,"max_hp_gain":0,"max_hp_loss":0,"event_name":"Lab","floor":2,"gold_loss":0},{"damage_healed":0,"gold_gain":0,"player_choice":"Lose Max HP","damage_taken":0,"relics_obtained":["Golden Idol"],"max_hp_gain":0,"max_hp_loss":5,"event_name":"Golden Idol","floor":4,"gold_loss":0},{"damage_healed":0,"gold_gain":0,"player_choice":"Entered Light","damage_taken":13,"max_hp_gain":0,"max_hp_loss":0,"event_name":"Shining Light","floor":10,"gold_loss":0,"cards_upgraded":["Strike_R","Defend_R"]}],"is_beta":false,"boss_relics":[],"items_purged_floors":[3,7,13],"is_endless":false,"potions_floor_spawned":[5,12],"killed_by":"Slime Boss","ascension_level":0}