{"gold_per_floor":[111,61,74,74,91,91,108,136,215,215],"floor_reached":10,"playtime":423,"items_purged":[],"score":71,"play_id":"32430787-083c-4930-8f98-540f6971f5eb","local_time":"20190723180926","is_ascension_mode":true,"campfire_choices":[{"data":"Zap","floor":6,"key":"SMITH"}],"neow_cost":"NONE","seed_source_timestamp":1057656507166227,"circlet_count":0,"master_deck":["Strike_B","Strike_B","Strike_B","Defend_B","Defend_B","Defend_B","Defend_B","Zap+1","Dualcast","Machine Learning","Gash","Hologram","Undo","Chill","BootSequence"],"relics":["Cracked Core","Turnip","Omamori","Matryoshka"],"potions_floor_usage":[8,10],"damage_taken":[{"damage":0,"enemies":"2 Louse","floor":1,"turns":2},{"damage":1,"enemies":"Jaw Worm","floor":3,"turns":3},{"damage":0,"enemies":"Cultist","floor":5,"turns":3},{"damage":13,"enemies":"Exordium Thugs","floor":7,"turns":4},{"damage":10,"enemies":"Lagavulin","floor":8,"turns":7},{"damage":61,"enemies":"Gremlin Nob","floor":10,"turns":5}],"seed_played":"2734318559996505220","potions_obtained":[{"floor":7,"key":"Energy Potion"},{"floor":8,"key":"EssenceOfSteel"}],"is_trial":false,"path_per_floor":["M","?","M","?","M","R","M","E","T","E"],"character_chosen":"DEFECT","items_purchased":[],"campfire_rested":0,"item_purchase_floors":[],"current_hp_per_floor":[75,75,74,71,71,71,58,48,48,0],"gold":215,"neow_bonus":"ONE_RANDOM_RARE_CARD","is_prod":false,"is_daily":false,"chose_seed":false,"campfire_upgraded":1,"win_rate":0,"timestamp":1563923366,"path_taken":["M","?","M","?","M","R","M","E","T","E"],"build_version":"2019-07-17","purchased_purges":0,"victory":false,"max_hp_per_floor":[75,75,75,75,75,75,75,75,75,75],"card_choices":[{"not_picked":["Beam Cell","Rebound"],"picked":"Gash","floor":1},{"not_picked":["Steam","Streamline"],"picked":"Hologram","floor":3},{"not_picked":["Go for the Eyes","Chaos"],"picked":"Undo","floor":5},{"not_picked":["Stack","Reprogram"],"picked":"Chill","floor":7},{"not_picked":["Leap","Hello World"],"picked":"BootSequence","floor":8}],"player_experience":122842,"relics_obtained":[{"floor":8,"key":"Omamori"},{"floor":9,"key":"Matryoshka"}],"event_choices":[{"cards_removed":["Strike_B"],"damage_healed":0,"gold_gain":0,"player_choice":"Card Removal","damage_taken":0,"max_hp_gain":0,"max_hp_loss":0,"event_name":"The Cleric","floor":2,"gold_loss":50},{"damage_healed":0,"gold_gain":0,"player_choice":"Success","damage_taken":3,"relics_obtained":["Turnip"],"max_hp_gain":0,"max_hp_loss":0,"event_name":"Scrap Ooze","floor":4,"gold_loss":0}],"is_beta":false,"boss_relics":[],"items_purged_floors":[],"is_endless":false,"potions_floor_spawned":[7,8],"killed_by":"Gremlin Nob","ascension_level":1}