{"gold_per_floor":[117,6,23,41,91,91,102,120,150,180,180,180],"floor_reached":12,"playtime":409,"items_purged":[],"score":160,"play_id":"60d33dd1-9338-4037-a7ca-253e790caec6","local_time":"20190728162934","is_ascension_mode":true,"campfire_choices":[{"data":"Crippling Poison","floor":6.0,"key":"SMITH"}],"neow_cost":"NONE","seed_source_timestamp":561079115376792,"circlet_count":0,"master_deck":["AscendersBane","Strike_G","Strike_G","Strike_G","Strike_G","Strike_G","Defend_G","Defend_G","Defend_G","Defend_G","Defend_G","Survivor","Neutralize","Deflect","Quick Slash","Infinite Blades","Cloak And Dagger","Crippling Poison+1","Infinite Blades","Deadly Poison"],"special_seed":0,"relics":["Ring of the Snake","Tiny Chest","Regal Pillow"],"potions_floor_usage":[],"damage_taken":[{"damage":1.0,"enemies":"Small Slimes","floor":1.0,"turns":4.0},{"damage":5.0,"enemies":"Cultist","floor":3.0,"turns":5.0},{"damage":0.0,"enemies":"Jaw Worm","floor":4.0,"turns":4.0},{"damage":5.0,"enemies":"Blue Slaver","floor":7.0,"turns":5.0},{"damage":3.0,"enemies":"3 Louse","floor":8.0,"turns":3.0},{"damage":29.0,"enemies":"Gremlin Nob","floor":10.0,"turns":4.0},{"damage":2.0,"enemies":"The Mushroom Lair","floor":11.0,"turns":2.0},{"damage":18,"enemies":"Large Slime","floor":12,"turns":5}],"seed_played":"8608795345804268231","potions_obtained":[{"floor":3.0,"key":"GamblersBrew"},{"floor":8.0,"key":"SmokeBomb"},{"floor":10.0,"key":"FearPotion"}],"is_trial":false,"path_per_floor":["M","$","M","M","?","R","M","M","T","E","?","M"],"character_chosen":"THE_SILENT","items_purchased":["Quick Slash","Infinite Blades"],"campfire_rested":0,"item_purchase_floors":[2,2],"current_hp_per_floor":[64,64,59,59,52,52,47,44,44,15,13,0],"gold":180,"neow_bonus":"TEN_PERCENT_HP_BONUS","is_prod":false,"is_daily":false,"chose_seed":false,"campfire_upgraded":1,"win_rate":0,"timestamp":1564298974,"path_taken":["M","$","M","M","?","R","M","?","T","E","?","M"],"build_version":"2019-07-17","purchased_purges":0,"victory":false,"max_hp_per_floor":[72,72,72,72,72,72,72,72,72,72,72,72],"card_choices":[{"not_picked":["Outmaneuver","Sucker Punch"],"picked":"Deflect","floor":1.0},{"not_picked":["Prepared","PiercingWail"],"picked":"Cloak And Dagger","floor":3.0},{"not_picked":["Quick Slash","PiercingWail"],"picked":"Crippling Poison","floor":4.0},{"not_picked":["Tactician","Slice"],"picked":"Infinite Blades","floor":7.0},{"not_picked":["Storm of Steel","Blade Dance"],"picked":"Deadly Poison","floor":8.0},{"not_picked":["Terror","Quick Slash","Crippling Poison"],"picked":"SKIP","floor":10.0}],"player_experience":1042537,"relics_obtained":[{"floor":9.0,"key":"Tiny Chest"},{"floor":10.0,"key":"Regal Pillow"}],"event_choices":[{"damage_healed":0.0,"max_hp_gain":0.0,"max_hp_loss":0.0,"gold_gain":50.0,"event_name":"FaceTrader","player_choice":"Touch","floor":5.0,"gold_loss":0.0,"damage_taken":7.0},{"damage_healed":0.0,"max_hp_gain":0.0,"max_hp_loss":0.0,"gold_gain":0.0,"event_name":"Mushrooms","player_choice":"Fought Mushrooms","floor":11.0,"gold_loss":0.0,"damage_taken":0.0}],"is_beta":false,"boss_relics":[],"items_purged_floors":[],"is_endless":false,"potions_floor_spawned":[3,8,10],"killed_by":"Large Slime","ascension_level":20}