{"gold_per_floor":[112,132,132,145,220,220,231,115,115,131,131,131,56,71,71,71],"floor_reached":16,"playtime":428,"items_purged":["Strike_R"],"score":184,"play_id":"f2f5edaf-6edd-4bca-aea9-d92f4233cceb","local_time":"20190306220441","is_ascension_mode":true,"campfire_choices":[{"floor":6.0,"key":"REST"},{"data":"Bash","floor":11,"key":"SMITH"},{"data":"True Grit","floor":15,"key":"SMITH"}],"neow_cost":"PERCENT_DAMAGE","seed_source_timestamp":136520571228780,"circlet_count":0,"master_deck":["AscendersBane","Strike_R","Strike_R","Strike_R","Defend_R","Defend_R","Defend_R","Defend_R","Bash+1","Purity","Flash of Steel","Pommel Strike","Cleave","Shrug It Off","Rampage","True Grit+1"],"special_seed":0,"relics":["Burning Blood","Bag of Marbles","Paper Frog","Golden Idol"],"potions_floor_usage":[],"damage_taken":[{"damage":7.0,"enemies":"2 Louse","floor":1.0,"turns":4.0},{"damage":7.0,"enemies":"Jaw Worm","floor":2.0,"turns":2.0},{"damage":7.0,"enemies":"Small Slimes","floor":4.0,"turns":3.0},{"damage":9.0,"enemies":"Exordium Wildlife","floor":7.0,"turns":4.0},{"damage":0,"enemies":"2 Fungi Beasts","floor":10,"turns":3},{"damage":3,"enemies":"3 Louse","floor":14,"turns":2},{"damage":54,"enemies":"Slime Boss","floor":16,"turns":7}],"seed_played":"-4412141668245902270","potions_obtained":[{"floor":7.0,"key":"Ancient Potion"},{"floor":10,"key":"Ancient Potion"}],"is_trial":false,"path_per_floor":["M","M","?","M","?","R","M","$","T","M","R","?","?","M","R","B"],"character_chosen":"IRONCLAD","items_purchased":["Rampage"],"campfire_rested":1,"item_purchase_floors":[8],"current_hp_per_floor":[49,48,30,29,18,40,37,37,37,43,43,43,43,46,46,0],"gold":71,"neow_bonus":"RANDOM_COLORLESS_2","is_prod":false,"is_daily":false,"chose_seed":false,"campfire_upgraded":2,"win_rate":0,"timestamp":1551906281,"path_taken":["M","M","?","M","?","R","M","?","T","M","R","?","?","M","R","BOSS"],"build_version":"2019-01-23","purchased_purges":1,"victory":false,"max_hp_per_floor":[75,75,75,75,75,75,75,75,75,75,75,68,68,68,68,68],"card_choices":[{"not_picked":["Sword Boomerang","Headbutt"],"picked":"Pommel Strike","floor":1.0},{"not_picked":["Clothesline","True Grit"],"picked":"Cleave","floor":2.0},{"not_picked":["Clash","Exhume"],"picked":"Shrug It Off","floor":4.0},{"not_picked":["Twin Strike","Flex","Evolve"],"picked":"SKIP","floor":7.0},{"not_picked":["Feel No Pain","Sword Boomerang","Cleave"],"picked":"SKIP","floor":10},{"not_picked":["Clash","Feel No Pain"],"picked":"True Grit","floor":14}],"player_experience":949518,"relics_obtained":[{"floor":9,"key":"Paper Frog"}],"event_choices":[{"damage_healed":0.0,"max_hp_gain":0.0,"max_hp_loss":0.0,"gold_gain":0.0,"event_name":"Scrap Ooze","player_choice":"Success","floor":3.0,"gold_loss":0.0,"damage_taken":18.0,"relics_obtained":["Bag of Marbles"]},{"damage_healed":0.0,"max_hp_gain":0.0,"max_hp_loss":0.0,"gold_gain":75.0,"event_name":"World of Goop","player_choice":"Gather Gold","floor":5.0,"gold_loss":0.0,"damage_taken":11.0},{"damage_healed":0,"gold_gain":0,"player_choice":"Lose Max HP","damage_taken":0,"relics_obtained":["Golden Idol"],"max_hp_gain":0,"max_hp_loss":7,"event_name":"Golden Idol","floor":12,"gold_loss":0},{"cards_removed":["Strike_R"],"damage_healed":0,"gold_gain":0,"player_choice":"Card Removal","damage_taken":0,"max_hp_gain":0,"max_hp_loss":0,"event_name":"The Cleric","floor":13,"gold_loss":75}],"is_beta":false,"boss_relics":[],"items_purged_floors":[8],"is_endless":false,"potions_floor_spawned":[7,10],"killed_by":"Slime Boss","ascension_level":20}