{"path_per_floor":["M","$","?","M","M","R","M","R","T","M","E","M","R","M","R","B",null,"M","M","M","M","$","R","M","R","T","$","R","M","R","M","R","B",null,"M","M","M","?","M","R","E","M","T","R","?","M","M"],"character_chosen":"DEFECT","items_purchased":["Prime","Bird Faced Urn","Capacitor"],"gold_per_floor":[217,79,79,94,113,113,126,126,152,167,196,214,214,230,230,331,331,331,331,331,331,30,30,30,30,30,5,5,5,5,5,5,5,5,5,5,5,5,5,5,5,5,5,5,5,5,5,5],"floor_reached":48,"campfire_rested":2,"playtime":3072,"current_hp_per_floor":[72,72,72,71,68,68,65,65,65,62,30,23,23,10,32,27,75,65,58,38,34,34,34,40,62,62,62,62,66,66,74,74,69,75,75,68,57,48,47,47,51,43,43,43,14,15,37,0],"items_purged":[],"gold":5,"score":496,"play_id":"2d168d6d-c98e-4f7e-902d-871434ac0145","local_time":"20180504010738","is_prod":false,"is_daily":false,"chose_seed":false,"is_ascension_mode":true,"campfire_upgraded":9,"timestamp":1525388858,"path_taken":["M","$","?","M","M","R","?","R","T","M","E","M","R","M","R","BOSS","M","M","M","M","$","R","M","R","T","?","R","M","R","M","R","BOSS","M","M","M","?","M","R","E","M","T","R","?","M","?","M"],"build_version":"2018-05-02","seed_source_timestamp":3022715092682,"purchased_purges":0,"victory":false,"master_deck":["Strike_B","Strike_B","Strike_B","Strike_B","Defend_B+1","Defend_B+1","Defend_B","Defend_B","Zap+1","Dualcast+1","Coolheaded","Prime+1","Reboot","Melter","Blizzard+1","Defragment+1","Ball Lightning","Creative AI+1","FTL","Coolheaded","Chill","Cold Snap+1","Capacitor+1","Barrage+1","Impulse+1","Rebound+1","Madness+1","Madness","Defragment"],"max_hp_per_floor":[75,75,75,75,75,75,75,75,75,75,75,75,75,75,75,75,75,75,75,75,75,75,75,75,75,75,75,75,75,75,75,75,75,75,75,75,75,75,75,75,75,75,75,75,75,75,75,75],"relics":["Cracked Core","War Paint","Pen Nib","Ectoplasm","Bird Faced Urn","Tiny Chest","White Beast Statue","Unceasing Top","Blue Candle","Turnip"],"card_choices":[{"not_picked":["Leap","Buffer"],"picked":"Coolheaded","floor":1},{"not_picked":["Sweeping Beam","Undo"],"picked":"Reboot","floor":7},{"not_picked":["Axe Kick","Beam Cell"],"picked":"Melter","floor":10},{"not_picked":["Consume","Barrage"],"picked":"Blizzard","floor":11},{"not_picked":["Skim","BootSequence"],"picked":"Defragment","floor":12},{"not_picked":["Rebound","Force Field"],"picked":"Ball Lightning","floor":14},{"not_picked":["Seek","Thunder Strike"],"picked":"Creative AI","floor":16},{"not_picked":["Ball Lightning","Sweeping Beam"],"picked":"FTL","floor":18},{"not_picked":["Axe Kick","Undo"],"picked":"Coolheaded","floor":19},{"not_picked":["Skim","Stack"],"picked":"Chill","floor":20},{"not_picked":["Go for the Eyes","Stack"],"picked":"Cold Snap","floor":21},{"not_picked":["Leap","Genetic Algorithm"],"picked":"Barrage","floor":31},{"not_picked":["Axe Kick","Skim"],"picked":"Impulse","floor":35},{"not_picked":["BootSequence","Cold Snap"],"picked":"Rebound","floor":37},{"not_picked":["Rainbow","FTL"],"picked":"Defragment","floor":46}],"player_experience":590580,"potions_floor_usage":[20,24,29,31,39,42,45,46,47,47],"damage_taken":[{"damage":3,"enemies":"Small Slimes","floor":1,"turns":3},{"damage":1,"enemies":"Cultist","floor":4,"turns":3},{"damage":3,"enemies":"2 Louse","floor":5,"turns":3},{"damage":3,"enemies":"Large Slime","floor":7,"turns":6},{"damage":3,"enemies":"Looter","floor":10,"turns":3},{"damage":32,"enemies":"Gremlin Nob","floor":11,"turns":4},{"damage":7,"enemies":"Blue Slaver","floor":12,"turns":2},{"damage":13,"enemies":"Exordium Thugs","floor":14,"turns":5},{"damage":5,"enemies":"The Guardian","floor":16,"turns":11},{"damage":10,"enemies":"Chosen","floor":18,"turns":4},{"damage":7,"enemies":"Spheric Guardian","floor":19,"turns":4},{"damage":20,"enemies":"Cultist and Chosen","floor":20,"turns":6},{"damage":4,"enemies":"Snecko","floor":21,"turns":5},{"damage":0,"enemies":"Snake Plant","floor":24,"turns":5},{"damage":8,"enemies":"Centurion and Healer","floor":29,"turns":6},{"damage":6,"enemies":"3 Cultists","floor":31,"turns":5},{"damage":18,"enemies":"Champ","floor":33,"turns":9},{"damage":1,"enemies":"Flame Bruiser 1 Orb","floor":35,"turns":7},{"damage":11,"enemies":"Orb Walker","floor":36,"turns":3},{"damage":21,"enemies":"Spire Growth","floor":37,"turns":6},{"damage":27,"enemies":"Flame Bruiser 2 Orb","floor":39,"turns":8},{"damage":18,"enemies":"Giant Head","floor":41,"turns":8},{"damage":34,"enemies":"4 Shapes","floor":42,"turns":9},{"damage":41,"enemies":"Mysterious Sphere","floor":45,"turns":7},{"damage":15,"enemies":"Maw","floor":46,"turns":7},{"damage":12,"enemies":"3 Darklings","floor":47,"turns":11},{"damage":42,"enemies":"Flame Bruiser 2 Orb","floor":48,"turns":2}],"event_choices":[{"event_name":"Golden Idol","player_choice":"Ignored","floor":3,"damage_taken":0},{"event_name":"Winding Halls","player_choice":"Embrace Madness","floor":38,"damage_taken":0},{"event_name":"Mysterious Sphere","player_choice":"Fight","floor":45,"damage_taken":0}],"boss_relics":[{"not_picked":["Calling Bell","Philosopher\u0027s Stone"],"picked":"Ectoplasm"},{"not_picked":["Runic Pyramid","Runic Dome"],"picked":"White Beast Statue"}],"potions_floor_spawned":[4,7,20,21,29,35,36,37,39,41,42,45,46,47],"seed_played":"-2498714328217174691","killed_by":"Flame Bruiser 2 Orb","ascension_level":1,"is_trial":false}