{"gold_per_floor":[11,25,25,25,200,150,150,181,206,242,242,260,260,74,74,193,193,211,211,211,211,136,136,61,61,61,92,105,140,63,84,84,213,213,237,21,77,410,421,421,421],"floor_reached":41,"playtime":1950,"items_purged":["Defend_G","Strike_G"],"score":549,"play_id":"a6f8fbea-40b9-447d-90b4-fbbe850ec123","local_time":"20190729175205","is_ascension_mode":true,"campfire_choices":[{"floor":11,"key":"REST"},{"data":"Finisher","floor":13,"key":"SMITH"},{"data":"Flying Knee","floor":15,"key":"SMITH"},{"data":"RitualDagger","floor":23,"key":"SMITH"},{"floor":25,"key":"RECALL"},{"data":"Accuracy","floor":32,"key":"SMITH"},{"data":"Burst","floor":40,"key":"SMITH"}],"neow_cost":"NO_GOLD","seed_source_timestamp":1551812821731554,"circlet_count":0,"master_deck":["Strike_G","Strike_G","Strike_G","Survivor","Neutralize","Terror","Cloak And Dagger","Flying Knee+1","Finisher+1","Master of Strategy","Burst+1","RitualDagger+1","Necronomicurse","Riddle With Holes+1","Accuracy+1","Accuracy+1","Infinite Blades+1","Adrenaline","Caltrops+1","Acrobatics+1","Crippling Poison+1","Finisher","Blade Dance","Infinite Blades"],"relics":["Ring of the Serpent","Ornamental Fan","Turnip","Happy Flower","Orichalcum","MutagenicStrength","Necronomicon","Bottled Lightning","Pantograph","Centennial Puzzle","Astrolabe","The Specimen"],"potions_floor_usage":[8,10,16,27,29,33,33],"damage_taken":[{"damage":0,"enemies":"Cultist","floor":1,"turns":4},{"damage":0,"enemies":"Jaw Worm","floor":2,"turns":3},{"damage":25,"enemies":"Lagavulin","floor":8,"turns":6},{"damage":24,"enemies":"3 Sentries","floor":10,"turns":18},{"damage":0,"enemies":"Small Slimes","floor":12,"turns":3},{"damage":21,"enemies":"The Guardian","floor":16,"turns":14},{"damage":18,"enemies":"Spheric Guardian","floor":18,"turns":6},{"damage":17,"enemies":"Slavers","floor":27,"turns":6},{"damage":1,"enemies":"2 Thieves","floor":28,"turns":3},{"damage":0,"enemies":"Gremlin Leader","floor":29,"turns":3},{"damage":0,"enemies":"Snecko","floor":31,"turns":2},{"damage":38,"enemies":"Automaton","floor":33,"turns":8},{"damage":13,"enemies":"3 Darklings","floor":35,"turns":3},{"damage":48,"enemies":"2 Orb Walkers","floor":37,"turns":5},{"damage":0,"enemies":"Orb Walker","floor":39,"turns":1},{"damage":15,"enemies":"Nemesis","floor":41,"turns":1}],"seed_played":"-1190009624111201112","potions_obtained":[{"floor":2,"key":"Poison Potion"},{"floor":8,"key":"Swift Potion"},{"floor":10,"key":"EssenceOfSteel"},{"floor":12,"key":"Poison Potion"},{"floor":28,"key":"Swift Potion"},{"floor":29,"key":"Weak Potion"},{"floor":31,"key":"Weak Potion"}],"is_trial":false,"path_per_floor":["M","M","?","?","?","?","?","E","T","E","R","M","R","$","R","B",null,"M","?","?","?","?","R","$","R","T","E","M","E","$","M","R","B",null,"M","$","?","?","M","R","E"],"character_chosen":"THE_SILENT","items_purchased":["Master of Strategy","Accuracy","Blade Dance","Infinite Blades"],"campfire_rested":1,"item_purchase_floors":[14,30,36,36],"current_hp_per_floor":[70,70,53,58,58,58,55,30,30,6,28,28,28,28,28,7,75,57,51,51,35,35,35,35,35,35,18,17,17,17,17,17,4,75,62,62,14,14,14,14,0],"gold":421,"neow_bonus":"TRANSFORM_TWO_CARDS","is_prod":false,"is_daily":false,"chose_seed":false,"campfire_upgraded":5,"win_rate":0,"timestamp":1564437125,"path_taken":["M","M","?","?","?","?","?","E","T","E","R","M","R","$","R","BOSS","M","?","?","?","?","R","$","R","T","E","M","E","$","M","R","BOSS","M","$","?","?","M","R","E"],"build_version":"2019-07-17","purchased_purges":2,"victory":false,"max_hp_per_floor":[70,70,70,75,75,75,75,75,75,75,75,75,75,75,75,75,75,75,75,75,75,75,75,75,75,75,75,75,75,75,75,75,75,75,75,75,75,75,75,75,75],"card_choices":[{"not_picked":["Underhanded Strike","Prepared"],"picked":"Cloak And Dagger","floor":1},{"not_picked":["Slice","All Out Attack"],"picked":"Flying Knee","floor":2},{"not_picked":["Sucker Punch","Predator","Backflip"],"picked":"SKIP","floor":8},{"not_picked":["Expertise","Underhanded Strike","Deadly Poison"],"picked":"SKIP","floor":10},{"not_picked":["Backstab","Deadly Poison"],"picked":"Finisher","floor":12},{"not_picked":["Storm of Steel","Tools of the Trade"],"picked":"Burst","floor":16},{"not_picked":["Reflex","Poisoned Stab+1","Deadly Poison+1"],"picked":"SKIP","floor":18},{"not_picked":["Noxious Fumes","Quick Slash","Heel Hook"],"picked":"SKIP","floor":27},{"not_picked":["Dagger Spray","Dagger Throw"],"picked":"Riddle With Holes+1","floor":28},{"not_picked":["Backflip","Caltrops+1"],"picked":"Accuracy+1","floor":29},{"not_picked":["Slice","Prepared"],"picked":"Infinite Blades+1","floor":31},{"not_picked":["Wraith Form v2","Unload"],"picked":"Adrenaline","floor":33},{"not_picked":["Poisoned Stab","Blade Dance"],"picked":"Finisher","floor":35},{"not_picked":["Blur","Sucker Punch+1","Flechettes"],"picked":"SKIP","floor":39}],"player_experience":208772,"relics_obtained":[{"floor":8,"key":"Turnip"},{"floor":9,"key":"Happy Flower"},{"floor":10,"key":"Orichalcum"},{"floor":21,"key":"Necronomicon"},{"floor":26,"key":"Bottled Lightning"},{"floor":27,"key":"Pantograph"},{"floor":29,"key":"Centennial Puzzle"},{"floor":37,"key":"The Specimen"}],"event_choices":[{"damage_healed":0,"gold_gain":0,"player_choice":"Take Damage","damage_taken":17,"relics_obtained":["Golden Idol"],"max_hp_gain":0,"max_hp_loss":0,"event_name":"Golden Idol","floor":3,"gold_loss":0},{"damage_healed":0,"gold_gain":0,"player_choice":"Donut","damage_taken":0,"max_hp_gain":5,"max_hp_loss":0,"event_name":"Big Fish","floor":4,"gold_loss":0},{"damage_healed":0,"gold_gain":175,"player_choice":"AGREE","damage_taken":0,"max_hp_gain":0,"max_hp_loss":0,"event_name":"Liars Game","floor":5,"gold_loss":0,"cards_obtained":["Doubt"]},{"cards_removed":["Doubt"],"damage_healed":0,"gold_gain":0,"player_choice":"Card Removal","damage_taken":0,"max_hp_gain":0,"max_hp_loss":0,"event_name":"The Cleric","floor":6,"gold_loss":50},{"damage_healed":0,"gold_gain":0,"player_choice":"Success","damage_taken":3,"relics_obtained":["Ornamental Fan"],"max_hp_gain":0,"max_hp_loss":0,"event_name":"Scrap Ooze","floor":7,"gold_loss":0},{"damage_healed":0,"gold_gain":0,"player_choice":"Joined the Cult","damage_taken":6,"max_hp_gain":0,"max_hp_loss":0,"event_name":"Nest","floor":19,"gold_loss":0,"cards_obtained":["RitualDagger"]},{"damage_healed":0,"gold_gain":0,"player_choice":"Inject Mutagens","damage_taken":0,"relics_obtained":["MutagenicStrength"],"max_hp_gain":0,"max_hp_loss":0,"event_name":"Drug Dealer","floor":20,"gold_loss":0},{"damage_healed":0,"gold_gain":0,"player_choice":"Obtained Book","damage_taken":16,"max_hp_gain":0,"max_hp_loss":0,"event_name":"Cursed Tome","floor":21,"gold_loss":0},{"cards_removed":["Defend_G"],"damage_healed":0,"gold_gain":0,"player_choice":"Gave Gold","damage_taken":0,"max_hp_gain":0,"max_hp_loss":0,"event_name":"Beggar","floor":22,"gold_loss":75},{"damage_healed":0,"gold_gain":0,"player_choice":"Fight","damage_taken":0,"max_hp_gain":0,"max_hp_loss":0,"event_name":"Mysterious Sphere","floor":37,"gold_loss":0},{"damage_healed":0,"gold_gain":333,"player_choice":"Gave Idol","damage_taken":0,"max_hp_gain":0,"max_hp_loss":0,"event_name":"The Moai Head","floor":38,"relics_lost":["Golden Idol"],"gold_loss":0}],"is_beta":false,"boss_relics":[{"not_picked":["Black Star","Lizard Tail"],"picked":"Ring of the Serpent"},{"not_picked":["Coffee Dripper","Orrery"],"picked":"Astrolabe"}],"items_purged_floors":[24,36],"is_endless":false,"potions_floor_spawned":[2,8,10,12,28,29,31],"killed_by":"Nemesis","ascension_level":3}