{"gold_per_floor":[113,288,288,288,42,42,42,42,122,150,150,150,11,22,22,127,127,143,49,66,81,91,91],"floor_reached":23,"playtime":547,"items_purged":["Defend_R"],"score":212,"play_id":"93c7bf9c-2793-4694-ba0f-9ca100fb0320","local_time":"20190730202940","is_ascension_mode":false,"campfire_choices":[{"floor":6,"key":"REST"},{"data":"Bash","floor":8,"key":"SMITH"},{"floor":12,"key":"REST"},{"floor":15,"key":"REST"}],"neow_cost":"NONE","seed_source_timestamp":1649074182207424,"circlet_count":0,"master_deck":["Strike_R","Strike_R","Strike_R","Strike_R","Strike_R","Defend_R","Defend_R","Bash+1","Flex+1","Flex+1","Spot Weakness+1","Flex+1","Feed","Rage+1","Inflame","Flex+1"],"relics":["Black Star","Toxic Egg 2","Singing Bowl","Darkstone Periapt","Question Card","Vajra","The Courier","Runic Cube"],"potions_floor_usage":[10,22,23],"damage_taken":[{"damage":0,"enemies":"2 Louse","floor":1,"turns":3},{"damage":36,"enemies":"Lagavulin","floor":10,"turns":5},{"damage":3,"enemies":"Small Slimes","floor":14,"turns":2},{"damage":61,"enemies":"Hexaghost","floor":16,"turns":7},{"damage":10,"enemies":"Spheric Guardian","floor":18,"turns":3},{"damage":25,"enemies":"3 Byrds","floor":20,"turns":6},{"damage":39,"enemies":"Snecko","floor":21,"turns":6},{"damage":6,"enemies":"Snake Plant","floor":22,"turns":2},{"damage":0,"enemies":"Gremlin Leader","floor":23,"turns":3}],"seed_played":"7804516250833257076","potions_obtained":[{"floor":1,"key":"Ancient Potion"},{"floor":16,"key":"FearPotion"},{"floor":21,"key":"AttackPotion"}],"is_trial":false,"path_per_floor":["M","?","?","?","$","R","?","R","T","E","?","R","$","M","R","B",null,"M","$","M","M","M","E"],"character_chosen":"IRONCLAD","items_purchased":["Singing Bowl","Flex+1","Spot Weakness+1","Rage+1","Inflame"],"campfire_rested":3,"item_purchase_floors":[5,13,13,19,19],"current_hp_per_floor":[80,80,68,61,61,80,80,80,80,44,44,68,68,65,80,19,80,72,72,47,10,6,6],"gold":91,"neow_bonus":"BOSS_RELIC","is_prod":false,"is_daily":false,"chose_seed":false,"campfire_upgraded":1,"win_rate":0,"timestamp":1564532980,"path_taken":["M","?","?","?","$","R","?","R","T","E","?","R","?","M","R","BOSS","M","$","?","M","M","E"],"build_version":"2019-07-17","purchased_purges":1,"victory":false,"max_hp_per_floor":[80,80,80,80,80,80,80,80,80,80,80,80,80,80,80,80,80,82,82,82,84,86,86],"card_choices":[{"not_picked":["Sever Soul","Pommel Strike","Shockwave"],"picked":"SKIP","floor":1},{"not_picked":["Fire Breathing","Anger"],"picked":"Flex+1","floor":10},{"not_picked":["Seeing Red+1","Clash","Sever Soul"],"picked":"Flex+1","floor":14},{"not_picked":["Dark Embrace","Reaper","Fiend Fire"],"picked":"Feed","floor":16},{"not_picked":["Thunderclap","Cleave","Clash","Corruption+1"],"picked":"Singing Bowl","floor":18},{"not_picked":["Sever Soul","Intimidate+1","Iron Wave"],"picked":"Flex+1","floor":20},{"not_picked":["Perfected Strike","Anger+1","Dual Wield+1","Shockwave+1"],"picked":"Singing Bowl","floor":21},{"not_picked":["Pommel Strike+1","Infernal Blade+1","Dual Wield+1","Flex+1"],"picked":"Singing Bowl","floor":22}],"player_experience":239016,"relics_obtained":[{"floor":9,"key":"Darkstone Periapt"},{"floor":10,"key":"Question Card"},{"floor":10,"key":"Vajra"}],"event_choices":[{"damage_healed":0,"gold_gain":175,"player_choice":"AGREE","damage_taken":0,"max_hp_gain":0,"max_hp_loss":0,"event_name":"Liars Game","floor":2,"gold_loss":0,"cards_obtained":["Doubt"]},{"damage_healed":0,"gold_gain":0,"player_choice":"Success","damage_taken":12,"relics_obtained":["Toxic Egg 2"],"max_hp_gain":0,"max_hp_loss":0,"event_name":"Scrap Ooze","floor":3,"gold_loss":0},{"cards_removed":["Doubt"],"damage_healed":0,"gold_gain":0,"player_choice":"Card Removal","damage_taken":7,"max_hp_gain":0,"max_hp_loss":0,"event_name":"Golden Wing","floor":4,"gold_loss":0},{"cards_removed":["Defend_R"],"damage_healed":0,"gold_gain":0,"player_choice":"Forget","damage_taken":0,"max_hp_gain":0,"max_hp_loss":0,"event_name":"Living Wall","floor":7,"gold_loss":0},{"damage_healed":0,"gold_gain":0,"player_choice":"Searched \u00272\u0027 times","damage_taken":0,"relics_obtained":["The Courier"],"max_hp_gain":0,"max_hp_loss":0,"event_name":"Dead Adventurer","floor":11,"gold_loss":0}],"is_beta":false,"boss_relics":[{"not_picked":["Mark of Pain","Tiny House"],"picked":"Runic Cube"}],"items_purged_floors":[13],"is_endless":false,"potions_floor_spawned":[1,16,21],"killed_by":"Gremlin Leader","ascension_level":0}