{"gold_per_floor":[112,68,68,68,29,29,39,39,39,39,50,13,44,64,64,139,139,150,150,75,86,99,99,99],"floor_reached":24,"playtime":733,"items_purged":["Wild Strike"],"score":349,"play_id":"85c1e07e-52d0-453c-8587-690945a46174","local_time":"20190214022030","is_ascension_mode":true,"campfire_choices":[{"data":"Bash","floor":6.0,"key":"SMITH"},{"data":"Battle Trance","floor":8.0,"key":"SMITH"},{"data":"Metallicize","floor":15.0,"key":"SMITH"},{"data":"Iron Wave","floor":23,"key":"SMITH"}],"neow_cost":"NONE","seed_source_timestamp":837806673340933,"circlet_count":0,"master_deck":["AscendersBane","Strike_R","Strike_R","Strike_R","Strike_R","Defend_R","Defend_R","Defend_R","Defend_R","Bash+1","Limit Break+1","Headbutt","Spot Weakness","Battle Trance+1","Iron Wave+1","Metallicize+1","Immolate","Shrug It Off","Pommel Strike","Burning Pact+1"],"special_seed":0,"relics":["Burning Blood","Question Card","StoneCalendar","Velvet Choker"],"potions_floor_usage":[21,22,22],"damage_taken":[{"damage":10.0,"enemies":"Small Slimes","floor":1.0,"turns":4.0},{"damage":7.0,"enemies":"2 Louse","floor":7.0,"turns":2.0},{"damage":7.0,"enemies":"Jaw Worm","floor":11.0,"turns":3.0},{"damage":33.0,"enemies":"Gremlin Nob","floor":13.0,"turns":4.0},{"damage":11.0,"enemies":"3 Louse","floor":14.0,"turns":4.0},{"damage":28.0,"enemies":"The Guardian","floor":16.0,"turns":9.0},{"damage":16.0,"enemies":"3 Byrds","floor":18.0,"turns":4.0},{"damage":19,"enemies":"2 Thieves","floor":21,"turns":4},{"damage":14,"enemies":"Snecko","floor":22,"turns":4},{"damage":42,"enemies":"Gremlin Leader","floor":24,"turns":4}],"seed_played":"-3798978836215839965","potions_obtained":[{"floor":1.0,"key":"Ancient Potion"},{"floor":13.0,"key":"GamblersBrew"},{"floor":16.0,"key":"AttackPotion"},{"floor":18.0,"key":"Strength Potion"},{"floor":21,"key":"AttackPotion"}],"is_trial":false,"path_per_floor":["M","$","?","?","$","R","M","R","T","?","M","$","E","M","R","B",null,"M","?","$","M","M","R","E"],"character_chosen":"IRONCLAD","items_purchased":["Spot Weakness","Battle Trance","Metallicize"],"campfire_rested":0,"item_purchase_floors":[2,5,12],"current_hp_per_floor":[64,64,64,64,64,64,63,63,63,68,67,67,40,35,35,13,63,53,53,53,40,32,32,0],"gold":99,"neow_bonus":"ONE_RANDOM_RARE_CARD","is_prod":false,"is_daily":false,"chose_seed":false,"campfire_upgraded":4,"win_rate":0,"timestamp":1550107230,"path_taken":["M","$","?","?","$","R","M","R","T","?","M","$","E","?","R","BOSS","M","?","$","?","?","R","E"],"build_version":"2019-01-23","purchased_purges":1,"victory":false,"max_hp_per_floor":[75,75,75,75,75,75,75,75,75,80,80,80,80,80,80,80,80,80,80,80,80,80,80,80],"card_choices":[{"not_picked":["Hemokinesis","Dual Wield"],"picked":"Headbutt","floor":1.0},{"not_picked":["Perfected Strike","Sword Boomerang","Flex"],"picked":"SKIP","floor":7.0},{"not_picked":["Ghostly Armor","Second Wind","Seeing Red"],"picked":"Iron Wave","floor":11.0},{"not_picked":["Berserk","Spot Weakness","Corruption","Intimidate"],"picked":"SKIP","floor":13.0},{"not_picked":["Seeing Red","Bloodletting","Pommel Strike","Corruption"],"picked":"SKIP","floor":14.0},{"not_picked":["Berserk","Bludgeon","Juggernaut"],"picked":"Immolate","floor":16.0},{"not_picked":["Body Slam","Twin Strike","True Grit"],"picked":"Shrug It Off","floor":18.0},{"not_picked":["Cleave","Entrench","Fire Breathing"],"picked":"Pommel Strike","floor":21},{"not_picked":["Pommel Strike+1","Havoc+1","Power Through"],"picked":"Burning Pact+1","floor":22}],"player_experience":795501,"relics_obtained":[{"floor":9.0,"key":"Question Card"},{"floor":13.0,"key":"StoneCalendar"}],"event_choices":[{"damage_healed":0.0,"max_hp_gain":0.0,"max_hp_loss":0.0,"gold_gain":0.0,"event_name":"Living Wall","player_choice":"Grow","floor":3.0,"gold_loss":0.0,"damage_taken":0.0,"cards_upgraded":["Limit Break"]},{"damage_healed":0.0,"max_hp_gain":0.0,"max_hp_loss":0.0,"gold_gain":0.0,"event_name":"Shining Light","player_choice":"Ignored","floor":4.0,"gold_loss":0.0,"damage_taken":0.0},{"damage_healed":0.0,"max_hp_gain":5.0,"max_hp_loss":0.0,"gold_gain":0.0,"event_name":"Big Fish","player_choice":"Donut","floor":10.0,"gold_loss":0.0,"damage_taken":0.0},{"damage_healed":0.0,"max_hp_gain":0.0,"max_hp_loss":0.0,"gold_gain":0.0,"cards_transformed":["Strike_R"],"event_name":"Transmorgrifier","player_choice":"Transformed","floor":19.0,"gold_loss":0.0,"damage_taken":0.0,"cards_obtained":["Wild Strike"]}],"is_beta":false,"boss_relics":[{"not_picked":["Runic Pyramid","Lizard Tail"],"picked":"Velvet Choker"}],"items_purged_floors":[20],"is_endless":false,"potions_floor_spawned":[1,13,16,18,21],"killed_by":"Gremlin Leader","ascension_level":16}