{"gold_per_floor":[118,118,118,128,138,138,151,151,151,151,166,181,181,207,207,207],"floor_reached":16,"playtime":441,"items_purged":[],"score":179,"play_id":"6eafb8ed-5d32-4cc9-a784-969d167594ed","local_time":"20190112120535","is_ascension_mode":true,"campfire_choices":[{"data":"Zap","floor":6.0,"key":"SMITH"},{"data":"Defragment","floor":8,"key":"SMITH"},{"data":"Redo","floor":10,"key":"SMITH"},{"data":"Dualcast","floor":15,"key":"SMITH"}],"neow_cost":"PERCENT_DAMAGE","seed_source_timestamp":440835741309511,"circlet_count":0,"master_deck":["AscendersBane","Strike_B","Strike_B","Strike_B","Defend_B","Defend_B","Defend_B","Defend_B","Zap+1","Dualcast+1","Self Repair","Defragment+1","Redo+1","White Noise","Sweeping Beam"],"special_seed":0,"relics":["Cracked Core","Bird Faced Urn","Du-Vu Doll","Gambling Chip","Omamori"],"potions_floor_usage":[7],"damage_taken":[{"damage":0.0,"enemies":"Cultist","floor":1.0,"turns":3.0},{"damage":2.0,"enemies":"2 Louse","floor":4.0,"turns":3.0},{"damage":5.0,"enemies":"Small Slimes","floor":5.0,"turns":4.0},{"damage":35,"enemies":"Gremlin Gang","floor":7,"turns":4},{"damage":7,"enemies":"2 Fungi Beasts","floor":11,"turns":3},{"damage":11,"enemies":"3 Louse","floor":12,"turns":2},{"damage":25,"enemies":"Lagavulin","floor":14,"turns":5},{"damage":45,"enemies":"The Guardian","floor":16,"turns":9}],"seed_played":"4729292392884682808","potions_obtained":[{"floor":1.0,"key":"PowerPotion"},{"floor":11,"key":"Ancient Potion"},{"floor":12,"key":"FocusPotion"}],"is_trial":false,"path_per_floor":["M","?","?","M","M","R","M","R","T","R","M","M","?","E","R","B"],"character_chosen":"DEFECT","items_purchased":[],"campfire_rested":0,"item_purchase_floors":[],"current_hp_per_floor":[46,46,46,55,61,61,39,39,39,39,45,43,43,37,37,0],"gold":207,"neow_bonus":"ONE_RARE_RELIC","is_prod":false,"is_daily":false,"chose_seed":false,"campfire_upgraded":4,"win_rate":0,"timestamp":1547291135,"path_taken":["M","?","?","?","M","R","M","R","T","R","M","M","?","E","R","BOSS"],"build_version":"2019-01-10","purchased_purges":0,"victory":false,"max_hp_per_floor":[71,71,71,71,71,71,71,71,71,71,71,71,71,71,71,71],"card_choices":[{"not_picked":["Static Discharge","Compile Driver"],"picked":"Self Repair","floor":1.0},{"not_picked":["Ball Lightning","Turbo"],"picked":"Redo","floor":4.0},{"not_picked":["Lockon","Fusion","Gash"],"picked":"SKIP","floor":5.0},{"not_picked":["Beam Cell","Hologram"],"picked":"White Noise","floor":7},{"not_picked":["Thunder Strike","Undo","Recycle"],"picked":"SKIP","floor":11},{"not_picked":["Redo","Gash","Cold Snap"],"picked":"SKIP","floor":12},{"not_picked":["Sweeping Beam","Leap","All For One"],"picked":"SKIP","floor":14},{"not_picked":["Leap","All For One"],"picked":"Sweeping Beam","floor":14}],"player_experience":707599,"relics_obtained":[{"floor":9,"key":"Du-Vu Doll"},{"floor":14,"key":"Omamori"}],"event_choices":[{"cards_removed":["Strike_B"],"damage_healed":0.0,"max_hp_gain":0.0,"max_hp_loss":0.0,"gold_gain":0.0,"event_name":"Living Wall","player_choice":"Forget","floor":2.0,"gold_loss":0.0,"damage_taken":0.0},{"damage_healed":0.0,"max_hp_gain":0.0,"max_hp_loss":0.0,"gold_gain":0.0,"event_name":"Match and Keep!","player_choice":"1 cards matched","floor":3.0,"gold_loss":0.0,"damage_taken":0.0,"cards_obtained":["Defragment"]},{"damage_healed":0,"gold_gain":0,"player_choice":"Gave Potion","damage_taken":0,"relics_obtained":["Gambling Chip"],"max_hp_gain":0,"max_hp_loss":0,"event_name":"WeMeetAgain","floor":13,"gold_loss":0}],"is_beta":false,"boss_relics":[],"items_purged_floors":[],"is_endless":false,"potions_floor_spawned":[1,11,12],"killed_by":"The Guardian","ascension_level":15}