{"path_per_floor":["M","$","M","?","M","E","R","M","T","M","R","E","M","?","R","B",null,"M","M","?"],"character_chosen":"IRONCLAD","items_purchased":[],"gold_per_floor":[116,41,57,57,76,107,107,117,117,135,135,164,178,242,242,344,344,357,372,372],"floor_reached":21,"campfire_rested":1,"playtime":1056,"current_hp_per_floor":[74,74,72,65,69,44,44,42,42,35,35,26,24,24,48,12,63,29,27,27],"items_purged":["Parasite"],"gold":372,"score":296,"play_id":"5103dc36-fe05-4a8b-8291-7295cf2950de","local_time":"20180316123420","is_prod":false,"is_daily":false,"is_ascension_mode":true,"campfire_upgraded":2,"timestamp":1521200060,"path_taken":["M","$","M","?","?","E","R","M","T","M","R","E","M","?","R","BOSS","M","M","?","M"],"build_version":"2018-03-15","purchased_purges":1,"victory":false,"master_deck":["Strike_R","Strike_R","Defend_R","Defend_R","Defend_R","Bash+1","Bludgeon+1","Thunderclap","Pommel Strike","Headbutt","Feed","Inflame","Metallicize+1","Impervious","Barricade+1","Battle Trance+1","Juggernaut+1","Shrug It Off+1","Body Slam"],"max_hp_per_floor":[80,77,77,77,77,77,77,77,77,77,77,77,77,80,80,80,80,80,80,80],"relics":["Burning Blood","Omamori","Red Skull","Smiling Mask","Frozen Egg 2","Astrolabe"],"card_choices":[{"not_picked":["Armaments","Heavy Blade"],"picked":"Thunderclap"},{"not_picked":["Armaments","Second Wind"],"picked":"Pommel Strike"},{"not_picked":["Clash","Flex"],"picked":"Headbutt"},{"not_picked":["Body Slam","Wild Strike"],"picked":"Feed"},{"not_picked":["Cleave","Brutality"],"picked":"Inflame"},{"not_picked":["Clothesline","Havoc"],"picked":"Metallicize"},{"not_picked":["Dark Embrace","Bludgeon"],"picked":"Impervious"},{"not_picked":["Pommel Strike","Clash"],"picked":"Shrug It Off"},{"not_picked":["Twin Strike","Feel No Pain"],"picked":"Body Slam"}],"player_experience":391872,"potions_floor_usage":[8,12,14,18,18],"damage_taken":[{"damage":4,"enemies":"Small Slimes","floor":1,"turns":3},{"damage":8,"enemies":"2 Louse","floor":3,"turns":2},{"damage":2,"enemies":"Jaw Worm","floor":5,"turns":3},{"damage":31,"enemies":"3 Sentries","floor":6,"turns":6},{"damage":8,"enemies":"Gremlin Gang","floor":8,"turns":4},{"damage":13,"enemies":"Large Slime","floor":10,"turns":2},{"damage":15,"enemies":"Lagavulin","floor":12,"turns":3},{"damage":8,"enemies":"3 Louse","floor":13,"turns":2},{"damage":9,"enemies":"3 Sentries","floor":14,"turns":4},{"damage":42,"enemies":"The Guardian","floor":16,"turns":10},{"damage":40,"enemies":"2 Thieves","floor":18,"turns":4},{"damage":8,"enemies":"Chosen","floor":19,"turns":6},{"damage":28,"enemies":"Snake Plant","floor":21,"turns":2}],"event_choices":[{"event_name":"Golden Wing","player_choice":"Card Removal","floor":4,"damage_taken":0},{"event_name":"Dead Adventurer","player_choice":"Searched \u00272\u0027 times","floor":14,"damage_taken":0},{"event_name":"Vampires","player_choice":"Ignored","floor":20,"damage_taken":0}],"boss_relics":[{"not_picked":["Black Star","Question Card"],"picked":"Astrolabe"}],"potions_floor_spawned":[3,8,13,14,16],"seed_played":"6225154798935485593","killed_by":"Snake Plant","ascension_level":11,"is_trial":false}