{"gold_per_floor":[111,72,72,95,111,111,135,135,135,135,135,135,150,39,39,158,158,172,95,113,113,13,13,44,57,57,57,57,72,113,136,136,266,266,289,85,98,31,56,56,56],"floor_reached":41,"playtime":1456,"items_purged":["Strike_B","Strike_B","Defend_B"],"score":674,"play_id":"47df7d97-c2b0-4aac-8301-110475658a74","local_time":"20190111140433","is_ascension_mode":true,"campfire_choices":[{"data":"Consume","floor":6.0,"key":"SMITH"},{"data":"Dualcast","floor":10.0,"key":"SMITH"},{"data":"Conserve Battery","floor":12.0,"key":"SMITH"},{"data":"Glacier","floor":15.0,"key":"SMITH"},{"data":"Redo","floor":23.0,"key":"SMITH"},{"floor":27.0,"key":"REST"},{"data":"Turbo","floor":32.0,"key":"SMITH"},{"data":"Coolheaded","floor":40.0,"key":"SMITH"}],"neow_cost":"NONE","seed_source_timestamp":360517401482342,"circlet_count":0,"master_deck":["AscendersBane","Strike_B","Strike_B","Defend_B","Defend_B","Zap+1","Dualcast+1","Conserve Battery+1","Consume+1","Glacier+1","Static Discharge+1","Defragment+1","Electrodynamics+1","Force Field","Capacitor+1","Redo+1","Compile Driver","Coolheaded+1","Echo Form+1","Turbo+1","Loop+1","Heatsinks+1"],"special_seed":0,"relics":["Cracked Core","Golden Idol","Frozen Egg 2","Inserter","Nloth\u0027s Gift","Strawberry","Dream Catcher","Sozu"],"potions_floor_usage":[],"damage_taken":[{"damage":2.0,"enemies":"Jaw Worm","floor":1.0,"turns":3.0},{"damage":9.0,"enemies":"Small Slimes","floor":4.0,"turns":3.0},{"damage":0.0,"enemies":"2 Louse","floor":5.0,"turns":4.0},{"damage":1.0,"enemies":"2 Fungi Beasts","floor":7.0,"turns":4.0},{"damage":1.0,"enemies":"Lots of Slimes","floor":13.0,"turns":2.0},{"damage":20.0,"enemies":"Hexaghost","floor":16.0,"turns":7.0},{"damage":7.0,"enemies":"3 Byrds","floor":18.0,"turns":2.0},{"damage":4.0,"enemies":"Chosen","floor":20.0,"turns":5.0},{"damage":7.0,"enemies":"Book of Stabbing","floor":24.0,"turns":7.0},{"damage":11.0,"enemies":"Snecko","floor":25.0,"turns":7.0},{"damage":21.0,"enemies":"Shelled Parasite and Fungi","floor":29.0,"turns":5.0},{"damage":30.0,"enemies":"Slavers","floor":30.0,"turns":4.0},{"damage":15.0,"enemies":"Snake Plant","floor":31.0,"turns":3.0},{"damage":3.0,"enemies":"Automaton","floor":33.0,"turns":8.0},{"damage":5.0,"enemies":"3 Shapes","floor":35.0,"turns":3.0},{"damage":19.0,"enemies":"3 Darklings","floor":37.0,"turns":6.0},{"damage":4.0,"enemies":"Maw","floor":39.0,"turns":6.0},{"damage":84,"enemies":"Writhing Mass","floor":41,"turns":3}],"seed_played":"-1735764705719033279","potions_obtained":[{"floor":4.0,"key":"Ancient Potion"},{"floor":5.0,"key":"Explosive Potion"},{"floor":7.0,"key":"SkillPotion"},{"floor":25.0,"key":"SteroidPotion"},{"floor":29.0,"key":"Block Potion"},{"floor":30.0,"key":"FocusPotion"},{"floor":31.0,"key":"Weak Potion"}],"is_trial":false,"path_per_floor":["M","$","?","M","M","R","M","?","T","R","?","R","M","$","R","B",null,"M","$","M","?","$","R","E","M","T","R","?","M","E","M","R","B",null,"M","$","M","$","M","R","M"],"character_chosen":"DEFECT","items_purchased":["Consume","Defragment+1","Capacitor+1","Loop+1","Heatsinks+1"],"campfire_rested":1,"item_purchase_floors":[2,14,19,36,38],"current_hp_per_floor":[66,66,48,39,39,39,38,38,38,38,43,43,42,42,42,22,66,59,59,55,55,55,55,55,44,44,70,70,49,19,4,4,1,66,61,61,42,42,38,38,0],"gold":56,"neow_bonus":"UPGRADE_CARD","is_prod":false,"is_daily":false,"chose_seed":false,"campfire_upgraded":7,"win_rate":0,"timestamp":1547211873,"path_taken":["M","$","?","M","M","R","M","?","T","R","?","R","M","$","R","BOSS","M","$","M","?","$","R","E","?","T","R","?","M","E","M","R","BOSS","M","$","?","$","?","R","M"],"build_version":"2019-01-10","purchased_purges":3,"victory":false,"max_hp_per_floor":[75,75,75,75,75,75,75,75,75,75,80,80,80,80,80,80,80,80,80,80,80,80,80,87,87,87,87,87,87,87,87,87,87,87,87,87,87,87,87,87,87],"card_choices":[{"not_picked":["Self Repair","Stack"],"picked":"Conserve Battery","floor":1.0},{"not_picked":["Gash","Barrage"],"picked":"Glacier","floor":4.0},{"not_picked":["Rebound","Gash","Stack"],"picked":"SKIP","floor":5.0},{"not_picked":["Glacier","Gash","Barrage"],"picked":"SKIP","floor":7.0},{"not_picked":["Redo","Turbo"],"picked":"Static Discharge+1","floor":13.0},{"not_picked":["All For One","Hyperbeam"],"picked":"Electrodynamics+1","floor":16.0},{"not_picked":["Gash","Barrage"],"picked":"Force Field","floor":18.0},{"not_picked":["Capacitor+1","Leap"],"picked":"Redo","floor":20.0},{"not_picked":["Rebound","Turbo"],"picked":"Compile Driver","floor":24.0},{"not_picked":["Gash","Redo","Electrodynamics+1"],"picked":"SKIP","floor":25.0},{"not_picked":["Rebound+1","Steam"],"picked":"Coolheaded","floor":29.0},{"not_picked":["Rebound","Stack"],"picked":"Echo Form+1","floor":30.0},{"not_picked":["Skim","Ball Lightning+1"],"picked":"Turbo","floor":31.0},{"not_picked":["Steam+1","Conserve Battery","Melter+1"],"picked":"SKIP","floor":35.0},{"not_picked":["Streamline+1","Darkness","Doom and Gloom"],"picked":"SKIP","floor":37.0},{"not_picked":["Rebound","Ball Lightning","Coolheaded"],"picked":"SKIP","floor":39.0}],"player_experience":694145,"relics_obtained":[{"floor":9.0,"key":"Frozen Egg 2"},{"floor":24.0,"key":"Strawberry"},{"floor":30.0,"key":"Dream Catcher"}],"event_choices":[{"damage_healed":0.0,"max_hp_gain":0.0,"max_hp_loss":0.0,"gold_gain":0.0,"event_name":"Golden Idol","player_choice":"Take Damage","floor":3.0,"gold_loss":0.0,"damage_taken":18.0,"relics_obtained":["Golden Idol"]},{"damage_healed":0.0,"max_hp_gain":0.0,"max_hp_loss":0.0,"gold_gain":0.0,"event_name":"Dead Adventurer","player_choice":"Searched \u00271\u0027 times","floor":8.0,"gold_loss":0.0,"damage_taken":0.0,"relics_obtained":["Symbiotic Virus"]},{"damage_healed":0.0,"max_hp_gain":5.0,"max_hp_loss":0.0,"gold_gain":0.0,"event_name":"Big Fish","player_choice":"Donut","floor":11.0,"gold_loss":0.0,"damage_taken":0.0},{"damage_healed":0.0,"max_hp_gain":0.0,"max_hp_loss":0.0,"gold_gain":0.0,"event_name":"N\u0027loth","player_choice":"Traded Relic","floor":21.0,"relics_lost":["Symbiotic Virus"],"gold_loss":0.0,"damage_taken":0.0,"relics_obtained":["Nloth\u0027s Gift"]},{"cards_removed":["Defend_B"],"damage_healed":0.0,"max_hp_gain":0.0,"max_hp_loss":0.0,"gold_gain":0.0,"event_name":"Bonfire Elementals","player_choice":"Offered Basic","floor":28.0,"gold_loss":0.0,"damage_taken":0.0}],"is_beta":false,"boss_relics":[{"not_picked":["Orrery","Coffee Dripper"],"picked":"Inserter"},{"not_picked":["Fusion Hammer","White Beast Statue"],"picked":"Sozu"}],"items_purged_floors":[14,22,36],"is_endless":false,"potions_floor_spawned":[4,5,7,25,29,30,31,39],"killed_by":"Writhing Mass","ascension_level":12}