{"path_per_floor":["M","?","M","$","?","E","?","M","T","R","?","M","R","M","R","B",null,"M","M","M","?","$","R","?","R","T","$","R","$","E","T","R","B",null,"M","$","M","M","?","R","E"],"character_chosen":"THE_SILENT","items_purchased":["Well Laid Plans","Tiny Chest"],"gold_per_floor":[110,110,120,7,7,37,37,57,57,57,85,96,96,114,114,191,191,205,218,235,235,14,14,14,14,14,14,14,14,44,44,44,115,115,129,4,21,36,36,36,64,64],"floor_reached":42,"campfire_rested":1,"playtime":3252,"current_hp_per_floor":[55,55,49,49,54,34,27,27,27,27,23,23,23,22,22,8,55,50,50,38,38,38,38,25,25,25,25,47,47,40,40,40,34,66,66,66,66,53,43,43,32,0],"items_purged":["Defend_G","Defend_G","Strike_G"],"gold":64,"score":794,"play_id":"f158a477-1577-40f2-a583-fec2f8665f68","local_time":"20180414230240","is_prod":false,"is_daily":false,"chose_seed":false,"is_ascension_mode":true,"campfire_upgraded":7,"timestamp":1523739760,"path_taken":["M","?","M","?","?","E","?","M","T","R","?","M","R","M","R","BOSS","M","?","M","?","$","R","?","R","T","$","R","$","E","?","R","BOSS","M","$","M","M","?","R","E","M"],"build_version":"2018-04-12","seed_source_timestamp":62103624411132,"purchased_purges":3,"victory":false,"master_deck":["Defend_G","Defend_G+1","Defend_G+1","Strike_G","Strike_G","Survivor","Neutralize+1","AscendersBane","Slice","Well Laid Plans+1","Adrenaline","Slice","Noxious Fumes+1","Deflect","Acrobatics+1","Tools of the Trade+1","Footwork+1","Backflip","Backflip","Prepared","Concentrate+1","Terror+1","Noxious Fumes","Acrobatics+1","Slice","Madness","Madness","After Image"],"max_hp_per_floor":[66,66,66,66,71,71,71,71,71,71,71,71,71,71,71,71,71,71,71,71,71,71,71,76,76,76,76,76,76,76,76,76,76,76,76,76,76,76,76,76,76,76],"relics":["Ring of the Snake","Pen Nib","Unceasing Top","War Paint","Ginger","Odd Mushroom","Orrery","Tiny Chest","Happy Flower","Bag of Marbles","Darkstone Periapt","Cursed Key","Prayer Wheel"],"card_choices":[{"not_picked":["Blade Dance","Infinite Blades"],"picked":"Slice","floor":1.0},{"not_picked":["Blur","Deadly Poison"],"picked":"Adrenaline","floor":6},{"not_picked":["Deflect","Sucker Punch"],"picked":"Slice","floor":8},{"not_picked":["Blur","Sucker Punch"],"picked":"Noxious Fumes","floor":12},{"not_picked":["Underhanded Strike","Dodge and Roll"],"picked":"Deflect","floor":14},{"not_picked":["Dagger Spray","Choke"],"picked":"Acrobatics","floor":17},{"not_picked":["Endless Agony","Acrobatics"],"picked":"Tools of the Trade","floor":17},{"not_picked":["Noxious Fumes","Outmaneuver"],"picked":"Footwork","floor":17},{"not_picked":["Escape Plan","Bane"],"picked":"Backflip","floor":17},{"not_picked":["Reflex","Slice"],"picked":"Backflip","floor":17},{"not_picked":["Caltrops","Dodge and Roll"],"picked":"Prepared","floor":18},{"not_picked":["Backflip","Prepared"],"picked":"Concentrate","floor":19},{"not_picked":["Deflect","Eviscerate"],"picked":"Terror","floor":20},{"not_picked":["Dagger Throw","Sucker Punch"],"picked":"Noxious Fumes","floor":30},{"not_picked":["Underhanded Strike","Cloak And Dagger"],"picked":"Acrobatics","floor":35},{"not_picked":["Acrobatics","Flechettes"],"picked":"Slice","floor":37},{"not_picked":["Skewer","Backflip"],"picked":"After Image","floor":41}],"player_experience":530404,"potions_floor_usage":[11,12,14,16,18,20,20,41,41,41],"damage_taken":[{"damage":4.0,"enemies":"Small Slimes","floor":1.0,"turns":4.0},{"damage":6.0,"enemies":"2 Louse","floor":3.0,"turns":3.0},{"damage":20,"enemies":"3 Sentries","floor":6,"turns":12},{"damage":0,"enemies":"Cultist","floor":8,"turns":4},{"damage":4,"enemies":"The Mushroom Lair","floor":11,"turns":3},{"damage":0,"enemies":"Large Slime","floor":12,"turns":5},{"damage":1,"enemies":"Exordium Wildlife","floor":14,"turns":4},{"damage":14,"enemies":"The Guardian","floor":16,"turns":12},{"damage":5,"enemies":"3 Byrds","floor":18,"turns":6},{"damage":0,"enemies":"Shell Parasite","floor":19,"turns":9},{"damage":12,"enemies":"Cultist and Chosen","floor":20,"turns":8},{"damage":7,"enemies":"Book of Stabbing","floor":30,"turns":6},{"damage":6,"enemies":"Champ","floor":33,"turns":13},{"damage":0,"enemies":"Orb Walker","floor":35,"turns":4},{"damage":0,"enemies":"3 Darklings","floor":37,"turns":4},{"damage":13,"enemies":"Maw","floor":38,"turns":6},{"damage":23,"enemies":"2 Orb Walkers","floor":41,"turns":4},{"damage":35,"enemies":"4 Shapes","floor":42,"turns":1}],"event_choices":[{"event_name":"Living Wall","player_choice":"Forget","floor":2.0,"damage_taken":0.0},{"event_name":"Big Fish","player_choice":"Donut","floor":5.0,"damage_taken":0.0},{"event_name":"Scrap Ooze","player_choice":"success","floor":7,"damage_taken":7},{"event_name":"Mushrooms","player_choice":"Fought Mushrooms","floor":11,"damage_taken":0},{"event_name":"Purifier","player_choice":"One Purge","floor":21,"damage_taken":0},{"event_name":"Forgotten Altar","player_choice":"Shed Blood","floor":24,"damage_taken":0},{"event_name":"Winding Halls","player_choice":"Embrace Madness","floor":39,"damage_taken":0}],"boss_relics":[{"not_picked":["Astrolabe","Tiny House"],"picked":"Orrery"},{"not_picked":["Runic Pyramid","Philosopher\u0027s Stone"],"picked":"Cursed Key"}],"potions_floor_spawned":[6,8,11,12,16,18,19,20,35,38],"seed_played":"-4235901429303291566","killed_by":"4 Shapes","ascension_level":14,"is_trial":false}