{"gold_per_floor":[115,115,40,40,40,65,65,91,116,134,146,164,164,181,181,254,254,269,284,284,209,87,87,87,87,87,87,104,4,21,21,21,94,144,163,163,163,163,163,163,175,189,239,239,258,273,273,284,284,284],"floor_reached":51,"playtime":3013,"items_purged":["Strike_R","Defend_R"],"score":1240,"play_id":"b8bfe037-7256-4d5e-8e73-9245348a1d7b","local_time":"20190727141725","is_ascension_mode":true,"campfire_choices":[{"data":"Searing Blow","floor":7.0,"key":"SMITH"},{"data":"Searing Blow+2","floor":15.0,"key":"SMITH"},{"data":"Searing Blow+3","floor":23.0,"key":"SMITH"},{"data":"Searing Blow+4","floor":25.0,"key":"SMITH"},{"data":"Whirlwind","floor":32.0,"key":"SMITH"},{"data":"Searing Blow+6","floor":40.0,"key":"SMITH"},{"data":"Searing Blow+7","floor":44.0,"key":"SMITH"},{"data":"Searing Blow+8","floor":49,"key":"SMITH"}],"neow_cost":"NONE","seed_source_timestamp":0,"circlet_count":0,"master_deck":["AscendersBane","Strike_R+1","Strike_R+1","Defend_R","Defend_R","Defend_R","Bash+1","Shockwave+1","Searing Blow+9","Armaments","Headbutt","Burning Pact","Power Through","Shrug It Off","Impervious","Headbutt+1","Whirlwind+1","True Grit+1","Offering+1","Shrug It Off+1","True Grit+1","Madness+1","Madness+1","Armaments+1","Warcry+1","Battle Trance+1"],"special_seed":0,"relics":["Burning Blood","NeowsBlessing","Potion Belt","Torii","Art of War","Velvet Choker","Toxic Egg 2","Pantograph","Tiny House","Strawberry"],"potions_floor_usage":[50,50],"damage_taken":[{"damage":0.0,"enemies":"Cultist","floor":1.0,"turns":1.0},{"damage":0.0,"enemies":"Lagavulin","floor":6.0,"turns":1.0},{"damage":0.0,"enemies":"Gremlin Nob","floor":8.0,"turns":1.0},{"damage":1.0,"enemies":"Small Slimes","floor":10.0,"turns":4.0},{"damage":7.0,"enemies":"Jaw Worm","floor":11.0,"turns":2.0},{"damage":15.0,"enemies":"Blue Slaver","floor":12.0,"turns":4.0},{"damage":6.0,"enemies":"Exordium Thugs","floor":14.0,"turns":3.0},{"damage":22.0,"enemies":"Hexaghost","floor":16.0,"turns":8.0},{"damage":0.0,"enemies":"Chosen","floor":18.0,"turns":3.0},{"damage":2.0,"enemies":"Shell Parasite","floor":19.0,"turns":3.0},{"damage":6.0,"enemies":"Sentry and Sphere","floor":28.0,"turns":3.0},{"damage":6.0,"enemies":"3 Cultists","floor":30.0,"turns":3.0},{"damage":40.0,"enemies":"Collector","floor":33.0,"turns":6.0},{"damage":18.0,"enemies":"3 Shapes","floor":35.0,"turns":7.0},{"damage":6.0,"enemies":"Orb Walker","floor":41.0,"turns":3.0},{"damage":7.0,"enemies":"Maw","floor":42.0,"turns":7.0},{"damage":19.0,"enemies":"Jaw Worm Horde","floor":45.0,"turns":4.0},{"damage":12.0,"enemies":"3 Darklings","floor":46.0,"turns":7.0},{"damage":47,"enemies":"Writhing Mass","floor":48,"turns":5},{"damage":57,"enemies":"Time Eater","floor":50,"turns":8}],"seed_played":"-3243367134706204164","potions_obtained":[{"floor":8.0,"key":"Fire Potion"},{"floor":12.0,"key":"Dexterity Potion"},{"floor":14.0,"key":"SneckoOil"},{"floor":16.0,"key":"GamblersBrew"},{"floor":28.0,"key":"Energy Potion"},{"floor":34.0,"key":"FairyPotion"},{"floor":41.0,"key":"SteroidPotion"},{"floor":42.0,"key":"FearPotion"}],"is_trial":false,"path_per_floor":["M","?","?","?","$","E","R","E","T","M","M","M","?","M","R","B",null,"M","M","T","?","$","R","?","R","T","$","M","$","M","?","R","B",null,"M","?","?","?","?","R","M","M","T","R","M","M","?","M","R","B",null],"character_chosen":"IRONCLAD","items_purchased":["True Grit+1"],"campfire_rested":0,"item_purchase_floors":[22],"current_hp_per_floor":[74,51,51,51,51,57,57,63,63,68,67,58,58,58,58,42,67,73,75,75,75,75,75,75,75,75,75,75,75,75,54,54,45,76,64,64,64,49,49,49,49,48,55,55,42,36,75,34,34,8],"gold":284,"neow_bonus":"THREE_ENEMY_KILL","is_prod":false,"is_daily":false,"chose_seed":false,"campfire_upgraded":8,"win_rate":0,"timestamp":1564262245,"path_taken":["M","?","?","?","$","E","R","E","T","M","M","M","?","M","R","BOSS","M","M","?","?","$","R","?","R","T","?","M","$","?","?","R","BOSS","M","?","?","?","?","R","M","M","T","R","?","M","?","M","R","BOSS"],"build_version":"2019-07-18","purchased_purges":2,"victory":true,"max_hp_per_floor":[75,75,75,75,75,75,75,75,75,75,75,75,75,75,75,75,75,75,75,75,75,75,75,75,75,75,75,75,75,75,80,80,80,85,85,85,85,85,85,85,85,85,92,92,92,92,75,75,75,75],"card_choices":[{"not_picked":["Flex","Rupture"],"picked":"Shockwave","floor":1.0},{"not_picked":["Shrug It Off","Pummel"],"picked":"Searing Blow","floor":6.0},{"not_picked":["Rupture","Flex"],"picked":"Armaments","floor":8.0},{"not_picked":["Thunderclap","Heavy Blade"],"picked":"Headbutt","floor":10.0},{"not_picked":["Iron Wave","Shockwave"],"picked":"Burning Pact","floor":11.0},{"not_picked":["Perfected Strike","Fire Breathing"],"picked":"Power Through","floor":12.0},{"not_picked":["Havoc","Cleave"],"picked":"Shrug It Off","floor":14.0},{"not_picked":["Berserk","Reaper"],"picked":"Impervious","floor":16.0},{"not_picked":["Warcry","Body Slam"],"picked":"Headbutt+1","floor":18.0},{"not_picked":["Body Slam+1","Cleave"],"picked":"Whirlwind","floor":19.0},{"not_picked":["True Grit+1","Wild Strike","Shockwave+1"],"picked":"SKIP","floor":28.0},{"not_picked":["Reckless Charge","Juggernaut"],"picked":"Shrug It Off+1","floor":30.0},{"not_picked":["Searing Blow","Iron Wave"],"picked":"True Grit+1","floor":34.0},{"not_picked":["Wild Strike+1","Twin Strike","True Grit+1"],"picked":"SKIP","floor":35.0},{"not_picked":["Infernal Blade+1","Hemokinesis"],"picked":"Armaments+1","floor":41.0},{"not_picked":["Armaments+1","Dropkick"],"picked":"Warcry+1","floor":42.0},{"not_picked":["Flex+1","Clothesline","Rage+1"],"picked":"SKIP","floor":45.0},{"not_picked":["Iron Wave","Thunderclap","Feel No Pain"],"picked":"SKIP","floor":46.0},{"not_picked":["Seeing Red+1","Heavy Blade+1"],"picked":"Battle Trance+1","floor":48}],"player_experience":222870,"relics_obtained":[{"floor":6.0,"key":"Potion Belt"},{"floor":8.0,"key":"Torii"},{"floor":9.0,"key":"Art of War"},{"floor":20.0,"key":"Toxic Egg 2"},{"floor":26.0,"key":"Pantograph"},{"floor":43.0,"key":"Strawberry"}],"event_choices":[{"damage_healed":0.0,"max_hp_gain":0.0,"max_hp_loss":0.0,"gold_gain":0.0,"event_name":"Shining Light","player_choice":"Entered Light","floor":2.0,"gold_loss":0.0,"damage_taken":23.0,"cards_upgraded":["Strike_R","Strike_R"]},{"cards_removed":["Strike_R"],"damage_healed":0.0,"max_hp_gain":0.0,"max_hp_loss":0.0,"gold_gain":0.0,"event_name":"The Cleric","player_choice":"Card Removal","floor":3.0,"gold_loss":75.0,"damage_taken":0.0},{"damage_healed":0.0,"max_hp_gain":0.0,"max_hp_loss":0.0,"gold_gain":0.0,"event_name":"Living Wall","player_choice":"Grow","floor":4.0,"gold_loss":0.0,"damage_taken":0.0,"cards_upgraded":["Shockwave"]},{"damage_healed":0.0,"max_hp_gain":0.0,"max_hp_loss":0.0,"gold_gain":0.0,"event_name":"Upgrade Shrine","player_choice":"Upgraded","floor":13.0,"gold_loss":0.0,"damage_taken":0.0,"cards_upgraded":["Searing Blow"]},{"cards_removed":["Strike_R"],"damage_healed":0.0,"max_hp_gain":0.0,"max_hp_loss":0.0,"gold_gain":0.0,"event_name":"Beggar","player_choice":"Gave Gold","floor":21.0,"gold_loss":75.0,"damage_taken":0.0},{"damage_healed":0.0,"max_hp_gain":0.0,"max_hp_loss":0.0,"gold_gain":0.0,"event_name":"The Library","player_choice":"Read","floor":24.0,"gold_loss":0.0,"damage_taken":0.0,"cards_obtained":["Offering"]},{"damage_healed":0.0,"max_hp_gain":5.0,"max_hp_loss":0.0,"gold_gain":0.0,"event_name":"Forgotten Altar","player_choice":"Shed Blood","floor":31.0,"gold_loss":0.0,"damage_taken":26.0},{"damage_healed":0.0,"max_hp_gain":0.0,"max_hp_loss":0.0,"gold_gain":0.0,"event_name":"Mysterious Sphere","player_choice":"Ignored","floor":36.0,"gold_loss":0.0,"damage_taken":0.0},{"damage_healed":0.0,"max_hp_gain":0.0,"max_hp_loss":0.0,"gold_gain":0.0,"event_name":"SensoryStone","player_choice":"Memory 1","floor":37.0,"gold_loss":0.0,"damage_taken":0.0},{"damage_healed":0.0,"max_hp_gain":0.0,"max_hp_loss":0.0,"gold_gain":0.0,"event_name":"Winding Halls","player_choice":"Embrace Madness","floor":38.0,"gold_loss":0.0,"damage_taken":15.0,"cards_obtained":["Madness","Madness"]},{"damage_healed":0.0,"max_hp_gain":0.0,"max_hp_loss":0.0,"gold_gain":0.0,"event_name":"Accursed Blacksmith","player_choice":"Forge","floor":39.0,"gold_loss":0.0,"damage_taken":0.0,"cards_upgraded":["Searing Blow"]},{"damage_healed":75,"gold_gain":0,"player_choice":"Heal","damage_taken":0,"max_hp_gain":0,"max_hp_loss":17,"event_name":"The Moai Head","floor":47,"gold_loss":0}],"is_beta":true,"boss_relics":[{"not_picked":["Busted Crown","Black Blood"],"picked":"Velvet Choker"},{"not_picked":["Coffee Dripper","Calling Bell"],"picked":"Tiny House"}],"items_purged_floors":[22,29],"is_endless":false,"potions_floor_spawned":[8,12,14,16,18,28,35,41,42],"ascension_level":15}