{"gold_per_floor":[115,135,310,100,114,114,145,120,197,181,181,201,201,229,229,324,324,340,340,358,358,457,457,487,487,487,500,534,444,464,464,464,464],"floor_reached":33,"playtime":1560,"items_purged":["Doubt"],"score":308,"play_id":"13700ffa-d6b9-49b3-aa21-b2a4d8e5a1f2","local_time":"20190725125159","is_ascension_mode":true,"campfire_choices":[{"data":"Zap","floor":6,"key":"SMITH"},{"data":"White Noise","floor":11,"key":"SMITH"},{"floor":13,"key":"REST"},{"floor":15,"key":"REST"},{"floor":23,"key":"REST"},{"data":"Defragment","floor":25,"key":"SMITH"},{"floor":32,"key":"REST"}],"neow_cost":"NONE","seed_source_timestamp":79962733579067,"circlet_count":0,"master_deck":["Defend_B","Defend_B","Defend_B","Defend_B","Zap+1","Dualcast+1","Coolheaded","Go for the Eyes","Sweeping Beam","Capacitor","Genetic Algorithm","Creative AI","White Noise+1","Lockon","Leap","Thunder Strike","Recycle+1","Aggregate+1","Loop+1","Leap+1","Defragment+1","Streamline","Steam+1","Cold Snap+1","Rainbow+1"],"relics":["Cracked Core","Juzu Bracelet","Anchor","Tiny Chest","The Courier","Astrolabe","Mummified Hand","Bag of Marbles","Letter Opener"],"potions_floor_usage":[10,20,27,28,33],"damage_taken":[{"damage":5,"enemies":"Small Slimes","floor":1,"turns":3},{"damage":5,"enemies":"Jaw Worm","floor":2,"turns":5},{"damage":2,"enemies":"Cultist","floor":5,"turns":4},{"damage":18,"enemies":"Lagavulin","floor":7,"turns":9},{"damage":7,"enemies":"Exordium Thugs","floor":10,"turns":4},{"damage":6,"enemies":"Large Slime","floor":12,"turns":6},{"damage":31,"enemies":"Gremlin Nob","floor":14,"turns":4},{"damage":11,"enemies":"The Guardian","floor":16,"turns":10},{"damage":11,"enemies":"Shell Parasite","floor":18,"turns":6},{"damage":34,"enemies":"Chosen","floor":20,"turns":9},{"damage":22,"enemies":"Slavers","floor":24,"turns":5},{"damage":6,"enemies":"Centurion and Healer","floor":27,"turns":7},{"damage":7,"enemies":"Book of Stabbing","floor":28,"turns":7},{"damage":14,"enemies":"3 Cultists","floor":30,"turns":7},{"damage":35,"enemies":"Collector","floor":33,"turns":6}],"seed_played":"8313613933071859334","potions_obtained":[{"floor":1,"key":"SkillPotion"},{"floor":7,"key":"Block Potion"},{"floor":10,"key":"LiquidBronze"},{"floor":16,"key":"Strength Potion"},{"floor":24,"key":"FocusPotion"},{"floor":28,"key":"SpeedPotion"}],"is_trial":false,"path_per_floor":["M","M","?","$","M","R","E","?","T","M","R","M","R","E","R","B",null,"M","?","M","T","?","R","E","R","T","M","E","?","M","?","R","B"],"character_chosen":"DEFECT","items_purchased":["Sweeping Beam","Capacitor"],"campfire_rested":4,"item_purchase_floors":[4,4],"current_hp_per_floor":[70,65,65,65,63,63,45,45,45,38,38,32,54,23,45,34,75,64,64,30,30,30,52,30,30,30,24,17,17,3,3,25,0],"gold":464,"neow_bonus":"RANDOM_COMMON_RELIC","is_prod":false,"is_daily":false,"chose_seed":false,"campfire_upgraded":3,"win_rate":0,"timestamp":1564077119,"path_taken":["M","M","?","$","M","R","E","?","T","M","R","M","R","E","R","BOSS","M","?","M","?","?","R","E","R","T","M","E","?","M","?","R","BOSS"],"build_version":"2019-07-17","purchased_purges":1,"victory":false,"max_hp_per_floor":[75,75,75,75,75,75,75,75,75,75,75,75,75,75,75,75,75,75,75,75,75,75,75,75,75,75,75,75,75,75,75,75,75],"card_choices":[{"not_picked":["FTL","Hello World"],"picked":"Coolheaded","floor":1},{"not_picked":["Capacitor","Undo"],"picked":"Go for the Eyes","floor":2},{"not_picked":["Gash","Redo"],"picked":"Genetic Algorithm","floor":5},{"not_picked":["Barrage","Gash"],"picked":"Creative AI","floor":7},{"not_picked":["Scrape","Ball Lightning"],"picked":"White Noise","floor":10},{"not_picked":["Capacitor","Stack"],"picked":"Lockon","floor":12},{"not_picked":["Sweeping Beam","Reprogram"],"picked":"Leap","floor":14},{"not_picked":["Seek","Reboot"],"picked":"Thunder Strike","floor":16},{"not_picked":["Steam Power+1","Rebound"],"picked":"Leap+1","floor":18},{"not_picked":["Genetic Algorithm","Turbo","Recycle+1"],"picked":"SKIP","floor":20},{"not_picked":["Sweeping Beam","Blizzard"],"picked":"Streamline","floor":24},{"not_picked":["Hologram","Coolheaded"],"picked":"Steam+1","floor":27},{"not_picked":["Stack","Reinforced Body"],"picked":"Cold Snap+1","floor":28},{"not_picked":["Ball Lightning","Darkness+1"],"picked":"Rainbow","floor":30}],"player_experience":125278,"relics_obtained":[{"floor":7,"key":"Anchor"},{"floor":9,"key":"Tiny Chest"},{"floor":14,"key":"The Courier"},{"floor":21,"key":"Mummified Hand"},{"floor":24,"key":"Bag of Marbles"},{"floor":28,"key":"Letter Opener"}],"event_choices":[{"damage_healed":0,"gold_gain":175,"player_choice":"AGREE","damage_taken":0,"max_hp_gain":0,"max_hp_loss":0,"event_name":"Liars Game","floor":3,"gold_loss":0,"cards_obtained":["Doubt"]},{"damage_healed":0,"gold_gain":0,"player_choice":"Left Gold","damage_taken":0,"max_hp_gain":0,"max_hp_loss":0,"event_name":"World of Goop","floor":8,"gold_loss":25},{"damage_healed":0,"gold_gain":0,"player_choice":"Read","damage_taken":0,"max_hp_gain":0,"max_hp_loss":0,"event_name":"The Library","floor":19,"gold_loss":0,"cards_obtained":["Defragment"]},{"damage_healed":0,"gold_gain":99,"player_choice":"Stole From Cult","damage_taken":0,"max_hp_gain":0,"max_hp_loss":0,"event_name":"Nest","floor":22,"gold_loss":0},{"cards_removed":["Strike_B"],"damage_healed":0,"gold_gain":0,"player_choice":"Upgrade and Remove","damage_taken":0,"max_hp_gain":0,"max_hp_loss":0,"event_name":"Designer","floor":29,"gold_loss":90,"cards_upgraded":["Dualcast"]},{"damage_healed":0,"gold_gain":0,"player_choice":"Forge","damage_taken":0,"max_hp_gain":0,"max_hp_loss":0,"event_name":"Accursed Blacksmith","floor":31,"gold_loss":0,"cards_upgraded":["Rainbow"]}],"is_beta":false,"boss_relics":[{"not_picked":["FrozenCore","Inserter"],"picked":"Astrolabe"}],"items_purged_floors":[4],"is_endless":false,"potions_floor_spawned":[1,7,10,16,18,24,28],"killed_by":"Collector","ascension_level":1}