{"gold_per_floor":[112,27,27,47,47,47,62,96,96,96,115,134,134,134,134,237,237,255,31,31,47,66,66,77,110,110,135,153,153,252,277,277,374,374,393,35,35,0,100,133,133,133,212,212,230,105,105,132,132,132],"floor_reached":51,"playtime":1514,"items_purged":["Defend_R","Strike_R","Regret"],"score":949,"play_id":"bc029c76-033e-4720-8973-077f4b7c14b3","local_time":"20190109114838","is_ascension_mode":true,"campfire_choices":[{"data":"Bash","floor":6.0,"key":"SMITH"},{"data":"Pommel Strike","floor":10.0,"key":"SMITH"},{"data":"Inflame","floor":13.0,"key":"SMITH"},{"data":"Shrug It Off","floor":15.0,"key":"SMITH"},{"data":"Pommel Strike","floor":23.0,"key":"SMITH"},{"floor":29,"key":"REST"},{"floor":32,"key":"DIG"},{"floor":41,"key":"DIG"},{"floor":44,"key":"DIG"},{"floor":47,"key":"DIG"},{"floor":49,"key":"DIG"}],"neow_cost":"NONE","seed_source_timestamp":223589990684303,"circlet_count":0,"master_deck":["Strike_R","Strike_R","Strike_R","Defend_R","Defend_R","Defend_R","Bash+1","Pommel Strike+1","Inflame+1","Shrug It Off+1","Combust","Impervious+1","Shrug It Off+1","Headbutt","Limit Break+1","Flex+1","Pommel Strike+1","Rampage","Heavy Blade","Heavy Blade","Seeing Red+1","True Grit+1","Burning Pact+1","Headbutt","Parasite","Rage+1"],"special_seed":0,"relics":["Burning Blood","Lantern","Toxic Egg 2","Ornamental Fan","Sozu","Vajra","Dodecahedron","Paper Frog","Bottled Tornado","Shovel","Darkstone Periapt","Cursed Key","Mummified Hand","Red Mask","Mango","Orichalcum","PreservedInsect","Sundial","Meat on the Bone","Champion Belt","FossilizedHelix","Pear","Gremlin Horn"],"potions_floor_usage":[27,27],"damage_taken":[{"damage":5.0,"enemies":"Cultist","floor":1.0,"turns":4.0},{"damage":0.0,"enemies":"Small Slimes","floor":4.0,"turns":3.0},{"damage":4.0,"enemies":"2 Louse","floor":7.0,"turns":3.0},{"damage":37.0,"enemies":"Lagavulin","floor":8.0,"turns":4.0},{"damage":5.0,"enemies":"Looter","floor":11.0,"turns":3.0},{"damage":9.0,"enemies":"Large Slime","floor":12.0,"turns":5.0},{"damage":7.0,"enemies":"Slime Boss","floor":16.0,"turns":8.0},{"damage":18.0,"enemies":"3 Byrds","floor":18.0,"turns":7.0},{"damage":12.0,"enemies":"Shell Parasite","floor":21.0,"turns":3.0},{"damage":3.0,"enemies":"Chosen and Byrds","floor":22.0,"turns":5.0},{"damage":3.0,"enemies":"Cultist and Chosen","floor":24.0,"turns":4.0},{"damage":44,"enemies":"Slavers","floor":25,"turns":4},{"damage":4,"enemies":"Gremlin Leader","floor":27,"turns":6},{"damage":10,"enemies":"Snake Plant","floor":28,"turns":3},{"damage":3,"enemies":"Slavers","floor":31,"turns":4},{"damage":22,"enemies":"Champ","floor":33,"turns":7},{"damage":1,"enemies":"Orb Walker","floor":35,"turns":2},{"damage":38,"enemies":"Mind Bloom Boss Battle","floor":39,"turns":3},{"damage":4,"enemies":"Giant Head","floor":40,"turns":5},{"damage":2,"enemies":"3 Shapes","floor":45,"turns":3},{"damage":8,"enemies":"Nemesis","floor":48,"turns":3},{"damage":42,"enemies":"Donu and Deca","floor":50,"turns":7}],"seed_played":"-4103191199318164881","potions_obtained":[{"floor":4.0,"key":"FearPotion"},{"floor":7.0,"key":"PowerPotion"},{"floor":11.0,"key":"Fire Potion"},{"floor":12.0,"key":"EssenceOfSteel"},{"floor":16.0,"key":"SpeedPotion"}],"is_trial":false,"path_per_floor":["M","$","?","M","$","R","M","E","T","R","M","M","R","?","R","B",null,"M","$","?","M","M","R","M","E","T","E","M","R","?","E","R","B",null,"M","$","?","?","?","E","R","T","T","R","M","$","R","E","R","B",null],"character_chosen":"IRONCLAD","items_purchased":["Inflame","Shrug It Off","Vajra","Mummified Hand"],"campfire_rested":1,"item_purchase_floors":[2,2,19,36],"current_hp_per_floor":[80,80,80,80,80,80,80,49,49,49,50,47,47,52,52,51,85,73,73,85,79,82,82,85,47,47,49,45,70,70,73,73,57,85,85,85,81,81,63,65,65,71,77,77,81,81,81,89,89,65],"gold":132,"neow_bonus":"RANDOM_COMMON_RELIC","is_prod":false,"is_daily":false,"chose_seed":false,"campfire_upgraded":5,"win_rate":0,"timestamp":1547030918,"path_taken":["M","?","?","?","$","R","M","E","T","R","M","M","R","?","R","BOSS","M","$","?","M","M","R","?","E","T","E","M","R","?","E","R","BOSS","M","$","?","?","?","E","R","?","T","R","M","$","R","E","R","BOSS"],"build_version":"2019-01-03v4","purchased_purges":3,"victory":true,"max_hp_per_floor":[80,80,80,80,80,80,80,80,80,80,80,80,80,85,85,85,85,85,85,85,85,85,85,85,85,85,85,85,85,85,85,85,85,85,85,85,81,81,95,95,95,101,107,107,107,107,107,117,117,117],"card_choices":[{"not_picked":["Wild Strike","Body Slam"],"picked":"Pommel Strike","floor":1.0},{"not_picked":["Clothesline","Uppercut","Perfected Strike"],"picked":"SKIP","floor":4.0},{"not_picked":["Body Slam","Carnage","Anger"],"picked":"SKIP","floor":7.0},{"not_picked":["Body Slam","Carnage","Anger"],"picked":"SKIP","floor":7.0},{"not_picked":["Havoc","Clothesline"],"picked":"Impervious","floor":8.0},{"not_picked":["Reckless Charge","Thunderclap"],"picked":"Shrug It Off+1","floor":11.0},{"not_picked":["Pommel Strike","Body Slam","Headbutt"],"picked":"SKIP","floor":12.0},{"not_picked":["Pommel Strike","Body Slam"],"picked":"Headbutt","floor":12.0},{"not_picked":["Double Tap+1","Feed"],"picked":"Limit Break+1","floor":16.0},{"not_picked":["Wild Strike","Sentinel+1"],"picked":"Flex+1","floor":18.0},{"not_picked":["Armaments+1","Corruption","Infernal Blade+1"],"picked":"SKIP","floor":21.0},{"not_picked":["Uppercut","Sever Soul+1"],"picked":"Pommel Strike","floor":22.0},{"not_picked":["Sever Soul","Corruption"],"picked":"Rampage","floor":24.0},{"not_picked":["Inflame","Fire Breathing"],"picked":"Heavy Blade","floor":25},{"not_picked":["Clash","Warcry+1"],"picked":"Heavy Blade","floor":27},{"not_picked":["Wild Strike","Immolate"],"picked":"Seeing Red+1","floor":28},{"not_picked":["Corruption","Shrug It Off+1"],"picked":"True Grit+1","floor":31},{"not_picked":["Heavy Blade+1","Clothesline"],"picked":"Burning Pact+1","floor":35},{"not_picked":["Twin Strike+1","Fiend Fire"],"picked":"Headbutt","floor":39},{"not_picked":["Sentinel+1","True Grit+1","Anger"],"picked":"SKIP","floor":40},{"not_picked":["Flex+1","Thunderclap","Ghostly Armor+1"],"picked":"SKIP","floor":45},{"not_picked":["Infernal Blade+1","Rage+1","Flex+1"],"picked":"SKIP","floor":48},{"not_picked":["Infernal Blade+1","Flex+1"],"picked":"Rage+1","floor":48}],"player_experience":637719,"relics_obtained":[{"floor":8.0,"key":"Toxic Egg 2"},{"floor":9.0,"key":"Ornamental Fan"},{"floor":25,"key":"Dodecahedron"},{"floor":26,"key":"Paper Frog"},{"floor":27,"key":"Bottled Tornado"},{"floor":31,"key":"Shovel"},{"floor":32,"key":"Darkstone Periapt"},{"floor":39,"key":"Mango"},{"floor":40,"key":"Orichalcum"},{"floor":41,"key":"PreservedInsect"},{"floor":42,"key":"Sundial"},{"floor":43,"key":"Meat on the Bone"},{"floor":44,"key":"Champion Belt"},{"floor":47,"key":"FossilizedHelix"},{"floor":48,"key":"Pear"},{"floor":49,"key":"Gremlin Horn"}],"event_choices":[{"damage_healed":0.0,"max_hp_gain":0.0,"max_hp_loss":0.0,"gold_gain":0.0,"cards_transformed":["Strike_R"],"event_name":"Transmorgrifier","player_choice":"Transformed","floor":3.0,"gold_loss":0.0,"damage_taken":0.0,"cards_obtained":["Combust"]},{"damage_healed":0.0,"max_hp_gain":5.0,"max_hp_loss":0.0,"gold_gain":0.0,"event_name":"Big Fish","player_choice":"Donut","floor":14.0,"gold_loss":0.0,"damage_taken":0.0},{"damage_healed":12.0,"max_hp_gain":0.0,"max_hp_loss":0.0,"gold_gain":0.0,"event_name":"Wheel of Change","player_choice":"Full Heal","floor":20.0,"gold_loss":0.0,"damage_taken":0.0},{"damage_healed":0,"gold_gain":99,"player_choice":"Stole From Cult","damage_taken":0,"max_hp_gain":0,"max_hp_loss":0,"event_name":"Nest","floor":30,"gold_loss":0},{"damage_healed":0,"gold_gain":0,"player_choice":"Max HP","damage_taken":0,"max_hp_gain":0,"max_hp_loss":4,"event_name":"Winding Halls","floor":37,"gold_loss":0},{"damage_healed":0,"gold_gain":0,"player_choice":"Paid","damage_taken":0,"relics_obtained":["Red Mask"],"max_hp_gain":0,"max_hp_loss":0,"event_name":"Tomb of Lord Red Mask","floor":38,"gold_loss":35},{"damage_healed":0,"gold_gain":0,"player_choice":"Fight","damage_taken":0,"max_hp_gain":0,"max_hp_loss":0,"event_name":"MindBloom","floor":39,"gold_loss":0}],"is_beta":false,"boss_relics":[{"not_picked":["Busted Crown","Tiny House"],"picked":"Sozu"},{"not_picked":["Eternal Feather","Fusion Hammer"],"picked":"Cursed Key"}],"items_purged_floors":[19,36,46],"is_endless":false,"potions_floor_spawned":[4,7,11,12,16,18,22,28,31,39],"ascension_level":1}