{"path_per_floor":["M","?","?","M","M","R","$","R","T","R","?","R","E","?","R","B",null,"M","?","?","?","M","R"],"character_chosen":"THE_SILENT","items_purchased":["Cloak And Dagger"],"gold_per_floor":[111,111,111,131,149,149,48,48,48,48,71,71,106,106,106,202,202,212,212,212,212,226,226],"floor_reached":24,"campfire_rested":1,"playtime":994,"current_hp_per_floor":[63,63,63,55,44,44,44,44,44,44,37,37,23,23,43,43,61,53,53,41,65,59,59],"items_purged":["Defend_G"],"gold":226,"score":384,"play_id":"d26ed4b2-caca-431f-a458-25fbe1f4eae4","local_time":"20180320000953","is_prod":false,"is_daily":false,"is_ascension_mode":true,"campfire_upgraded":5,"timestamp":1521500993,"path_taken":["M","?","?","M","M","R","$","R","T","R","?","R","E","?","R","BOSS","M","?","?","?","M","R","E"],"build_version":"2018-03-15v3","purchased_purges":1,"victory":false,"master_deck":["Defend_G","Defend_G","Defend_G","Defend_G","Strike_G","Strike_G","Strike_G","Strike_G","Strike_G","Survivor","Neutralize+1","Backflip","Infinite Blades","Backflip+1","Infinite Blades","Cloak And Dagger+1","Blade Dance+1","Accuracy+1","Night Terror+1","Blade Dance+1"],"max_hp_per_floor":[70,70,67,67,67,67,67,67,67,67,67,67,67,67,67,67,67,67,67,72,72,72,72],"relics":["Ring of the Snake","Tingsha","Odd Mushroom","Toolbox","Question Card"],"card_choices":[{"not_picked":["Deflect","Dagger Throw"],"picked":"Backflip"},{"not_picked":["Choke","Eviscerate"],"picked":"Infinite Blades"},{"not_picked":["Skewer","Bane"],"picked":"Backflip"},{"not_picked":["Acrobatics","Flying Knee"],"picked":"Infinite Blades"},{"not_picked":["PiercingWail","Deflect"],"picked":"Blade Dance"},{"not_picked":["Deflect","Dodge and Roll"],"picked":"Accuracy"},{"not_picked":["Envenom","Wraith Form"],"picked":"Night Terror"},{"not_picked":["All Out Attack","Bouncing Flask","Sucker Punch"],"picked":"Blade Dance"}],"player_experience":430561,"potions_floor_usage":[11,13,16],"damage_taken":[{"damage":0,"enemies":"2 Louse","floor":1,"turns":5},{"damage":8,"enemies":"Small Slimes","floor":4,"turns":4},{"damage":11,"enemies":"Cultist","floor":5,"turns":4},{"damage":7,"enemies":"The Mushroom Lair","floor":11,"turns":4},{"damage":14,"enemies":"Gremlin Nob","floor":13,"turns":5},{"damage":0,"enemies":"Slime Boss","floor":16,"turns":7},{"damage":8,"enemies":"Shell Parasite","floor":18,"turns":4},{"damage":6,"enemies":"3 Byrds","floor":22,"turns":5},{"damage":60,"enemies":"Book of Stabbing","floor":24,"turns":6}],"event_choices":[{"event_name":"Liars Game","player_choice":"disagreed","floor":2,"damage_taken":0},{"event_name":"Fountain of Cleansing","player_choice":"Removed Curse","floor":3,"damage_taken":0},{"event_name":"Mushrooms","player_choice":"Fought Mushrooms","floor":11,"damage_taken":0},{"event_name":"Living Wall","player_choice":"Grow","floor":14,"damage_taken":0},{"event_name":"The Mausoleum","player_choice":"No","floor":19,"damage_taken":0},{"event_name":"Forgotten Altar","player_choice":"Shed Blood","floor":20,"damage_taken":0},{"event_name":"The Library","player_choice":"Heal","floor":21,"damage_taken":0}],"boss_relics":[{"not_picked":["Lizard Tail","Velvet Choker"],"picked":"Question Card"}],"potions_floor_spawned":[1,4,13],"seed_played":"4157920292215572516","killed_by":"Book of Stabbing","ascension_level":12,"is_trial":false}