{"gold_per_floor":[112,125,73,73,92,92,92,112,112,112,126,141,141,159,159,159],"floor_reached":16,"playtime":404,"items_purged":[],"score":183,"play_id":"21d0ed88-1544-421b-a58a-2662a2a04819","local_time":"20190222221957","is_ascension_mode":true,"campfire_choices":[{"data":"Zap","floor":6,"key":"SMITH"},{"data":"Defragment","floor":13,"key":"SMITH"},{"floor":15,"key":"REST"}],"neow_cost":"TEN_PERCENT_HP_LOSS","seed_source_timestamp":1352325884547058,"circlet_count":0,"master_deck":["AscendersBane","Strike_B","Strike_B","Strike_B","Defend_B","Defend_B","Defend_B","Zap+1","Dualcast+1","Coolheaded+1","Compile Driver","Ball Lightning","Defragment+1","Steam"],"special_seed":0,"relics":["Cracked Core","Sundial"],"potions_floor_usage":[8,16],"damage_taken":[{"damage":7.0,"enemies":"Jaw Worm","floor":1.0,"turns":3.0},{"damage":2.0,"enemies":"Small Slimes","floor":2.0,"turns":4.0},{"damage":0,"enemies":"Cultist","floor":5,"turns":3},{"damage":1,"enemies":"Blue Slaver","floor":8,"turns":2},{"damage":9,"enemies":"Red Slaver","floor":11,"turns":3},{"damage":11,"enemies":"Looter","floor":12,"turns":2},{"damage":16,"enemies":"Lots of Slimes","floor":14,"turns":4},{"damage":37,"enemies":"The Guardian","floor":16,"turns":6}],"seed_played":"-2945049311246544894","potions_obtained":[{"floor":1.0,"key":"AttackPotion"},{"floor":8,"key":"SneckoOil"},{"floor":12,"key":"Poison Potion"}],"is_trial":false,"path_per_floor":["M","M","$","?","M","R","?","M","T","?","M","M","R","M","R","B"],"character_chosen":"DEFECT","items_purchased":["Ball Lightning"],"campfire_rested":1,"item_purchase_floors":[3],"current_hp_per_floor":[57,55,55,55,55,55,55,54,54,54,45,34,34,18,37,0],"gold":159,"neow_bonus":"REMOVE_TWO","is_prod":false,"is_daily":false,"chose_seed":false,"campfire_upgraded":2,"win_rate":0,"timestamp":1550870397,"path_taken":["M","M","$","?","M","R","?","?","T","?","M","M","R","M","R","BOSS"],"build_version":"2019-01-23","purchased_purges":0,"victory":false,"max_hp_per_floor":[64,64,64,64,64,64,64,64,64,64,64,64,64,64,64,64],"card_choices":[{"not_picked":["Heatsinks","Go for the Eyes"],"picked":"Coolheaded","floor":1.0},{"not_picked":["Rebound","Streamline"],"picked":"Compile Driver","floor":2.0},{"not_picked":["Streamline","Leap","Stack"],"picked":"SKIP","floor":5},{"not_picked":["Rebound","Consume","Streamline"],"picked":"SKIP","floor":8},{"not_picked":["Conserve Battery","Coolheaded"],"picked":"Defragment","floor":11},{"not_picked":["Thunder Strike","Rebound"],"picked":"Steam","floor":12},{"not_picked":["Gash","Leap","Cold Snap"],"picked":"SKIP","floor":14}],"player_experience":868969,"relics_obtained":[{"floor":9,"key":"Sundial"}],"event_choices":[{"damage_healed":0,"gold_gain":0,"player_choice":"Ignored","damage_taken":0,"max_hp_gain":0,"max_hp_loss":0,"event_name":"Liars Game","floor":4,"gold_loss":0},{"damage_healed":0,"gold_gain":0,"player_choice":"Forge","damage_taken":0,"max_hp_gain":0,"max_hp_loss":0,"event_name":"Accursed Blacksmith","floor":7,"gold_loss":0,"cards_upgraded":["Coolheaded"]},{"damage_healed":0,"gold_gain":0,"player_choice":"Upgraded","damage_taken":0,"max_hp_gain":0,"max_hp_loss":0,"event_name":"Upgrade Shrine","floor":10,"gold_loss":0,"cards_upgraded":["Dualcast"]}],"is_beta":false,"boss_relics":[],"items_purged_floors":[],"is_endless":false,"potions_floor_spawned":[1,8,12],"killed_by":"The Guardian","ascension_level":19}