{"gold_per_floor":[119,4,16,16,16,41,53,53,76,76,106,118,118,128,128,128],"floor_reached":16,"playtime":479,"items_purged":["Strike_G"],"score":270,"play_id":"2af58167-5434-4d0f-9b71-c9b72f1b4676","local_time":"20190309172925","is_ascension_mode":true,"campfire_choices":[{"data":"Neutralize","floor":8,"key":"SMITH"},{"data":"Blade Dance","floor":10,"key":"SMITH"},{"data":"Accuracy","floor":13,"key":"SMITH"},{"floor":15,"key":"REST"}],"neow_cost":"NONE","seed_source_timestamp":51675599889169,"circlet_count":0,"master_deck":["AscendersBane","Defend_G","Defend_G","Defend_G","Defend_G","Defend_G","Strike_G","Strike_G","Strike_G","Survivor","Neutralize+1","Blade Dance+1","Accuracy+1","Dagger Spray","Well Laid Plans","Deflect","Infinite Blades","Backflip"],"special_seed":0,"relics":["Ring of the Snake","NeowsBlessing","Strawberry","Happy Flower","Bag of Marbles"],"potions_floor_usage":[],"damage_taken":[{"damage":0.0,"enemies":"Jaw Worm","floor":1.0,"turns":1.0},{"damage":0.0,"enemies":"2 Louse","floor":3.0,"turns":1.0},{"damage":0,"enemies":"Lagavulin","floor":6,"turns":1},{"damage":1,"enemies":"Cultist","floor":7,"turns":3},{"damage":25,"enemies":"3 Sentries","floor":11,"turns":9},{"damage":10,"enemies":"Red Slaver","floor":12,"turns":4},{"damage":14,"enemies":"3 Louse","floor":14,"turns":4},{"damage":34,"enemies":"Slime Boss","floor":16,"turns":6}],"seed_played":"-3117235206791027440","potions_obtained":[{"floor":3.0,"key":"Weak Potion"},{"floor":7,"key":"Regen Potion"}],"is_trial":false,"path_per_floor":["M","$","M","?","?","E","M","R","T","R","E","M","R","M","R","B"],"character_chosen":"THE_SILENT","items_purchased":["Accuracy"],"campfire_rested":1,"item_purchase_floors":[2],"current_hp_per_floor":[59,59,59,59,52,59,58,58,58,58,33,23,23,9,30,0],"gold":128,"neow_bonus":"THREE_ENEMY_KILL","is_prod":false,"is_daily":false,"chose_seed":false,"campfire_upgraded":3,"win_rate":0,"timestamp":1552148965,"path_taken":["M","$","M","?","?","E","M","R","T","R","E","?","R","M","R","BOSS"],"build_version":"2019-01-23","purchased_purges":1,"victory":false,"max_hp_per_floor":[66,66,66,66,66,73,73,73,73,73,73,73,73,73,73,73],"card_choices":[{"not_picked":["Bouncing Flask","Slice"],"picked":"Blade Dance","floor":1.0},{"not_picked":["Blade Dance","Eviscerate","Flying Knee"],"picked":"SKIP","floor":3.0},{"not_picked":["Blade Dance","Eviscerate","Flying Knee"],"picked":"SKIP","floor":3.0},{"not_picked":["Masterful Stab","Setup"],"picked":"Dagger Spray","floor":6},{"not_picked":["Acrobatics","PiercingWail"],"picked":"Well Laid Plans","floor":7},{"not_picked":["Expertise","Doppelganger"],"picked":"Deflect","floor":11},{"not_picked":["All Out Attack","Leg Sweep"],"picked":"Infinite Blades","floor":12},{"not_picked":["Deadly Poison","Prepared"],"picked":"Backflip","floor":14}],"player_experience":962044,"relics_obtained":[{"floor":6,"key":"Strawberry"},{"floor":9,"key":"Happy Flower"},{"floor":11,"key":"Bag of Marbles"}],"event_choices":[{"damage_healed":0,"gold_gain":0,"player_choice":"Fled","damage_taken":0,"max_hp_gain":0,"max_hp_loss":0,"event_name":"Scrap Ooze","floor":4,"gold_loss":0},{"cards_removed":["Strike_G"],"damage_healed":0,"gold_gain":0,"player_choice":"Card Removal","damage_taken":7,"max_hp_gain":0,"max_hp_loss":0,"event_name":"Golden Wing","floor":5,"gold_loss":0}],"is_beta":false,"boss_relics":[],"items_purged_floors":[2],"is_endless":false,"potions_floor_spawned":[3,7,14],"killed_by":"Slime Boss","ascension_level":20}