{"path_per_floor":["M","M","?","?","M","R","E","R","T","$","E","?","E","M","R","B",null,"M","?","?","M","M","R","E","R","T","R","E","$","$","M","R"],"character_chosen":"THE_SILENT","items_purchased":["Die Die Die","Bottled Tornado","Vajra"],"gold_per_floor":[111,123,73,73,83,83,116,116,196,43,69,94,122,134,134,232,232,249,164,164,175,195,195,223,223,523,523,557,159,59,70,70],"floor_reached":33,"campfire_rested":3,"playtime":1734,"current_hp_per_floor":[60,56,56,49,49,49,37,58,58,58,36,36,23,22,43,55,66,54,54,54,47,45,45,22,22,22,43,31,31,31,34,34],"items_purged":["Strike_G","Writhe"],"gold":70,"score":421,"play_id":"19c6f5f9-0365-4a22-ae34-fdd1521673b7","is_prod":false,"is_daily":false,"is_ascension_mode":true,"campfire_upgraded":4,"path_taken":["M","M","?","?","M","R","E","R","T","$","E","?","E","M","R","BOSS","M","?","?","?","M","R","E","R","T","R","E","?","$","M","R","BOSS"],"build_version":"2018-02-15-PROD1","purchased_purges":3,"victory":false,"master_deck":["Defend_G","Defend_G","Defend_G","Defend_G","Strike_G","Strike_G","Strike_G","Strike_G","Survivor","Neutralize+1","Dagger Throw+1","Die Die Die","Noxious Fumes+1","Leg Sweep","After Image+1","Bane+1","Deadly Poison+1","Finisher+1"],"max_hp_per_floor":[70,70,70,70,70,70,70,70,70,70,70,70,70,70,70,70,70,70,70,70,70,70,70,70,70,70,70,70,70,70,70,70],"relics":["Ring of the Snake","Pantograph","Mercury Hourglass","Bottled Lightning","Lantern","Odd Mushroom","Centennial Puzzle","Orrery","Unceasing Top","Meat on the Bone","Ginger","Old Coin","Mummified Hand","Bottled Tornado","Vajra"],"card_choices":[{"not_picked":["Backflip","Doppelganger"],"picked":"Dagger Throw"},{"not_picked":["Reflex","PiercingWail"],"picked":"Noxious Fumes"},{"not_picked":["Eviscerate","Terror"],"picked":"Leg Sweep"},{"not_picked":["Envenom","Storm of Steel"],"picked":"After Image"},{"not_picked":["Outmaneuver","Crippling Poison"],"picked":"Bane"},{"not_picked":["Outmaneuver","Deflect"],"picked":"Deadly Poison"},{"not_picked":["Endless Agony","Dagger Spray"],"picked":"Finisher"}],"player_experience":317155,"potions_floor_usage":[7,24,28],"damage_taken":[{"damage":3,"enemies":"2 Louse","floor":1,"turns":3},{"damage":4,"enemies":"Small Slimes","floor":2,"turns":5},{"damage":0,"enemies":"Jaw Worm","floor":5,"turns":4},{"damage":12,"enemies":"Gremlin Nob","floor":7,"turns":3},{"damage":22,"enemies":"Lagavulin","floor":11,"turns":5},{"damage":0,"enemies":"The Mushroom Lair","floor":12,"turns":2},{"damage":13,"enemies":"3 Sentries","floor":13,"turns":3},{"damage":1,"enemies":"Gremlin Gang","floor":14,"turns":3},{"damage":13,"enemies":"The Guardian","floor":16,"turns":13},{"damage":12,"enemies":"Chosen","floor":18,"turns":5},{"damage":7,"enemies":"Shell Parasite","floor":21,"turns":6},{"damage":14,"enemies":"Snecko","floor":22,"turns":4},{"damage":35,"enemies":"Book of Stabbing","floor":24,"turns":7},{"damage":24,"enemies":"Gremlin Leader","floor":28,"turns":7},{"damage":9,"enemies":"Snake Plant","floor":31,"turns":4},{"damage":66,"enemies":"Champ","floor":33,"turns":11}],"event_choices":[{"event_name":"The Cleric","player_choice":"Card Removal","floor":3,"damage_taken":0},{"event_name":"Scrap Ooze","player_choice":"success","floor":4,"damage_taken":7},{"event_name":"Mushrooms","player_choice":"Fought Mushrooms","floor":12,"damage_taken":0},{"event_name":"Addict","player_choice":"Obtained Relic","floor":19,"damage_taken":0},{"event_name":"The Mausoleum","player_choice":"Yes","floor":20,"damage_taken":0}],"boss_relics":[{"not_picked":["Ectoplasm","Runic Dome"],"picked":"Orrery"}],"potions_floor_spawned":[2,16,21,22,24],"seed_played":"6798292227889599063","killed_by":"Champ","ascension_level":8,"is_trial":false}