{"gold_per_floor":[110,110,60,10,10,49,49,72,72,91,107,127,0,0,0,126,126,141,176,191,57,57,57],"floor_reached":23,"playtime":775,"items_purged":["Strike_R","Dropkick+1"],"score":214,"play_id":"0c929f94-f6c1-412e-ae0c-2b1331e96e8e","local_time":"20190511221000","is_ascension_mode":false,"campfire_choices":[{"data":"Demon Form","floor":7,"key":"SMITH"},{"data":"Heavy Blade","floor":15,"key":"SMITH"}],"neow_cost":"NONE","seed_source_timestamp":378482081011700,"circlet_count":0,"master_deck":["Defend_R","Defend_R","Defend_R","Defend_R+1","Bash","Cleave","Shrug It Off","Good Instincts+1","Demon Form+1","Heavy Blade+1","Offering","Twin Strike+1","True Grit+1","Carnage+1","Heavy Blade","Battle Trance"],"relics":["Burning Blood","NeowsBlessing","Golden Idol","War Paint","Astrolabe","Red Mask"],"potions_floor_usage":[16,19,20],"damage_taken":[{"damage":0,"enemies":"Small Slimes","floor":1,"turns":1},{"damage":0,"enemies":"3 Sentries","floor":6,"turns":2},{"damage":0,"enemies":"Jaw Worm","floor":8,"turns":1},{"damage":13,"enemies":"2 Louse","floor":10,"turns":3},{"damage":8,"enemies":"Red Slaver","floor":11,"turns":4},{"damage":4,"enemies":"Looter","floor":12,"turns":4},{"damage":51,"enemies":"Slime Boss","floor":16,"turns":8},{"damage":16,"enemies":"Spheric Guardian","floor":18,"turns":4},{"damage":21,"enemies":"Masked Bandits","floor":19,"turns":5},{"damage":16,"enemies":"3 Byrds","floor":20,"turns":5},{"damage":53,"enemies":"Gremlin Leader","floor":23,"turns":3}],"seed_played":"5954411248960914992","potions_obtained":[{"floor":6,"key":"Energy Potion"},{"floor":8,"key":"Ancient Potion"},{"floor":11,"key":"BloodPotion"},{"floor":16,"key":"Ancient Potion"},{"floor":20,"key":"SpeedPotion"}],"is_trial":false,"path_per_floor":["M","?","?","$","?","E","R","M","T","M","M","M","$","$","R","B",null,"M","?","M","$","$","E"],"character_chosen":"IRONCLAD","items_purchased":["Shrug It Off","Heavy Blade","Battle Trance"],"campfire_rested":0,"item_purchase_floors":[4,13,21],"current_hp_per_floor":[80,74,74,74,74,74,74,74,74,67,65,67,67,67,67,22,74,64,49,46,46,46,0],"gold":57,"neow_bonus":"THREE_ENEMY_KILL","is_prod":false,"is_daily":false,"chose_seed":false,"campfire_upgraded":2,"win_rate":0,"timestamp":1557630600,"path_taken":["M","?","?","$","?","E","R","M","T","M","M","?","?","$","R","BOSS","M","?","M","?","$","E"],"build_version":"2019-01-23","purchased_purges":2,"victory":false,"max_hp_per_floor":[80,74,74,74,74,74,74,74,74,74,74,74,74,74,74,74,74,74,74,74,74,74,74],"card_choices":[{"not_picked":["Perfected Strike","Corruption"],"picked":"Cleave","floor":1},{"not_picked":["True Grit","Feel No Pain","Sever Soul"],"picked":"SKIP","floor":6},{"not_picked":["Thunderclap","Perfected Strike","Dark Embrace"],"picked":"SKIP","floor":8},{"not_picked":["True Grit","Combust","Burning Pact"],"picked":"SKIP","floor":10},{"not_picked":["Sword Boomerang","Havoc","Thunderclap"],"picked":"SKIP","floor":11},{"not_picked":["Pummel","Twin Strike","Clothesline"],"picked":"SKIP","floor":12},{"not_picked":["Double Tap","Demon Form"],"picked":"Offering","floor":16},{"not_picked":["Flex","Headbutt"],"picked":"Carnage+1","floor":18},{"not_picked":["Rupture","Ghostly Armor+1"],"picked":"Heavy Blade","floor":20}],"player_experience":809746,"relics_obtained":[{"floor":6,"key":"War Paint"},{"floor":19,"key":"Red Mask"}],"event_choices":[{"damage_healed":0,"gold_gain":0,"player_choice":"Lose Max HP","damage_taken":0,"relics_obtained":["Golden Idol"],"max_hp_gain":0,"max_hp_loss":6,"event_name":"Golden Idol","floor":2,"gold_loss":0},{"cards_removed":["Strike_R"],"damage_healed":0,"gold_gain":0,"player_choice":"Card Removal","damage_taken":0,"max_hp_gain":0,"max_hp_loss":0,"event_name":"The Cleric","floor":3,"gold_loss":50},{"damage_healed":0,"gold_gain":0,"player_choice":"2 cards matched","damage_taken":0,"max_hp_gain":0,"max_hp_loss":0,"event_name":"Match and Keep!","floor":5,"gold_loss":0,"cards_obtained":["Good Instincts","Demon Form"]},{"damage_healed":0,"gold_gain":0,"player_choice":"Fought Bandits","damage_taken":0,"max_hp_gain":0,"max_hp_loss":0,"event_name":"Masked Bandits","floor":19,"gold_loss":0}],"is_beta":false,"boss_relics":[{"not_picked":["Runic Dome","Coffee Dripper"],"picked":"Astrolabe"}],"items_purged_floors":[13,21],"is_endless":false,"potions_floor_spawned":[6,8,11,16,20],"killed_by":"Gremlin Leader","ascension_level":0}