{"gold_per_floor":[114,114,114,39,54,54,73,73,373,404,404,439,439,454,454,454],"floor_reached":16,"playtime":396,"items_purged":[],"score":216,"play_id":"8806a735-cf9e-4c48-9f29-30ed14b12726","local_time":"20190226004011","is_ascension_mode":true,"campfire_choices":[{"data":"Neutralize","floor":6,"key":"SMITH"},{"floor":11,"key":"REST"},{"data":"Cloak And Dagger","floor":13,"key":"SMITH"},{"data":"Footwork","floor":15,"key":"SMITH"}],"neow_cost":"NONE","seed_source_timestamp":1537413788650903,"circlet_count":0,"master_deck":["AscendersBane","Defend_G","Defend_G","Defend_G","Defend_G","Defend_G","Strike_G","Strike_G","Strike_G+1","Strike_G+1","Survivor","Neutralize+1","Finisher","Deflect","Blade Dance","Footwork+1","Noxious Fumes","Cloak And Dagger+1","Adrenaline"],"relics":["Ring of the Snake","Old Coin","Whetstone","Blue Candle"],"potions_floor_usage":[12,16],"damage_taken":[{"damage":1,"enemies":"2 Louse","floor":1,"turns":4},{"damage":1,"enemies":"Small Slimes","floor":5,"turns":4},{"damage":0,"enemies":"Jaw Worm","floor":7,"turns":3},{"damage":50,"enemies":"Gremlin Nob","floor":10,"turns":6},{"damage":29,"enemies":"Lagavulin","floor":12,"turns":10},{"damage":0,"enemies":"Exordium Wildlife","floor":14,"turns":2},{"damage":28,"enemies":"Slime Boss","floor":16,"turns":3}],"seed_played":"8265835501255764533","potions_obtained":[{"floor":5,"key":"Regen Potion"},{"floor":10,"key":"Energy Potion"},{"floor":12,"key":"PowerPotion"}],"is_trial":false,"path_per_floor":["M","?","?","?","M","R","M","?","T","E","R","E","R","M","R","B"],"character_chosen":"THE_SILENT","items_purchased":[],"campfire_rested":1,"item_purchase_floors":[],"current_hp_per_floor":[58,58,58,58,57,57,57,62,62,12,33,18,18,18,18,0],"gold":454,"neow_bonus":"THREE_CARDS","is_prod":false,"is_daily":false,"chose_seed":false,"campfire_upgraded":3,"win_rate":0,"timestamp":1551138011,"path_taken":["M","?","?","?","M","R","M","?","T","E","R","E","R","M","R","BOSS"],"build_version":"2019-01-23","purchased_purges":0,"victory":false,"max_hp_per_floor":[66,66,66,66,66,66,66,71,71,71,71,71,71,71,71,71],"card_choices":[{"not_picked":["Quick Slash","Dagger Throw"],"picked":"Finisher","floor":0},{"not_picked":["Poisoned Stab","Sucker Punch"],"picked":"Deflect","floor":1},{"not_picked":["Finisher","Sucker Punch"],"picked":"Blade Dance","floor":5},{"not_picked":["Escape Plan","Dodge and Roll"],"picked":"Footwork","floor":7},{"not_picked":["Deadly Poison","PiercingWail"],"picked":"Noxious Fumes","floor":10},{"not_picked":["Eviscerate","Bane"],"picked":"Cloak And Dagger","floor":12},{"not_picked":["Deadly Poison","Noxious Fumes"],"picked":"Adrenaline","floor":14}],"player_experience":905035,"relics_obtained":[{"floor":9,"key":"Old Coin"},{"floor":10,"key":"Whetstone"},{"floor":12,"key":"Blue Candle"}],"event_choices":[{"damage_healed":0,"gold_gain":0,"player_choice":"Ignored","damage_taken":0,"max_hp_gain":0,"max_hp_loss":0,"event_name":"Shining Light","floor":2,"gold_loss":0},{"damage_healed":0,"gold_gain":0,"player_choice":"Ignored","damage_taken":0,"max_hp_gain":0,"max_hp_loss":0,"event_name":"Liars Game","floor":3,"gold_loss":0},{"cards_removed":["Strike_G"],"damage_healed":0,"gold_gain":0,"player_choice":"Card Removal","damage_taken":0,"max_hp_gain":0,"max_hp_loss":0,"event_name":"The Cleric","floor":4,"gold_loss":75},{"damage_healed":0,"gold_gain":0,"player_choice":"Donut","damage_taken":0,"max_hp_gain":5,"max_hp_loss":0,"event_name":"Big Fish","floor":8,"gold_loss":0}],"is_beta":false,"boss_relics":[],"items_purged_floors":[],"is_endless":false,"potions_floor_spawned":[5,10,12],"killed_by":"Slime Boss","ascension_level":20}