{"gold_per_floor":[116,116,116,136,151,184,184,207,207,192],"floor_reached":10,"playtime":246,"items_purged":[],"score":75,"play_id":"050e4b29-b196-4f98-b1f8-d62554c6b779","local_time":"20190630204816","is_ascension_mode":true,"campfire_choices":[{"data":"Combust","floor":7,"key":"SMITH"}],"neow_cost":"NONE","seed_source_timestamp":1481140080896488,"circlet_count":0,"master_deck":["Strike_R","Strike_R","Strike_R","Strike_R+1","Strike_R+1","Defend_R","Defend_R","Defend_R","Defend_R","Bash","Berserk","Metallicize","Combust+1"],"relics":["Burning Blood","Golden Idol","Sundial","Dodecahedron"],"potions_floor_usage":[6,6],"damage_taken":[{"damage":18,"enemies":"Small Slimes","floor":1,"turns":3},{"damage":13,"enemies":"Jaw Worm","floor":4,"turns":4},{"damage":4,"enemies":"Cultist","floor":5,"turns":4},{"damage":16,"enemies":"Gremlin Nob","floor":6,"turns":3},{"damage":15,"enemies":"Exordium Wildlife","floor":8,"turns":4},{"damage":13,"enemies":"Looter","floor":10,"turns":1}],"seed_played":"1679172902392518006","potions_obtained":[{"floor":1,"key":"Explosive Potion"},{"floor":5,"key":"Strength Potion"},{"floor":6,"key":"Poison Potion"}],"is_trial":false,"path_per_floor":["M","?","?","M","M","E","R","M","T","M"],"character_chosen":"IRONCLAD","items_purchased":[],"campfire_rested":0,"item_purchase_floors":[],"current_hp_per_floor":[68,52,32,25,27,17,17,8,8,0],"gold":192,"neow_bonus":"ONE_RANDOM_RARE_CARD","is_prod":false,"is_daily":false,"chose_seed":false,"campfire_upgraded":1,"win_rate":0,"timestamp":1561942096,"path_taken":["M","?","?","M","M","E","R","M","T","M"],"build_version":"2019-01-23","purchased_purges":0,"victory":false,"max_hp_per_floor":[80,80,80,80,80,80,80,80,80,80],"card_choices":[{"not_picked":["Hemokinesis","Evolve"],"picked":"Metallicize","floor":1},{"not_picked":["Ghostly Armor","Wild Strike"],"picked":"Combust","floor":4},{"not_picked":["Headbutt","Cleave","Flame Barrier"],"picked":"SKIP","floor":5},{"not_picked":["Disarm","Hemokinesis","Armaments"],"picked":"SKIP","floor":6},{"not_picked":["Bloodletting","Warcry","Iron Wave"],"picked":"SKIP","floor":8}],"player_experience":86325,"relics_obtained":[{"floor":6,"key":"Sundial"},{"floor":9,"key":"Dodecahedron"}],"event_choices":[{"damage_healed":0,"gold_gain":0,"player_choice":"Entered Light","damage_taken":16,"max_hp_gain":0,"max_hp_loss":0,"event_name":"Shining Light","floor":2,"gold_loss":0,"cards_upgraded":["Strike_R","Strike_R"]},{"damage_healed":0,"gold_gain":0,"player_choice":"Take Damage","damage_taken":20,"relics_obtained":["Golden Idol"],"max_hp_gain":0,"max_hp_loss":0,"event_name":"Golden Idol","floor":3,"gold_loss":0}],"is_beta":false,"boss_relics":[],"items_purged_floors":[],"is_endless":false,"potions_floor_spawned":[1,5,6],"killed_by":"Looter","ascension_level":2}