{"gold_per_floor":[109,121,121,135,155,155,155],"floor_reached":7,"playtime":698,"items_purged":[],"score":82,"play_id":"2a52e0f5-777d-4c00-b921-275b1e0c30a9","local_time":"20190725144705","is_ascension_mode":true,"campfire_choices":[{"data":"Neutralize","floor":6,"key":"SMITH"}],"neow_cost":"NONE","seed_source_timestamp":12231560423200,"circlet_count":0,"master_deck":["AscendersBane","Strike_G","Strike_G","Strike_G","Strike_G","Strike_G","Defend_G","Defend_G","Defend_G","Defend_G","Survivor","Neutralize+1","Dagger Throw","Escape Plan","Acrobatics","Dash","Masterful Stab"],"relics":["Ring of the Snake"],"potions_floor_usage":[1],"damage_taken":[{"damage":2,"enemies":"Jaw Worm","floor":1,"turns":4},{"damage":8,"enemies":"Small Slimes","floor":2,"turns":5},{"damage":0,"enemies":"2 Louse","floor":4,"turns":3},{"damage":5,"enemies":"Blue Slaver","floor":5,"turns":5},{"damage":42,"enemies":"Lagavulin Event","floor":7,"turns":5}],"seed_played":"-5014184824348995512","potions_obtained":[{"floor":1,"key":"Fruit Juice"}],"is_trial":false,"path_per_floor":["M","M","?","M","M","R","?"],"character_chosen":"THE_SILENT","items_purchased":[],"campfire_rested":0,"item_purchase_floors":[],"current_hp_per_floor":[62,54,47,47,42,42,0],"gold":155,"neow_bonus":"THREE_CARDS","is_prod":false,"is_daily":false,"chose_seed":false,"campfire_upgraded":1,"win_rate":0,"timestamp":1564058825,"path_taken":["M","M","?","M","M","R","?"],"build_version":"2019-07-17","purchased_purges":0,"victory":false,"max_hp_per_floor":[71,71,71,71,71,71,71],"card_choices":[{"not_picked":["Quick Slash","Outmaneuver"],"picked":"Dagger Throw","floor":0},{"not_picked":["Slice","Dagger Throw"],"picked":"Escape Plan","floor":1},{"not_picked":["Outmaneuver","Blade Dance"],"picked":"Acrobatics","floor":2},{"not_picked":["Grand Finale","Prepared"],"picked":"Dash","floor":4},{"not_picked":["Dagger Throw","Poisoned Stab"],"picked":"Masterful Stab","floor":5}],"player_experience":894784,"relics_obtained":[],"event_choices":[{"cards_removed":["Defend_G"],"damage_healed":0,"gold_gain":0,"player_choice":"Card Removal","damage_taken":7,"max_hp_gain":0,"max_hp_loss":0,"event_name":"Golden Wing","floor":3,"gold_loss":0},{"damage_healed":0,"gold_gain":0,"player_choice":"Searched \u00271\u0027 times","damage_taken":0,"max_hp_gain":0,"max_hp_loss":0,"event_name":"Dead Adventurer","floor":7,"gold_loss":0}],"is_beta":false,"boss_relics":[],"items_purged_floors":[],"is_endless":false,"potions_floor_spawned":[1],"killed_by":"Lagavulin Event","ascension_level":18}