{"gold_per_floor":[113,129,204,21,33,33,33,61,61,93,93,106,106,31,31,130,180,190,202,213,23,23,23,23,23,100,100,100,113,143,159,159,259,259,275,275,239,239,39,39,72,83,83,103,103],"floor_reached":45,"playtime":2967,"items_purged":["Strike_G","Strike_G"],"score":622,"play_id":"76ed1779-8c6f-4c2c-9605-cb752ec15895","local_time":"20190731011102","is_ascension_mode":true,"campfire_choices":[{"data":"Envenom","floor":6,"key":"SMITH"},{"floor":11,"key":"REST"},{"floor":15,"key":"REST"},{"data":"Terror","floor":23,"key":"SMITH"},{"data":"Catalyst","floor":25,"key":"SMITH"},{"data":"Well Laid Plans","floor":27,"key":"SMITH"},{"floor":32,"key":"REST"},{"data":"Noxious Fumes","floor":40,"key":"SMITH"}],"neow_cost":"CURSE","seed_source_timestamp":554914863667175,"circlet_count":0,"master_deck":["Strike_G","Strike_G","Strike_G","Defend_G","Defend_G+1","Defend_G","Defend_G","Defend_G","Survivor","Neutralize","Writhe","Envenom+1","Backflip","Terror+1","Well Laid Plans+1","Dodge and Roll+1","Skewer+1","Dagger Spray+1","Poisoned Stab+1","Malaise+1","Catalyst+1","Dash+1","Dramatic Entrance+1","Flechettes+1","Corpse Explosion","Acrobatics+1","Burst","Noxious Fumes+1","The Bomb","Cloak And Dagger+1","Dagger Throw+1"],"relics":["Ring of the Snake","Vajra","Molten Egg 2","Snake Skull","Oddly Smooth Stone","Tiny House","Pantograph","Pear","Philosopher\u0027s Stone","Juzu Bracelet"],"potions_floor_usage":[8,10,18,30,30,31,41,41,44,44],"damage_taken":[{"damage":0,"enemies":"Cultist","floor":1,"turns":5},{"damage":1,"enemies":"Small Slimes","floor":2,"turns":4},{"damage":0,"enemies":"2 Louse","floor":5,"turns":4},{"damage":8,"enemies":"Lagavulin","floor":8,"turns":9},{"damage":25,"enemies":"Gremlin Nob","floor":10,"turns":4},{"damage":1,"enemies":"Large Slime","floor":12,"turns":4},{"damage":0,"enemies":"The Guardian","floor":16,"turns":7},{"damage":9,"enemies":"2 Thieves","floor":18,"turns":4},{"damage":0,"enemies":"Chosen","floor":19,"turns":6},{"damage":13,"enemies":"Snake Plant","floor":20,"turns":5},{"damage":3,"enemies":"Chosen and Byrds","floor":29,"turns":6},{"damage":27,"enemies":"Slavers","floor":30,"turns":5},{"damage":15,"enemies":"Snecko","floor":31,"turns":8},{"damage":53,"enemies":"Automaton","floor":33,"turns":11},{"damage":19,"enemies":"3 Shapes","floor":35,"turns":5},{"damage":45,"enemies":"Reptomancer","floor":41,"turns":5},{"damage":1,"enemies":"Orb Walker","floor":42,"turns":3},{"damage":17,"enemies":"4 Shapes","floor":44,"turns":3},{"damage":21,"enemies":"Spire Growth","floor":45,"turns":4}],"seed_played":"-2509209591221547214","potions_obtained":[{"floor":2,"key":"SkillPotion"},{"floor":8,"key":"GamblersBrew"},{"floor":10,"key":"GamblersBrew"},{"floor":17,"key":"Energy Potion"},{"floor":30,"key":"Block Potion"},{"floor":33,"key":"Regen Potion"},{"floor":41,"key":"Explosive Potion"}],"is_trial":false,"path_per_floor":["M","M","?","$","M","R","?","E","T","E","R","M","?","$","R","B",null,"M","M","M","$","?","R","?","R","T","R","?","M","E","M","R","B",null,"M","?","$","?","$","R","E","M","T","M","M"],"character_chosen":"THE_SILENT","items_purchased":["Well Laid Plans","Vajra","Dramatic Entrance+1","PowerPotion","Weak Potion","Noxious Fumes","Fruit Juice"],"campfire_rested":3,"item_purchase_floors":[4,4,21,21,21,37,39],"current_hp_per_floor":[70,69,58,58,58,58,58,50,50,25,46,45,31,31,52,52,75,66,66,53,53,53,53,53,53,53,53,53,50,33,18,43,15,85,66,66,66,66,66,66,35,34,34,17,0],"gold":103,"neow_bonus":"THREE_RARE_CARDS","is_prod":false,"is_daily":false,"chose_seed":false,"campfire_upgraded":5,"win_rate":0,"timestamp":1564553462,"path_taken":["M","M","?","$","M","R","?","E","T","E","R","M","?","$","R","BOSS","M","M","M","$","?","R","?","R","T","R","?","?","E","M","R","BOSS","M","?","$","?","$","R","E","M","T","M","M"],"build_version":"2019-07-17","purchased_purges":2,"victory":false,"max_hp_per_floor":[70,70,70,70,70,70,70,70,70,70,70,70,70,70,70,70,75,75,75,75,75,75,75,75,75,75,75,75,75,85,85,85,85,85,85,85,85,85,85,85,90,90,90,90,90],"card_choices":[{"not_picked":["After Image","Burst"],"picked":"Envenom","floor":0},{"not_picked":["Escape Plan","Poisoned Stab"],"picked":"Backflip","floor":1},{"not_picked":["Distraction","Reflex"],"picked":"Terror","floor":2},{"not_picked":["Outmaneuver","Endless Agony"],"picked":"Dodge and Roll","floor":5},{"not_picked":["Expertise","Sucker Punch"],"picked":"Skewer","floor":8},{"not_picked":["Underhanded Strike+1","Distraction"],"picked":"Dagger Spray+1","floor":10},{"not_picked":["Dagger Spray+1","Setup"],"picked":"Poisoned Stab+1","floor":12},{"not_picked":["Phantasmal Killer","Unload+1"],"picked":"Malaise","floor":16},{"not_picked":["Deflect","Endless Agony+1"],"picked":"Catalyst","floor":18},{"not_picked":["Finisher+1","Tactician","Choke+1"],"picked":"SKIP","floor":19},{"not_picked":["Slice+1","Quick Slash+1"],"picked":"Dash+1","floor":20},{"not_picked":["Deflect","Quick Slash+1"],"picked":"Flechettes+1","floor":29},{"not_picked":["Glass Knife+1","Die Die Die+1"],"picked":"Corpse Explosion","floor":30},{"not_picked":["Outmaneuver","Eviscerate+1"],"picked":"Acrobatics+1","floor":31},{"not_picked":["Bullet Time","After Image"],"picked":"Burst","floor":33},{"not_picked":["Blade Dance+1","Slice+1","Acrobatics+1"],"picked":"SKIP","floor":35},{"not_picked":["Good Instincts","Jack Of All Trades"],"picked":"The Bomb","floor":38},{"not_picked":["Dodge and Roll+1","Escape Plan"],"picked":"Cloak And Dagger+1","floor":41},{"not_picked":["Backflip","Deflect+1","Eviscerate+1"],"picked":"SKIP","floor":42},{"not_picked":["Deflect","Outmaneuver"],"picked":"Dagger Throw+1","floor":44}],"player_experience":161155,"relics_obtained":[{"floor":8,"key":"Molten Egg 2"},{"floor":9,"key":"Snake Skull"},{"floor":10,"key":"Oddly Smooth Stone"},{"floor":26,"key":"Pantograph"},{"floor":30,"key":"Pear"},{"floor":41,"key":"Juzu Bracelet"}],"event_choices":[{"damage_healed":0,"gold_gain":75,"player_choice":"Gather Gold","damage_taken":11,"max_hp_gain":0,"max_hp_loss":0,"event_name":"World of Goop","floor":3,"gold_loss":0},{"damage_healed":0,"gold_gain":0,"player_choice":"Ignored","damage_taken":0,"max_hp_gain":0,"max_hp_loss":0,"event_name":"Liars Game","floor":7,"gold_loss":0},{"damage_healed":0,"gold_gain":0,"player_choice":"Entered Light","damage_taken":14,"max_hp_gain":0,"max_hp_loss":0,"event_name":"Shining Light","floor":13,"gold_loss":0,"cards_upgraded":["Defend_G","Dodge and Roll"]},{"damage_healed":0,"gold_gain":0,"player_choice":"Ignored","damage_taken":0,"max_hp_gain":0,"max_hp_loss":0,"event_name":"Vampires","floor":22,"gold_loss":0},{"damage_healed":0,"gold_gain":0,"player_choice":"Ignored","damage_taken":0,"max_hp_gain":0,"max_hp_loss":0,"event_name":"Ghosts","floor":24,"gold_loss":0},{"damage_healed":0,"gold_gain":0,"player_choice":"Ignored","damage_taken":0,"max_hp_gain":0,"max_hp_loss":0,"event_name":"N\u0027loth","floor":28,"gold_loss":0},{"damage_healed":0,"gold_gain":0,"player_choice":"Ignored","damage_taken":0,"max_hp_gain":0,"max_hp_loss":0,"event_name":"Tomb of Lord Red Mask","floor":36,"gold_loss":0},{"damage_healed":0,"gold_gain":0,"player_choice":"Memory 1","damage_taken":0,"max_hp_gain":0,"max_hp_loss":0,"event_name":"SensoryStone","floor":38,"gold_loss":0}],"is_beta":false,"boss_relics":[{"not_picked":["Runic Dome","Black Star"],"picked":"Tiny House"},{"not_picked":["Empty Cage","White Beast Statue"],"picked":"Philosopher\u0027s Stone"}],"items_purged_floors":[14,39],"is_endless":false,"potions_floor_spawned":[2,8,10,30,33,41],"killed_by":"Spire Growth","ascension_level":3}