{"gold_per_floor":[113,130,130,80,80,80,30,30,30,30,57,72,91,91,91,169,169,183,196,208,208,227,177,190,190],"floor_reached":25,"playtime":1070,"items_purged":["Strike_R","Strike_R","Strike_R"],"score":365,"play_id":"21066376-84af-476a-9233-345b814f0b5b","local_time":"20190216002245","is_ascension_mode":true,"campfire_choices":[{"data":"Bash","floor":6.0,"key":"SMITH"},{"data":"Iron Wave","floor":8.0,"key":"SMITH"},{"data":"Defend_R","floor":10.0,"key":"SMITH"},{"data":"Pommel Strike","floor":15.0,"key":"SMITH"}],"neow_cost":"NONE","seed_source_timestamp":942458606708694,"circlet_count":0,"master_deck":["AscendersBane","Strike_R","Strike_R","Defend_R+1","Defend_R","Defend_R","Defend_R","Bash+1","Headbutt","Iron Wave+1","Pommel Strike+1","Shrug It Off","Barricade","Iron Wave","Seeing Red"],"special_seed":0,"relics":["Burning Blood","Smiling Mask","Pear","Vajra","Coffee Dripper"],"potions_floor_usage":[22,24],"damage_taken":[{"damage":6.0,"enemies":"Cultist","floor":1.0,"turns":4.0},{"damage":4.0,"enemies":"Jaw Worm","floor":2.0,"turns":4.0},{"damage":31.0,"enemies":"3 Sentries","floor":11.0,"turns":9.0},{"damage":5.0,"enemies":"Small Slimes","floor":12.0,"turns":3.0},{"damage":8.0,"enemies":"Blue Slaver","floor":13.0,"turns":3.0},{"damage":49.0,"enemies":"Slime Boss","floor":16.0,"turns":9.0},{"damage":6.0,"enemies":"Shell Parasite","floor":18.0,"turns":5.0},{"damage":12.0,"enemies":"2 Thieves","floor":19.0,"turns":5.0},{"damage":14.0,"enemies":"Snecko","floor":20.0,"turns":6.0},{"damage":8,"enemies":"3 Cultists","floor":22,"turns":6},{"damage":21,"enemies":"Centurion and Healer","floor":24,"turns":7},{"damage":3,"enemies":"Cultist and Chosen","floor":25,"turns":4}],"seed_played":"5739733594276117750","potions_obtained":[{"floor":1.0,"key":"Regen Potion"},{"floor":12.0,"key":"EssenceOfSteel"},{"floor":19.0,"key":"AttackPotion"},{"floor":20.0,"key":"Weak Potion"}],"is_trial":false,"path_per_floor":["M","M","?","$","?","R","$","R","T","R","E","M","M","?","R","B",null,"M","M","M","?","M","$","M","M"],"character_chosen":"IRONCLAD","items_purchased":[],"campfire_rested":0,"item_purchase_floors":[],"current_hp_per_floor":[68,70,70,70,70,70,70,70,80,80,55,56,54,59,59,16,72,72,66,58,58,56,56,41,38],"gold":190,"neow_bonus":"RANDOM_COMMON_RELIC","is_prod":false,"is_daily":false,"chose_seed":false,"campfire_upgraded":4,"win_rate":0,"timestamp":1550272965,"path_taken":["M","?","?","$","?","R","?","R","T","R","E","?","M","?","R","BOSS","M","M","M","?","M","$","?","M"],"build_version":"2019-01-23","purchased_purges":3,"victory":false,"max_hp_per_floor":[75,75,75,75,75,75,75,75,85,85,85,85,85,90,90,90,90,90,90,90,90,90,90,90,90],"card_choices":[{"not_picked":["Reckless Charge","Clash"],"picked":"Headbutt","floor":1.0},{"not_picked":["Clothesline","Entrench"],"picked":"Iron Wave","floor":2.0},{"not_picked":["Combust","Warcry"],"picked":"Pommel Strike","floor":11.0},{"not_picked":["Pommel Strike","Corruption","Whirlwind"],"picked":"SKIP","floor":12.0},{"not_picked":["Evolve","Clash"],"picked":"Shrug It Off","floor":13.0},{"not_picked":["Juggernaut","Exhume"],"picked":"Barricade","floor":16.0},{"not_picked":["Rampage","Sword Boomerang","Perfected Strike"],"picked":"SKIP","floor":18.0},{"not_picked":["Dual Wield+1","Twin Strike","Clash"],"picked":"SKIP","floor":19.0},{"not_picked":["Spot Weakness","Dropkick"],"picked":"Iron Wave","floor":20.0},{"not_picked":["Perfected Strike","Armaments","Iron Wave"],"picked":"SKIP","floor":22},{"not_picked":["Fire Breathing","Second Wind+1"],"picked":"Seeing Red","floor":24}],"player_experience":807419,"relics_obtained":[{"floor":9.0,"key":"Pear"},{"floor":11.0,"key":"Vajra"}],"event_choices":[{"damage_healed":0.0,"max_hp_gain":0.0,"max_hp_loss":0.0,"gold_gain":0.0,"event_name":"Liars Game","player_choice":"Ignored","floor":3.0,"gold_loss":0.0,"damage_taken":0.0},{"damage_healed":0.0,"max_hp_gain":0.0,"max_hp_loss":0.0,"gold_gain":0.0,"event_name":"The Cleric","player_choice":"Leave","floor":5.0,"gold_loss":0.0,"damage_taken":0.0},{"damage_healed":0.0,"max_hp_gain":5.0,"max_hp_loss":0.0,"gold_gain":0.0,"event_name":"Big Fish","player_choice":"Donut","floor":14.0,"gold_loss":0.0,"damage_taken":0.0},{"damage_healed":0,"gold_gain":0,"player_choice":"0 cards matched","damage_taken":0,"max_hp_gain":0,"max_hp_loss":0,"event_name":"Match and Keep!","floor":21,"gold_loss":0,"cards_obtained":[]}],"is_beta":false,"boss_relics":[{"not_picked":["Orrery","Snecko Eye"],"picked":"Coffee Dripper"}],"items_purged_floors":[4,7,23],"is_endless":false,"potions_floor_spawned":[1,12,19,20],"killed_by":"Cultist and Chosen","ascension_level":16}