{"gold_per_floor":[118,43,61,61,74,74,105,105,130,130,147,170,170,170,170,274,274,288,298,298,317,317,317,179,189,215,234,86,86,96,108,108,213,213,229,240,254,254,254,254,254,254,277,294,310,310,310,321,321,321],"floor_reached":50,"playtime":1106,"items_purged":["Strike_R","Defend_R","Defend_R"],"score":494,"play_id":"246a95df-2c8c-4ced-9cd0-4880e211ea0b","local_time":"20190730201049","is_ascension_mode":false,"campfire_choices":[{"data":"Cleave","floor":6,"key":"SMITH"},{"data":"Cleave","floor":10,"key":"SMITH"},{"data":"Flex","floor":13,"key":"SMITH"},{"data":"Cleave","floor":15,"key":"SMITH"},{"floor":23,"key":"REST"},{"data":"Flex","floor":29,"key":"SMITH"},{"data":"Flex","floor":32,"key":"SMITH"},{"data":"Rage","floor":40,"key":"SMITH"},{"data":"Defend_R","floor":42,"key":"SMITH"},{"floor":46,"key":"REST"},{"floor":49,"key":"REST"}],"neow_cost":"NONE","seed_source_timestamp":1647383451335535,"circlet_count":0,"master_deck":["Strike_R+1","Strike_R+1","Strike_R+1","Strike_R+1","Defend_R+1","Defend_R+1","Cleave+1","Cleave+1","Flex+1","Cleave+1","Flex+1","Heavy Blade+1","Shockwave+1","Rage+1","Flex+1","Flex+1","Twin Strike+1","Intimidate+1","Twin Strike+1"],"relics":["Black Blood","NeowsBlessing","Regal Pillow","Centennial Puzzle","Odd Mushroom","Lizard Tail","Strawberry","Pen Nib","Mark of the Bloom"],"potions_floor_usage":[16,16,16,33,35,36,45,50,50],"damage_taken":[{"damage":0,"enemies":"Small Slimes","floor":1,"turns":1},{"damage":0,"enemies":"2 Louse","floor":3,"turns":1},{"damage":0,"enemies":"Cultist","floor":5,"turns":1},{"damage":28,"enemies":"3 Sentries","floor":7,"turns":7},{"damage":9,"enemies":"Gremlin Gang","floor":11,"turns":2},{"damage":8,"enemies":"The Mushroom Lair","floor":12,"turns":3},{"damage":38,"enemies":"The Guardian","floor":16,"turns":7},{"damage":25,"enemies":"Spheric Guardian","floor":18,"turns":4},{"damage":10,"enemies":"Chosen","floor":19,"turns":4},{"damage":24,"enemies":"Shelled Parasite and Fungi","floor":21,"turns":4},{"damage":27,"enemies":"Centurion and Healer","floor":25,"turns":4},{"damage":1,"enemies":"Chosen and Byrds","floor":27,"turns":3},{"damage":9,"enemies":"3 Cultists","floor":30,"turns":3},{"damage":0,"enemies":"Snake Plant","floor":31,"turns":2},{"damage":37,"enemies":"Collector","floor":33,"turns":8},{"damage":0,"enemies":"Orb Walker","floor":35,"turns":3},{"damage":14,"enemies":"3 Darklings","floor":36,"turns":3},{"damage":18,"enemies":"4 Shapes","floor":37,"turns":3},{"damage":13,"enemies":"Sphere and 2 Shapes","floor":44,"turns":3},{"damage":47,"enemies":"Writhing Mass","floor":45,"turns":4},{"damage":47,"enemies":"Maw","floor":48,"turns":6},{"damage":57,"enemies":"Donu and Deca","floor":50,"turns":4}],"seed_played":"2317112149105555494","potions_obtained":[{"floor":1,"key":"AttackPotion"},{"floor":11,"key":"SpeedPotion"},{"floor":14,"key":"Energy Potion"},{"floor":14,"key":"Fire Potion"},{"floor":16,"key":"PowerPotion"},{"floor":18,"key":"Poison Potion"},{"floor":27,"key":"Poison Potion"},{"floor":30,"key":"BloodPotion"},{"floor":33,"key":"SkillPotion"},{"floor":35,"key":"GamblersBrew"},{"floor":37,"key":"LiquidBronze"}],"is_trial":false,"path_per_floor":["M","$","M","?","M","R","E","?","T","R","M","?","R","?","R","B",null,"M","M","?","M","?","R","$","M","T","M","$","R","M","M","R","B",null,"M","M","M","?","?","R","?","R","T","M","M","R","?","M","R","B"],"character_chosen":"IRONCLAD","items_purchased":["Rage","Flex"],"campfire_rested":3,"item_purchase_floors":[24,28],"current_hp_per_floor":[80,80,80,85,85,85,63,46,46,46,43,41,41,41,41,9,85,66,62,62,44,44,84,84,63,70,75,75,75,72,78,78,47,92,92,88,80,80,80,80,80,80,80,77,63,92,92,45,45,0],"gold":321,"neow_bonus":"THREE_ENEMY_KILL","is_prod":false,"is_daily":false,"chose_seed":false,"campfire_upgraded":8,"win_rate":0,"timestamp":1564531849,"path_taken":["M","$","M","?","M","R","E","?","T","R","M","?","R","?","R","BOSS","M","M","?","?","?","R","$","M","T","?","$","R","?","M","R","BOSS","M","?","M","?","?","R","?","R","T","?","M","R","?","M","R","BOSS"],"build_version":"2019-07-17","purchased_purges":3,"victory":false,"max_hp_per_floor":[80,80,80,85,85,85,85,85,85,85,85,85,85,85,85,85,85,85,85,85,85,85,85,85,85,92,92,92,92,92,92,92,92,92,92,92,92,92,92,92,92,92,92,92,92,92,92,92,92,92],"card_choices":[{"not_picked":["Metallicize","Sword Boomerang"],"picked":"Cleave","floor":1},{"not_picked":["Infernal Blade","Heavy Blade"],"picked":"Cleave","floor":3},{"not_picked":["Shrug It Off","Anger","Sword Boomerang"],"picked":"SKIP","floor":5},{"not_picked":["Second Wind","Immolate"],"picked":"Flex","floor":7},{"not_picked":["Inflame","Body Slam"],"picked":"Cleave","floor":11},{"not_picked":["Dropkick","Clothesline"],"picked":"Flex+1","floor":18},{"not_picked":["Armaments","Rampage"],"picked":"Heavy Blade+1","floor":19},{"not_picked":["Heavy Blade","Metallicize"],"picked":"Shockwave+1","floor":21},{"not_picked":["Headbutt","Heavy Blade","Rupture+1"],"picked":"SKIP","floor":25},{"not_picked":["Sword Boomerang","Havoc+1"],"picked":"Flex","floor":27},{"not_picked":["Havoc+1","Carnage"],"picked":"Twin Strike+1","floor":30},{"not_picked":["Reckless Charge","Anger","Offering"],"picked":"SKIP","floor":31},{"not_picked":["Evolve+1","Heavy Blade"],"picked":"Intimidate+1","floor":35},{"not_picked":["Thunderclap+1","Rampage+1"],"picked":"Twin Strike+1","floor":36},{"not_picked":["Disarm","Flame Barrier","Burning Pact+1"],"picked":"SKIP","floor":37},{"not_picked":["Clothesline","Havoc+1","Blood for Blood"],"picked":"SKIP","floor":44},{"not_picked":["Armaments+1","Hemokinesis+1","Entrench"],"picked":"SKIP","floor":45},{"not_picked":["Pommel Strike+1","Body Slam+1","Thunderclap+1"],"picked":"SKIP","floor":48}],"player_experience":237353,"relics_obtained":[{"floor":7,"key":"Regal Pillow"},{"floor":9,"key":"Centennial Puzzle"},{"floor":12,"key":"Odd Mushroom"},{"floor":26,"key":"Strawberry"},{"floor":43,"key":"Pen Nib"}],"event_choices":[{"damage_healed":0,"gold_gain":0,"player_choice":"Donut","damage_taken":0,"max_hp_gain":5,"max_hp_loss":0,"event_name":"Big Fish","floor":4,"gold_loss":0},{"damage_healed":0,"gold_gain":0,"player_choice":"Entered Light","damage_taken":17,"max_hp_gain":0,"max_hp_loss":0,"event_name":"Shining Light","floor":8,"gold_loss":0,"cards_upgraded":["Strike_R","Bash"]},{"damage_healed":0,"gold_gain":0,"player_choice":"Fought Mushrooms","damage_taken":0,"max_hp_gain":0,"max_hp_loss":0,"event_name":"Mushrooms","floor":12,"gold_loss":0},{"damage_healed":0,"gold_gain":0,"player_choice":"Got Potions","damage_taken":0,"max_hp_gain":0,"max_hp_loss":0,"event_name":"Lab","floor":14,"gold_loss":0},{"damage_healed":0,"gold_gain":0,"player_choice":"Copied","damage_taken":0,"max_hp_gain":0,"max_hp_loss":0,"event_name":"Duplicator","floor":20,"gold_loss":0,"cards_obtained":["Flex"]},{"cards_removed":["Bash"],"damage_healed":0,"gold_gain":0,"player_choice":"Offered Basic","damage_taken":0,"max_hp_gain":0,"max_hp_loss":0,"event_name":"Bonfire Elementals","floor":22,"gold_loss":0},{"cards_removed":["Flex"],"damage_healed":0,"gold_gain":0,"player_choice":"Removed Skill","damage_taken":0,"max_hp_gain":0,"max_hp_loss":0,"event_name":"Falling","floor":38,"gold_loss":0},{"damage_healed":0,"gold_gain":0,"player_choice":"Ignored","damage_taken":0,"max_hp_gain":0,"max_hp_loss":0,"event_name":"Tomb of Lord Red Mask","floor":39,"gold_loss":0},{"damage_healed":0,"gold_gain":0,"player_choice":"Bought 0 Potions","damage_taken":0,"max_hp_gain":0,"max_hp_loss":0,"event_name":"The Woman in Blue","floor":41,"gold_loss":0},{"damage_healed":0,"gold_gain":0,"player_choice":"Upgrade","damage_taken":0,"relics_obtained":["Mark of the Bloom"],"max_hp_gain":0,"max_hp_loss":0,"event_name":"MindBloom","floor":47,"gold_loss":0,"cards_upgraded":["Strike_R","Strike_R","Strike_R","Defend_R"]}],"is_beta":false,"boss_relics":[{"not_picked":["Fusion Hammer","Astrolabe"],"picked":"Lizard Tail"},{"not_picked":["White Beast Statue","Runic Cube"],"picked":"Black Blood"}],"items_purged_floors":[2,24,28],"is_endless":false,"potions_floor_spawned":[1,11,16,18,27,30,31,33,35,37,44],"killed_by":"Donu and Deca","ascension_level":0}