{"gold_per_floor":[114,133,144,144,45,79,95,45,45,56,109,129,129,150,150,150],"floor_reached":16,"playtime":371,"items_purged":["Strike_R"],"score":102,"play_id":"1577b01b-ba8d-48e0-813a-b5ba81f0d94e","local_time":"20190511221627","is_ascension_mode":false,"campfire_choices":[{"data":"Strike_R","floor":15,"key":"SMITH"}],"neow_cost":"NONE","seed_source_timestamp":379273268194200,"circlet_count":0,"master_deck":["Strike_R","Strike_R+1","Defend_R","Defend_R","Defend_R","Defend_R","Bash","Dual Wield","Cleave","Carnage","Rage","Armaments","Brutality","Seeing Red","Inflame","Regret"],"relics":["Burning Blood","NeowsBlessing","Gremlin Horn","Oddly Smooth Stone","Happy Flower","Odd Mushroom"],"potions_floor_usage":[6,14,16],"damage_taken":[{"damage":0,"enemies":"Cultist","floor":1,"turns":1},{"damage":0,"enemies":"2 Louse","floor":2,"turns":1},{"damage":0,"enemies":"Jaw Worm","floor":3,"turns":1},{"damage":12,"enemies":"Gremlin Nob","floor":6,"turns":3},{"damage":8,"enemies":"Blue Slaver","floor":7,"turns":2},{"damage":1,"enemies":"3 Louse","floor":10,"turns":3},{"damage":4,"enemies":"2 Fungi Beasts","floor":12,"turns":3},{"damage":8,"enemies":"The Mushroom Lair","floor":14,"turns":3},{"damage":77,"enemies":"Hexaghost","floor":16,"turns":8}],"seed_played":"-7387149145022490609","potions_obtained":[{"floor":1,"key":"Poison Potion"},{"floor":2,"key":"Explosive Potion"},{"floor":14,"key":"Poison Potion"}],"is_trial":false,"path_per_floor":["M","M","M","?","$","E","M","?","T","M","T","M","?","?","R","B"],"character_chosen":"IRONCLAD","items_purchased":["Armaments"],"campfire_rested":0,"item_purchase_floors":[5],"current_hp_per_floor":[80,80,80,80,80,74,72,72,72,77,77,79,79,77,77,0],"gold":150,"neow_bonus":"THREE_ENEMY_KILL","is_prod":false,"is_daily":false,"chose_seed":false,"campfire_upgraded":1,"win_rate":0,"timestamp":1557630987,"path_taken":["M","?","M","?","$","E","M","?","T","M","?","M","?","?","R","BOSS"],"build_version":"2019-01-23","purchased_purges":1,"victory":false,"max_hp_per_floor":[80,80,80,80,80,80,80,80,80,80,80,80,80,80,80,80],"card_choices":[{"not_picked":["Hemokinesis","Rampage"],"picked":"Dual Wield","floor":1},{"not_picked":["Combust","Clash"],"picked":"Cleave","floor":2},{"not_picked":["True Grit","Pummel"],"picked":"Carnage","floor":3},{"not_picked":["Clash","Thunderclap"],"picked":"Brutality","floor":6},{"not_picked":["Anger","Hemokinesis"],"picked":"Seeing Red","floor":7},{"not_picked":["Second Wind","Entrench","Cleave"],"picked":"SKIP","floor":10},{"not_picked":["Intimidate","True Grit"],"picked":"Inflame","floor":12}],"player_experience":810521,"relics_obtained":[{"floor":6,"key":"Gremlin Horn"},{"floor":11,"key":"Oddly Smooth Stone"},{"floor":14,"key":"Odd Mushroom"}],"event_choices":[{"damage_healed":0,"gold_gain":0,"cards_transformed":["Strike_R"],"player_choice":"Change","damage_taken":0,"max_hp_gain":0,"max_hp_loss":0,"event_name":"Living Wall","floor":4,"gold_loss":0,"cards_obtained":["Rage"]},{"cards_removed":["Strike_R"],"damage_healed":0,"gold_gain":0,"player_choice":"Card Removal","damage_taken":0,"max_hp_gain":0,"max_hp_loss":0,"event_name":"The Cleric","floor":8,"gold_loss":50},{"damage_healed":0,"gold_gain":0,"player_choice":"Box","damage_taken":0,"relics_obtained":["Happy Flower"],"max_hp_gain":0,"max_hp_loss":0,"event_name":"Big Fish","floor":13,"gold_loss":0,"cards_obtained":["Regret"]},{"damage_healed":0,"gold_gain":0,"player_choice":"Fought Mushrooms","damage_taken":0,"max_hp_gain":0,"max_hp_loss":0,"event_name":"Mushrooms","floor":14,"gold_loss":0}],"is_beta":false,"boss_relics":[],"items_purged_floors":[5],"is_endless":false,"potions_floor_spawned":[1,2,14],"killed_by":"Hexaghost","ascension_level":0}