{"gold_per_floor":[110,110,110,285,305,330,330,340,340,359,374,374,393,406,406,505,505,522,535,553,0,0,0,0,35,35,45,45],"floor_reached":28,"playtime":1293,"items_purged":[],"score":254,"play_id":"1f1b1c5e-2457-4a22-8d3a-df62f9d81758","local_time":"20190717132926","is_ascension_mode":true,"campfire_choices":[{"floor":7,"key":"REST"},{"floor":15,"key":"REST"},{"floor":23,"key":"REST"}],"neow_cost":"NONE","seed_source_timestamp":521572803484611,"circlet_count":0,"master_deck":["Strike_G","Strike_G","Strike_G","Strike_G","Defend_G+1","Defend_G","Defend_G+1","Defend_G","Defend_G","Survivor","Neutralize+1","Slice","Deadly Poison","Skewer","Dash","Tools of the Trade","Dagger Throw","Flying Knee","Acrobatics","Doppelganger+1","Calculated Gamble","Catalyst","PiercingWail","Deadly Poison","Tools of the Trade","Slice","Poisoned Stab+1","Distraction+1","Footwork","After Image","Finisher+1"],"relics":["Ring of the Snake","Ninja Scroll","Bronze Scales","Orrery","Anchor","Lantern","MealTicket","Omamori","Ornamental Fan"],"potions_floor_usage":[6,16,18,28],"damage_taken":[{"damage":1,"enemies":"Jaw Worm","floor":1,"turns":7},{"damage":0,"enemies":"2 Louse","floor":5,"turns":4},{"damage":34,"enemies":"3 Sentries","floor":6,"turns":15},{"damage":0,"enemies":"Cultist","floor":8,"turns":3},{"damage":5,"enemies":"Large Slime","floor":10,"turns":5},{"damage":0,"enemies":"Looter","floor":11,"turns":3},{"damage":6,"enemies":"2 Fungi Beasts","floor":13,"turns":2},{"damage":3,"enemies":"Exordium Wildlife","floor":14,"turns":3},{"damage":19,"enemies":"Hexaghost","floor":16,"turns":9},{"damage":27,"enemies":"2 Thieves","floor":18,"turns":4},{"damage":5,"enemies":"3 Byrds","floor":19,"turns":4},{"damage":10,"enemies":"Snecko","floor":20,"turns":6},{"damage":52,"enemies":"Slavers","floor":25,"turns":8},{"damage":2,"enemies":"Centurion and Healer","floor":27,"turns":8},{"damage":0,"enemies":"3 Cultists","floor":28,"turns":3}],"seed_played":"-8505818885704727666","potions_obtained":[{"floor":5,"key":"SpeedPotion"},{"floor":6,"key":"LiquidBronze"},{"floor":8,"key":"AttackPotion"},{"floor":10,"key":"SteroidPotion"},{"floor":14,"key":"Explosive Potion"},{"floor":19,"key":"Weak Potion"},{"floor":27,"key":"Strength Potion"}],"is_trial":false,"path_per_floor":["M","?","?","?","M","E","R","M","T","M","M","?","M","M","R","B",null,"M","M","M","$","?","R","$","E","T","M","M"],"character_chosen":"THE_SILENT","items_purchased":["Footwork","Anchor","Lantern","MealTicket"],"campfire_rested":3,"item_purchase_floors":[21,21,21,21],"current_hp_per_floor":[69,62,48,48,48,14,35,35,35,30,30,30,24,21,42,23,70,43,38,28,28,28,49,64,12,12,10,10],"gold":45,"neow_bonus":"UPGRADE_CARD","is_prod":false,"is_daily":false,"chose_seed":false,"campfire_upgraded":0,"win_rate":0,"timestamp":1563388166,"path_taken":["M","?","?","?","M","E","R","M","T","M","M","?","M","M","R","BOSS","M","M","M","$","?","R","$","E","T","M","?"],"build_version":"2019-07-05","purchased_purges":0,"victory":false,"max_hp_per_floor":[70,70,70,70,70,70,70,70,70,70,70,70,70,70,70,70,70,70,70,70,70,70,70,70,70,70,70,70],"card_choices":[{"not_picked":["Tactician","Catalyst"],"picked":"Slice","floor":1},{"not_picked":["Tactician","Poisoned Stab"],"picked":"Deadly Poison","floor":5},{"not_picked":["Masterful Stab","Underhanded Strike"],"picked":"Skewer","floor":6},{"not_picked":["Well Laid Plans","Eviscerate"],"picked":"Dash","floor":8},{"not_picked":["Dodge and Roll","All Out Attack"],"picked":"Tools of the Trade","floor":10},{"not_picked":["Deflect","Quick Slash"],"picked":"Dagger Throw","floor":11},{"not_picked":["Infinite Blades","Backflip"],"picked":"Flying Knee","floor":13},{"not_picked":["Predator","Outmaneuver"],"picked":"Acrobatics","floor":14},{"not_picked":["Storm of Steel","Die Die Die"],"picked":"Doppelganger","floor":16},{"not_picked":["Backflip","Flying Knee"],"picked":"Calculated Gamble","floor":17},{"not_picked":["Backflip","Dagger Throw"],"picked":"Catalyst","floor":17},{"not_picked":["Dodge and Roll","Heel Hook"],"picked":"PiercingWail","floor":17},{"not_picked":["All Out Attack","PiercingWail"],"picked":"Deadly Poison","floor":17},{"not_picked":["Acrobatics","Dagger Spray"],"picked":"Tools of the Trade","floor":17},{"not_picked":["Dodge and Roll","Blade Dance"],"picked":"Slice","floor":18},{"not_picked":["Acrobatics+1","Sucker Punch"],"picked":"Poisoned Stab+1","floor":19},{"not_picked":["Slice+1","Burst"],"picked":"Distraction+1","floor":20},{"not_picked":["Deflect+1","Underhanded Strike+1"],"picked":"After Image","floor":25},{"not_picked":["Outmaneuver","Dodge and Roll"],"picked":"Finisher+1","floor":27}],"player_experience":106840,"relics_obtained":[{"floor":6,"key":"Ninja Scroll"},{"floor":9,"key":"Bronze Scales"},{"floor":25,"key":"Omamori"},{"floor":26,"key":"Ornamental Fan"}],"event_choices":[{"cards_removed":["Strike_G"],"damage_healed":0,"gold_gain":0,"player_choice":"Card Removal","damage_taken":7,"max_hp_gain":0,"max_hp_loss":0,"event_name":"Golden Wing","floor":2,"gold_loss":0},{"damage_healed":0,"gold_gain":0,"player_choice":"Entered Light","damage_taken":14,"max_hp_gain":0,"max_hp_loss":0,"event_name":"Shining Light","floor":3,"gold_loss":0,"cards_upgraded":["Defend_G","Defend_G"]},{"damage_healed":0,"gold_gain":175,"player_choice":"AGREE","damage_taken":0,"max_hp_gain":0,"max_hp_loss":0,"event_name":"Liars Game","floor":4,"gold_loss":0,"cards_obtained":["Doubt"]},{"cards_removed":["Doubt"],"damage_healed":0,"gold_gain":0,"player_choice":"Forget","damage_taken":0,"max_hp_gain":0,"max_hp_loss":0,"event_name":"Living Wall","floor":12,"gold_loss":0},{"damage_healed":0,"gold_gain":0,"player_choice":"Upgraded","damage_taken":0,"max_hp_gain":0,"max_hp_loss":0,"event_name":"Upgrade Shrine","floor":22,"gold_loss":0,"cards_upgraded":["Doppelganger"]}],"is_beta":false,"boss_relics":[{"not_picked":["Eternal Feather","Sozu"],"picked":"Orrery"}],"items_purged_floors":[],"is_endless":false,"potions_floor_spawned":[5,6,8,10,14,19,27],"killed_by":"3 Cultists","ascension_level":1}