{"gold_per_floor":[111,111,386,397,41,41,41,69,69,84,84,100,134,309,309,406,406,417,434,434,447,24,24,24,55,114,126,157,169,181,204,216,326,338,350,67,67,84,0,33,33,52,126,126,226,246,246,259,259,259],"floor_reached":50,"playtime":2223,"items_purged":["Regret","Strike_B"],"score":598,"play_id":"00a27602-e6f8-44ee-9917-a5b3e1ba18a2","local_time":"20190716201223","is_ascension_mode":true,"campfire_choices":[{"floor":6,"key":"RECALL"},{"data":"Defragment","floor":11,"key":"SMITH"},{"data":"Go for the Eyes","floor":15,"key":"SMITH"},{"floor":23,"key":"REST"},{"floor":27,"key":"REST"},{"floor":30,"key":"REST"},{"data":"Scrape","floor":32,"key":"SMITH"},{"data":"Flash of Steel","floor":41,"key":"SMITH"},{"data":"Defragment","floor":47,"key":"SMITH"},{"data":"Beam Cell","floor":49,"key":"SMITH"}],"neow_cost":"NONE","seed_source_timestamp":436748958431456,"circlet_count":0,"master_deck":["Strike_B+1","Strike_B+1","Defend_B+1","Defend_B+1","Defend_B+1","Defend_B+1","Zap+1","Dualcast","Ball Lightning","Storm","Defragment+1","All For One","All For One","Go for the Eyes+1","Reboot","Go for the Eyes+1","Leap","Defragment+1","Conserve Battery+1","Scrape+1","Echo Form","Go for the Eyes","Flash of Steel+1","Go for the Eyes","Reprogram+1","Tempest+1","Turbo+1","Scrape+1","Beam Cell+1"],"relics":["Cracked Core","Question Card","War Paint","Kunai","Busted Crown","Boot","MawBank","Anchor","Enchiridion","Eternal Feather","Bag of Marbles","Red Mask","Blue Candle","Dodecahedron","Mercury Hourglass","FossilizedHelix"],"potions_floor_usage":[8,25,33,35,40,40,50],"damage_taken":[{"damage":0,"enemies":"Small Slimes","floor":1,"turns":3},{"damage":4,"enemies":"Jaw Worm","floor":4,"turns":3},{"damage":16,"enemies":"Gremlin Nob","floor":8,"turns":4},{"damage":0,"enemies":"Cultist","floor":10,"turns":3},{"damage":0,"enemies":"2 Fungi Beasts","floor":12,"turns":3},{"damage":23,"enemies":"3 Sentries","floor":13,"turns":5},{"damage":22,"enemies":"Hexaghost","floor":16,"turns":9},{"damage":21,"enemies":"Spheric Guardian","floor":18,"turns":4},{"damage":24,"enemies":"3 Byrds","floor":19,"turns":4},{"damage":36,"enemies":"Snake Plant","floor":21,"turns":3},{"damage":19,"enemies":"Slavers","floor":25,"turns":5},{"damage":13,"enemies":"Shelled Parasite and Fungi","floor":28,"turns":5},{"damage":2,"enemies":"Snecko","floor":31,"turns":4},{"damage":10,"enemies":"Collector","floor":33,"turns":7},{"damage":17,"enemies":"3 Darklings","floor":35,"turns":6},{"damage":0,"enemies":"3 Shapes","floor":38,"turns":4},{"damage":9,"enemies":"Reptomancer","floor":40,"turns":7},{"damage":14,"enemies":"Maw","floor":42,"turns":7},{"damage":3,"enemies":"Mind Bloom Boss Battle","floor":45,"turns":6},{"damage":18,"enemies":"Writhing Mass","floor":46,"turns":4},{"damage":8,"enemies":"4 Shapes","floor":48,"turns":3},{"damage":101,"enemies":"Donu and Deca","floor":50,"turns":8}],"seed_played":"7838234745493585524","potions_obtained":[{"floor":4,"key":"EssenceOfSteel"},{"floor":16,"key":"Regen Potion"},{"floor":19,"key":"Fire Potion"},{"floor":28,"key":"Weak Potion"},{"floor":31,"key":"Poison Potion"},{"floor":33,"key":"Fire Potion"},{"floor":37,"key":"EssenceOfSteel"},{"floor":38,"key":"SkillPotion"},{"floor":40,"key":"EssenceOfSteel"}],"is_trial":false,"path_per_floor":["M","?","?","M","$","R","$","E","T","M","R","M","E","?","R","B",null,"M","M","?","M","$","R","?","E","T","R","M","?","R","M","R","B",null,"M","$","?","M","?","E","R","M","T","T","?","M","R","M","R","B"],"character_chosen":"DEFECT","items_purchased":["Question Card","Storm","Defragment","Boot","FairyPotion","Go for the Eyes","Flash of Steel","Bag of Marbles"],"campfire_rested":3,"item_purchase_floors":[5,5,22,22,22,36,36,36],"current_hp_per_floor":[82,75,75,71,71,71,71,55,55,55,55,55,32,32,32,10,82,61,37,37,1,1,25,25,6,6,30,17,1,25,23,23,13,82,65,65,65,65,65,56,71,57,57,57,54,36,51,43,58,0],"gold":259,"neow_bonus":"TEN_PERCENT_HP_BONUS","is_prod":false,"is_daily":false,"chose_seed":false,"campfire_upgraded":6,"win_rate":0,"timestamp":1563322343,"path_taken":["M","?","?","M","$","R","$","E","T","M","R","?","E","?","R","BOSS","M","M","?","?","$","R","?","E","T","R","M","?","R","M","R","BOSS","M","$","?","?","?","E","R","M","T","?","?","M","R","M","R","BOSS"],"build_version":"2019-07-05","purchased_purges":2,"victory":false,"max_hp_per_floor":[82,82,82,82,82,82,82,82,82,82,82,82,82,82,82,82,82,82,82,82,82,82,82,82,82,82,82,82,82,82,82,82,82,82,82,82,82,82,82,82,82,82,82,82,82,82,82,82,82,82],"card_choices":[{"not_picked":["Turbo","Redo"],"picked":"Ball Lightning","floor":1},{"not_picked":["Chill","Compile Driver","Darkness"],"picked":"SKIP","floor":4},{"not_picked":["Genetic Algorithm","Stack","Rebound"],"picked":"Defragment","floor":8},{"not_picked":["Sweeping Beam","Compile Driver","Go for the Eyes"],"picked":"All For One","floor":10},{"not_picked":["Steam","Sweeping Beam","Compile Driver"],"picked":"All For One","floor":12},{"not_picked":["Rainbow","Chaos","White Noise"],"picked":"Go for the Eyes","floor":13},{"not_picked":["Amplify","Thunder Strike","Meteor Strike"],"picked":"Reboot","floor":16},{"not_picked":["Recycle"],"picked":"Go for the Eyes+1","floor":18},{"not_picked":["Steam","Sunder"],"picked":"SKIP","floor":19},{"not_picked":["Barrage+1"],"picked":"Leap","floor":21},{"not_picked":["Sunder"],"picked":"Conserve Battery+1","floor":25},{"not_picked":["Turbo"],"picked":"Scrape","floor":28},{"not_picked":["Coolheaded","Skim+1"],"picked":"SKIP","floor":31},{"not_picked":["Hyperbeam"],"picked":"Echo Form","floor":33},{"not_picked":["Barrage+1","Leap+1"],"picked":"SKIP","floor":35},{"not_picked":["Self Repair"],"picked":"Go for the Eyes","floor":38},{"not_picked":["Conserve Battery+1"],"picked":"Reprogram+1","floor":40},{"not_picked":["Stack+1"],"picked":"Tempest+1","floor":42},{"not_picked":["Leap+1"],"picked":"Turbo+1","floor":45},{"not_picked":["Doom and Gloom"],"picked":"Scrape+1","floor":46},{"not_picked":["Fission"],"picked":"Beam Cell","floor":48}],"player_experience":171376,"relics_obtained":[{"floor":8,"key":"War Paint"},{"floor":13,"key":"Kunai"},{"floor":25,"key":"MawBank"},{"floor":26,"key":"Anchor"},{"floor":29,"key":"Enchiridion"},{"floor":40,"key":"Blue Candle"},{"floor":43,"key":"Dodecahedron"},{"floor":44,"key":"Mercury Hourglass"},{"floor":45,"key":"FossilizedHelix"}],"event_choices":[{"cards_removed":["Strike_B"],"damage_healed":0,"gold_gain":0,"player_choice":"Card Removal","damage_taken":7,"max_hp_gain":0,"max_hp_loss":0,"event_name":"Golden Wing","floor":2,"gold_loss":0},{"damage_healed":0,"gold_gain":275,"player_choice":"Desecrate","damage_taken":0,"max_hp_gain":0,"max_hp_loss":0,"event_name":"Golden Shrine","floor":3,"gold_loss":0,"cards_obtained":["Regret"]},{"damage_healed":0,"gold_gain":175,"player_choice":"AGREE","damage_taken":0,"max_hp_gain":0,"max_hp_loss":0,"event_name":"Liars Game","floor":14,"gold_loss":0,"cards_obtained":["Doubt"]},{"cards_removed":["Doubt"],"damage_healed":0,"gold_gain":0,"player_choice":"Removed Curses","damage_taken":0,"max_hp_gain":0,"max_hp_loss":0,"event_name":"Fountain of Cleansing","floor":20,"gold_loss":0},{"damage_healed":0,"gold_gain":0,"player_choice":"Simplicity","damage_taken":0,"max_hp_gain":0,"max_hp_loss":0,"event_name":"Back to Basics","floor":24,"gold_loss":0,"cards_upgraded":["Strike_B","Strike_B","Defend_B","Defend_B","Defend_B"]},{"damage_healed":0,"gold_gain":0,"player_choice":"Obtained Book","damage_taken":16,"max_hp_gain":0,"max_hp_loss":0,"event_name":"Cursed Tome","floor":29,"gold_loss":0},{"damage_healed":0,"gold_gain":0,"player_choice":"Got Potions","damage_taken":0,"max_hp_gain":0,"max_hp_loss":0,"event_name":"Lab","floor":37,"gold_loss":0},{"damage_healed":0,"gold_gain":0,"player_choice":"Paid","damage_taken":0,"relics_obtained":["Red Mask"],"max_hp_gain":0,"max_hp_loss":0,"event_name":"Tomb of Lord Red Mask","floor":39,"gold_loss":84},{"damage_healed":0,"gold_gain":0,"player_choice":"Fight","damage_taken":0,"max_hp_gain":0,"max_hp_loss":0,"event_name":"MindBloom","floor":45,"gold_loss":0}],"is_beta":false,"boss_relics":[{"not_picked":["Calling Bell","White Beast Statue"],"picked":"Busted Crown"},{"not_picked":["Runic Pyramid","Empty Cage"],"picked":"Eternal Feather"}],"items_purged_floors":[5,22],"is_endless":false,"potions_floor_spawned":[4,16,19,28,31,33,35,38,40],"killed_by":"Donu and Deca","ascension_level":2}