{"gold_per_floor":[119,119,135,153,228,228,242,17,72,72,98,110,110,138,138,235,235,246,266,365,69,81,81,8,8,8,19,35,35,35,35,35,132,132,145,161,177,177],"floor_reached":38,"playtime":1034,"items_purged":["Strike_R","Bash"],"score":376,"play_id":"0d3ede5c-baab-4bee-b5a6-08c58218b914","local_time":"20190730194642","is_ascension_mode":false,"campfire_choices":[{"data":"Rampage","floor":6,"key":"SMITH"},{"data":"Demon Form","floor":10,"key":"SMITH"},{"data":"Rampage","floor":13,"key":"SMITH"},{"data":"PanicButton","floor":15,"key":"SMITH"},{"data":"Demon Form","floor":23,"key":"SMITH"},{"data":"Rampage","floor":25,"key":"SMITH"},{"floor":32,"key":"REST"}],"neow_cost":"NONE","seed_source_timestamp":1646007839954463,"circlet_count":0,"master_deck":["Strike_R+1","Strike_R+1","Strike_R+1","Strike_R+1","Defend_R+1","Defend_R+1","Defend_R+1","PanicButton+1","Rampage+1","Rampage+1","Demon Form+1","Demon Form+1","Rampage+1","Limit Break"],"relics":["Burning Blood","Red Skull","Bronze Scales","Odd Mushroom","Velvet Choker","TheAbacus","Turnip","Fusion Hammer"],"potions_floor_usage":[12,33,38],"damage_taken":[{"damage":7,"enemies":"Small Slimes","floor":1,"turns":4},{"damage":0,"enemies":"Cultist","floor":3,"turns":3},{"damage":0,"enemies":"Jaw Worm","floor":4,"turns":3},{"damage":6,"enemies":"2 Fungi Beasts","floor":7,"turns":4},{"damage":28,"enemies":"Gremlin Nob","floor":11,"turns":4},{"damage":0,"enemies":"Looter","floor":12,"turns":3},{"damage":22,"enemies":"The Mushroom Lair","floor":14,"turns":4},{"damage":18,"enemies":"Slime Boss","floor":16,"turns":7},{"damage":10,"enemies":"Chosen","floor":18,"turns":5},{"damage":17,"enemies":"Shell Parasite","floor":19,"turns":4},{"damage":22,"enemies":"Chosen and Byrds","floor":22,"turns":6},{"damage":24,"enemies":"Shelled Parasite and Fungi","floor":27,"turns":4},{"damage":18,"enemies":"Cultist and Chosen","floor":28,"turns":5},{"damage":29,"enemies":"Collector","floor":33,"turns":6},{"damage":22,"enemies":"Orb Walker","floor":35,"turns":3},{"damage":42,"enemies":"3 Shapes","floor":36,"turns":4},{"damage":28,"enemies":"Writhing Mass","floor":37,"turns":4},{"damage":18,"enemies":"2 Orb Walkers","floor":38,"turns":2}],"seed_played":"-1630447774652374211","potions_obtained":[{"floor":4,"key":"LiquidBronze"},{"floor":11,"key":"Block Potion"},{"floor":16,"key":"SkillPotion"},{"floor":22,"key":"Dexterity Potion"},{"floor":28,"key":"LiquidBronze"},{"floor":35,"key":"Explosive Potion"}],"is_trial":false,"path_per_floor":["M","?","M","M","?","R","M","$","T","R","E","M","R","?","R","B",null,"M","M","?","$","M","R","$","R","T","M","M","$","?","?","R","B",null,"M","M","M","?"],"character_chosen":"IRONCLAD","items_purchased":["Demon Form","TheAbacus","Rampage"],"campfire_rested":1,"item_purchase_floors":[8,21,24],"current_hp_per_floor":[87,87,88,88,77,77,77,77,77,77,55,61,61,45,45,33,88,84,73,73,73,57,57,57,57,57,39,27,27,27,27,53,30,88,72,36,14,0],"gold":177,"neow_bonus":"TEN_PERCENT_HP_BONUS","is_prod":false,"is_daily":false,"chose_seed":false,"campfire_upgraded":6,"win_rate":0,"timestamp":1564530402,"path_taken":["M","?","?","M","?","R","M","$","T","R","E","M","R","?","R","BOSS","M","M","?","$","M","R","$","R","T","M","M","$","?","?","R","BOSS","M","M","?","?"],"build_version":"2019-07-17","purchased_purges":2,"victory":false,"max_hp_per_floor":[88,88,88,88,88,88,88,88,88,88,88,88,88,88,88,88,88,88,88,88,88,88,88,88,88,88,88,88,88,88,88,88,88,88,88,88,88,88],"card_choices":[{"not_picked":["Heavy Blade","Fire Breathing","Iron Wave"],"picked":"SKIP","floor":1},{"not_picked":["Dual Wield","Headbutt"],"picked":"Rampage","floor":3},{"not_picked":["Cleave","Perfected Strike","Wild Strike"],"picked":"SKIP","floor":4},{"not_picked":["Body Slam","Seeing Red"],"picked":"Rampage","floor":7},{"not_picked":["Spot Weakness","Whirlwind","Blood for Blood"],"picked":"SKIP","floor":11},{"not_picked":["Wild Strike","Evolve","Havoc"],"picked":"SKIP","floor":12},{"not_picked":["Immolate","Juggernaut"],"picked":"Demon Form","floor":16},{"not_picked":["Thunderclap","Heavy Blade","Perfected Strike+1"],"picked":"SKIP","floor":18},{"not_picked":["Searing Blow","Cleave","Ghostly Armor+1"],"picked":"SKIP","floor":19},{"not_picked":["Armaments","Sword Boomerang+1","Cleave"],"picked":"SKIP","floor":22},{"not_picked":["Reckless Charge","Iron Wave","Burning Pact+1"],"picked":"SKIP","floor":27},{"not_picked":["Whirlwind","Headbutt+1","Metallicize"],"picked":"SKIP","floor":28},{"not_picked":["Juggernaut","Reaper"],"picked":"Limit Break","floor":33},{"not_picked":["Pommel Strike","Anger+1","Headbutt"],"picked":"SKIP","floor":35},{"not_picked":["Havoc","Anger+1","Perfected Strike+1"],"picked":"SKIP","floor":36},{"not_picked":["Armaments+1","Clash+1","Juggernaut"],"picked":"SKIP","floor":37}],"player_experience":236068,"relics_obtained":[{"floor":9,"key":"Red Skull"},{"floor":11,"key":"Bronze Scales"},{"floor":14,"key":"Odd Mushroom"},{"floor":26,"key":"Turnip"}],"event_choices":[{"damage_healed":0,"gold_gain":0,"player_choice":"1 cards matched","damage_taken":0,"max_hp_gain":0,"max_hp_loss":0,"event_name":"Match and Keep!","floor":2,"gold_loss":0,"cards_obtained":["PanicButton"]},{"damage_healed":0,"gold_gain":75,"player_choice":"Gather Gold","damage_taken":11,"max_hp_gain":0,"max_hp_loss":0,"event_name":"World of Goop","floor":5,"gold_loss":0},{"damage_healed":0,"gold_gain":0,"player_choice":"Fought Mushrooms","damage_taken":0,"max_hp_gain":0,"max_hp_loss":0,"event_name":"Mushrooms","floor":14,"gold_loss":0},{"damage_healed":0,"gold_gain":99,"player_choice":"Stole From Cult","damage_taken":0,"max_hp_gain":0,"max_hp_loss":0,"event_name":"Nest","floor":20,"gold_loss":0},{"damage_healed":0,"gold_gain":0,"player_choice":"Simplicity","damage_taken":0,"max_hp_gain":0,"max_hp_loss":0,"event_name":"Back to Basics","floor":30,"gold_loss":0,"cards_upgraded":["Strike_R","Strike_R","Strike_R","Strike_R","Defend_R","Defend_R","Defend_R","Defend_R"]},{"cards_removed":["Defend_R"],"damage_healed":0,"gold_gain":0,"player_choice":"Purged","damage_taken":0,"max_hp_gain":0,"max_hp_loss":0,"event_name":"Purifier","floor":31,"gold_loss":0},{"damage_healed":0,"gold_gain":0,"player_choice":"Fight","damage_taken":0,"max_hp_gain":0,"max_hp_loss":0,"event_name":"Mysterious Sphere","floor":38,"gold_loss":0}],"is_beta":false,"boss_relics":[{"not_picked":["Busted Crown","Pandora\u0027s Box"],"picked":"Velvet Choker"},{"not_picked":["Eternal Feather","Tiny House"],"picked":"Fusion Hammer"}],"items_purged_floors":[8,21],"is_endless":false,"potions_floor_spawned":[4,11,16,22,28,35,36],"killed_by":"2 Orb Walkers","ascension_level":0}