{"gold_per_floor":[118,68,1,1,26,69,69,99,124,164,190,235,247,259,271,404,416,419,10,34,59,14,14,37,37,64,64,79,79,79,103,103,232,232,253,253,266,266,13,13,53,53,123,147,127,166,63,83,83,83],"floor_reached":50,"playtime":2440,"items_purged":["BootSequence","Dualcast"],"score":620,"play_id":"2a7fe4af-4c6a-4b26-9ffa-5d0748771ca8","local_time":"20190716190448","is_ascension_mode":true,"campfire_choices":[{"data":"Buffer","floor":7,"key":"SMITH"},{"data":"Static Discharge","floor":13,"key":"SMITH"},{"floor":15,"key":"REST"},{"floor":23,"key":"RECALL"},{"data":"Trip","floor":27,"key":"SMITH"},{"data":"Go for the Eyes","floor":29,"key":"SMITH"},{"data":"Storm","floor":32,"key":"SMITH"},{"data":"Defragment","floor":40,"key":"SMITH"},{"data":"Master of Strategy","floor":42,"key":"SMITH"},{"floor":49,"key":"REST"}],"neow_cost":"NONE","seed_source_timestamp":432476973226860,"circlet_count":0,"master_deck":["Strike_B+1","Strike_B+1","Strike_B+1","Defend_B+1","Defend_B+1","Defend_B+1","Defend_B+1","Self Repair","Static Discharge+1","Ball Lightning","Buffer+1","All For One","Trip+1","Machine Learning","Master of Strategy","Defragment+1","Go for the Eyes+1","Sunder+1","Gash","Turbo+1","Storm+1","Echo Form","Sunder+1","BootSequence+1","Reprogram+1","Leap+1","Master of Strategy+1","Go for the Eyes","Ball Lightning+1","Redo+1","Ball Lightning","Defragment"],"relics":["Cracked Core","Golden Idol","Thread and Needle","Potion Belt","Omamori","MawBank","War Paint","Nuclear Battery","Oddly Smooth Stone","Bag of Preparation","Astrolabe","Membership Card","Symbiotic Virus","Dead Branch"],"potions_floor_usage":[10,12,16,31,41,46,48,50,50,50,50,50,50],"damage_taken":[{"damage":0,"enemies":"2 Louse","floor":1,"turns":2},{"damage":13,"enemies":"Small Slimes","floor":5,"turns":3},{"damage":35,"enemies":"Gremlin Nob","floor":6,"turns":4},{"damage":22,"enemies":"3 Sentries","floor":10,"turns":7},{"damage":0,"enemies":"Cultist","floor":11,"turns":4},{"damage":0,"enemies":"Gremlin Nob","floor":12,"turns":4},{"damage":13,"enemies":"Hexaghost","floor":16,"turns":9},{"damage":0,"enemies":"2 Thieves","floor":18,"turns":4},{"damage":7,"enemies":"Shell Parasite","floor":20,"turns":5},{"damage":10,"enemies":"Shelled Parasite and Fungi","floor":21,"turns":6},{"damage":9,"enemies":"Snake Plant","floor":24,"turns":4},{"damage":0,"enemies":"Centurion and Healer","floor":28,"turns":5},{"damage":0,"enemies":"Snecko","floor":31,"turns":6},{"damage":2,"enemies":"Champ","floor":33,"turns":9},{"damage":0,"enemies":"3 Shapes","floor":35,"turns":3},{"damage":1,"enemies":"Orb Walker","floor":37,"turns":3},{"damage":33,"enemies":"Giant Head","floor":41,"turns":7},{"damage":17,"enemies":"Writhing Mass","floor":44,"turns":4},{"damage":56,"enemies":"Nemesis","floor":46,"turns":7},{"damage":4,"enemies":"4 Shapes","floor":48,"turns":2},{"damage":44,"enemies":"Donu and Deca","floor":50,"turns":4}],"seed_played":"4863007061828890233","potions_obtained":[{"floor":6,"key":"SkillPotion"},{"floor":10,"key":"Swift Potion"},{"floor":11,"key":"LiquidBronze"},{"floor":16,"key":"Ancient Potion"},{"floor":20,"key":"Block Potion"},{"floor":21,"key":"Energy Potion"},{"floor":31,"key":"Regen Potion"},{"floor":33,"key":"Energy Potion"},{"floor":41,"key":"EntropicBrew"},{"floor":45,"key":"SteroidPotion"},{"floor":48,"key":"SkillPotion"}],"is_trial":false,"path_per_floor":["M","?","$","?","M","E","R","?","T","E","M","E","R","?","R","B",null,"M","$","M","M","$","R","M","?","T","R","M","R","?","M","R","B",null,"M","?","M","?","$","R","E","R","T","M","?","E","$","M","R","B"],"character_chosen":"DEFECT","items_purchased":["Static Discharge","Oddly Smooth Stone","Master of Strategy","Defragment","Gash","Membership Card","Go for the Eyes","Ball Lightning","Defragment"],"campfire_rested":2,"item_purchase_floors":[3,19,19,19,22,39,39,47,47],"current_hp_per_floor":[82,82,82,62,56,28,28,28,28,13,20,20,20,20,44,31,82,82,82,82,79,79,79,70,70,70,70,77,77,77,82,82,82,82,82,82,81,81,81,81,55,55,55,45,45,11,11,14,38,0],"gold":83,"neow_bonus":"TEN_PERCENT_HP_BONUS","is_prod":false,"is_daily":false,"chose_seed":false,"campfire_upgraded":7,"win_rate":0,"timestamp":1563318288,"path_taken":["M","?","$","?","M","E","R","?","T","E","M","E","R","?","R","BOSS","M","$","?","M","$","R","M","?","T","R","M","R","?","M","R","BOSS","M","?","?","?","$","R","E","R","T","M","?","E","$","M","R","BOSS"],"build_version":"2019-07-05","purchased_purges":2,"victory":false,"max_hp_per_floor":[82,82,82,82,82,82,82,82,82,82,82,82,82,82,82,82,82,82,82,82,82,82,82,82,82,82,82,82,82,82,82,82,82,82,82,82,82,82,82,82,82,82,82,82,82,82,82,82,82,82],"card_choices":[{"not_picked":["Turbo","FTL"],"picked":"Self Repair","floor":1},{"not_picked":["Go for the Eyes","Conserve Battery"],"picked":"Ball Lightning","floor":5},{"not_picked":["Doom and Gloom","Coolheaded"],"picked":"Buffer","floor":6},{"not_picked":["Steam","Leap"],"picked":"All For One","floor":10},{"not_picked":["Rebound","Barrage","Coolheaded"],"picked":"SKIP","floor":11},{"not_picked":["Stack","Sweeping Beam"],"picked":"BootSequence","floor":12},{"not_picked":["Fission","Core Surge"],"picked":"Machine Learning","floor":16},{"not_picked":["Genetic Algorithm","Steam+1","Undo+1"],"picked":"SKIP","floor":18},{"not_picked":["Compile Driver","Glacier"],"picked":"Go for the Eyes","floor":20},{"not_picked":["Loop","Barrage"],"picked":"Sunder+1","floor":21},{"not_picked":["Barrage","Blizzard"],"picked":"Turbo","floor":24},{"not_picked":["Thunder Strike","Stack"],"picked":"Turbo+1","floor":28},{"not_picked":["Hologram","FTL"],"picked":"Storm","floor":31},{"not_picked":["Core Surge","Buffer"],"picked":"Echo Form","floor":33},{"not_picked":["Stack+1","Scrape"],"picked":"Leap+1","floor":35},{"not_picked":["Aggregate","Redo","Rebound"],"picked":"SKIP","floor":37},{"not_picked":["Rip and Tear","Compile Driver+1","Conserve Battery+1"],"picked":"SKIP","floor":41},{"not_picked":["Rebound","Redo+1"],"picked":"Ball Lightning+1","floor":44},{"not_picked":["Steam Power+1","Melter"],"picked":"Redo+1","floor":46},{"not_picked":["Redo","BootSequence","Sweeping Beam+1"],"picked":"SKIP","floor":48}],"player_experience":167314,"relics_obtained":[{"floor":6,"key":"Thread and Needle"},{"floor":9,"key":"Omamori"},{"floor":10,"key":"MawBank"},{"floor":12,"key":"War Paint"},{"floor":26,"key":"Bag of Preparation"},{"floor":41,"key":"Symbiotic Virus"},{"floor":46,"key":"Dead Branch"}],"event_choices":[{"cards_removed":["Strike_B"],"damage_healed":0,"gold_gain":0,"player_choice":"Card Removal","damage_taken":0,"max_hp_gain":0,"max_hp_loss":0,"event_name":"The Cleric","floor":2,"gold_loss":50},{"damage_healed":0,"gold_gain":0,"player_choice":"Take Damage","damage_taken":20,"relics_obtained":["Golden Idol"],"max_hp_gain":0,"max_hp_loss":0,"event_name":"Golden Idol","floor":4,"gold_loss":0},{"damage_healed":0,"gold_gain":30,"player_choice":"Searched \u00272\u0027 times","damage_taken":0,"relics_obtained":["Potion Belt"],"max_hp_gain":0,"max_hp_loss":0,"event_name":"Dead Adventurer","floor":8,"gold_loss":0},{"damage_healed":0,"gold_gain":0,"player_choice":"2 cards matched","damage_taken":0,"max_hp_gain":0,"max_hp_loss":0,"event_name":"Match and Keep!","floor":14,"gold_loss":0,"cards_obtained":["Coolheaded","Trip"]},{"damage_healed":0,"gold_gain":0,"player_choice":"Simplicity","damage_taken":0,"max_hp_gain":0,"max_hp_loss":0,"event_name":"Back to Basics","floor":25,"gold_loss":0,"cards_upgraded":["Strike_B","Strike_B","Strike_B","Defend_B","Defend_B"]},{"damage_healed":0,"gold_gain":0,"player_choice":"Ignored","damage_taken":0,"max_hp_gain":0,"max_hp_loss":0,"event_name":"Vampires","floor":30,"gold_loss":0},{"damage_healed":0,"gold_gain":0,"player_choice":"Copied","damage_taken":0,"max_hp_gain":0,"max_hp_loss":0,"event_name":"Duplicator","floor":36,"gold_loss":0,"cards_obtained":["Master of Strategy"]},{"damage_healed":0,"gold_gain":0,"player_choice":"Ignored","damage_taken":0,"max_hp_gain":0,"max_hp_loss":0,"event_name":"Tomb of Lord Red Mask","floor":38,"gold_loss":0},{"damage_healed":0,"gold_gain":0,"player_choice":"Bought 1 Potion","damage_taken":0,"max_hp_gain":0,"max_hp_loss":0,"event_name":"The Woman in Blue","floor":45,"gold_loss":0}],"is_beta":false,"boss_relics":[{"not_picked":["Cursed Key","Ectoplasm"],"picked":"Nuclear Battery"},{"not_picked":["Lizard Tail","Runic Pyramid"],"picked":"Astrolabe"}],"items_purged_floors":[39,47],"is_endless":false,"potions_floor_spawned":[6,10,11,16,20,21,31,33,41,48],"killed_by":"Donu and Deca","ascension_level":2}