{"gold_per_floor":[112,122,47,63,73,73,73,73,99,99,120,42,42,62,62,153,153,166,186,186,186,212,212,223,223,274,286,398,425,437,449,461,552,564,593,379,397,497,512,512,512,532,532,565,585,585,585,585,585,585,585],"floor_reached":52,"playtime":3056,"items_purged":["Strike_G","Strike_G"],"score":1840,"play_id":"d5732d53-d4d9-4217-b32c-4ab156358f4d","local_time":"20190309212606","is_ascension_mode":true,"campfire_choices":[{"data":"Neutralize","floor":6.0,"key":"SMITH"},{"data":"Prepared","floor":13.0,"key":"SMITH"},{"data":"Well Laid Plans","floor":15.0,"key":"SMITH"},{"data":"Reflex","floor":23.0,"key":"SMITH"},{"data":"Acrobatics","floor":25.0,"key":"SMITH"},{"data":"Venomology","floor":27.0,"key":"SMITH"},{"data":"Grand Finale","floor":30.0,"key":"SMITH"},{"data":"Deflect","floor":32.0,"key":"SMITH"},{"data":"Well Laid Plans","floor":40.0,"key":"SMITH"},{"data":"Grand Finale","floor":46.0,"key":"SMITH"},{"data":"Survivor","floor":49.0,"key":"SMITH"}],"neow_cost":"PERCENT_DAMAGE","seed_source_timestamp":62301386900416,"circlet_count":0,"master_deck":["AscendersBane","Defend_G","Defend_G","Defend_G","Survivor+1","Neutralize+1","Tools of the Trade+1","Venomology+1","Prepared+1","Acrobatics+1","Deflect+1","Grand Finale+1","Well Laid Plans+1","Grand Finale+1","Reflex+1","Prepared","Deflect+1","Well Laid Plans+1","Prepared","Acrobatics"],"special_seed":0,"relics":["Ring of the Snake","Strawberry","Bloody Idol","Empty Cage","MutagenicStrength","Red Mask","MawBank","Gambling Chip","Question Card","Lizard Tail","Incense Burner","Meat on the Bone","Smiling Mask","Orichalcum"],"potions_floor_usage":[51],"damage_taken":[{"damage":11.0,"enemies":"2 Louse","floor":1.0,"turns":5.0},{"damage":0.0,"enemies":"Jaw Worm","floor":2.0,"turns":3.0},{"damage":4.0,"enemies":"Small Slimes","floor":4.0,"turns":4.0},{"damage":9.0,"enemies":"Blue Slaver","floor":5.0,"turns":5.0},{"damage":0.0,"enemies":"Exordium Thugs","floor":11.0,"turns":4.0},{"damage":0.0,"enemies":"3 Louse","floor":14.0,"turns":1.0},{"damage":8.0,"enemies":"Hexaghost","floor":16.0,"turns":9.0},{"damage":13.0,"enemies":"Shell Parasite","floor":18.0,"turns":2.0},{"damage":0.0,"enemies":"3 Byrds","floor":19.0,"turns":2.0},{"damage":0.0,"enemies":"Masked Bandits","floor":22.0,"turns":2.0},{"damage":6.0,"enemies":"Shelled Parasite and Fungi","floor":24.0,"turns":2.0},{"damage":2.0,"enemies":"Colosseum Slavers","floor":28.0,"turns":2.0},{"damage":14.0,"enemies":"Colosseum Nobs","floor":28.0,"turns":3.0},{"damage":0.0,"enemies":"Centurion and Healer","floor":29.0,"turns":2.0},{"damage":0.0,"enemies":"Champ","floor":33.0,"turns":7.0},{"damage":1.0,"enemies":"3 Darklings","floor":35.0,"turns":2.0},{"damage":0.0,"enemies":"3 Shapes","floor":37.0,"turns":1.0},{"damage":0.0,"enemies":"Mind Bloom Boss Battle","floor":38.0,"turns":4.0},{"damage":0.0,"enemies":"3 Darklings","floor":39.0,"turns":3.0},{"damage":0.0,"enemies":"Jaw Worm Horde","floor":42.0,"turns":1.0},{"damage":0.0,"enemies":"Reptomancer","floor":44.0,"turns":3.0},{"damage":0.0,"enemies":"Spire Growth","floor":45.0,"turns":2.0},{"damage":12,"enemies":"Awakened One","floor":50,"turns":7},{"damage":23,"enemies":"Donu and Deca","floor":51,"turns":5}],"seed_played":"7538685885624846609","potions_obtained":[{"floor":14.0,"key":"Fire Potion"},{"floor":24.0,"key":"Weak Potion"},{"floor":28.0,"key":"Dexterity Potion"},{"floor":33.0,"key":"Explosive Potion"},{"floor":38.0,"key":"SmokeBomb"},{"floor":44.0,"key":"PowerPotion"}],"is_trial":false,"path_per_floor":["M","M","$","M","M","R","?","?","T","?","M","$","R","M","R","B",null,"M","M","?","?","?","R","M","R","T","R","?","M","R","?","R","B",null,"M","$","M","?","M","R","?","M","T","E","M","R","?","T","R","B","B",null],"character_chosen":"THE_SILENT","items_purchased":["Grand Finale","Well Laid Plans","Prepared"],"campfire_rested":0,"item_purchase_floors":[12,36,36],"current_hp_per_floor":[33,33,33,29,20,20,20,20,27,27,27,27,27,27,27,19,54,41,41,41,41,46,46,45,45,50,55,49,59,64,66,66,66,66,66,66,66,66,66,66,66,66,66,66,66,66,66,66,66,54,43],"gold":585,"neow_bonus":"TRANSFORM_TWO_CARDS","is_prod":false,"is_daily":false,"chose_seed":false,"campfire_upgraded":11,"win_rate":0,"timestamp":1552163166,"path_taken":["M","M","$","M","M","R","?","?","T","?","M","?","R","M","R","BOSS","M","M","?","?","?","R","M","R","T","R","?","?","R","?","R","BOSS","M","$","?","?","M","R","?","M","T","E","?","R","?","?","R","BOSS","BOSS"],"build_version":"2019-01-23","purchased_purges":2,"victory":true,"max_hp_per_floor":[66,66,66,66,66,66,66,66,73,66,66,66,66,66,66,66,66,66,66,66,66,66,66,66,66,66,66,66,66,66,66,66,66,66,66,66,66,66,66,66,66,66,66,66,66,66,66,66,66,66,66],"card_choices":[{"not_picked":["Sucker Punch","Infinite Blades"],"picked":"Deadly Poison","floor":1.0},{"not_picked":["Dagger Throw","Distraction"],"picked":"Prepared","floor":2.0},{"not_picked":["Predator","Backflip"],"picked":"Acrobatics","floor":4.0},{"not_picked":["Eviscerate","Slice"],"picked":"Deflect","floor":5.0},{"not_picked":["Acrobatics","Underhanded Strike","Prepared"],"picked":"SKIP","floor":11.0},{"not_picked":["Poisoned Stab","Envenom"],"picked":"Well Laid Plans","floor":14.0},{"not_picked":["Corpse Explosion","Glass Knife"],"picked":"Grand Finale","floor":16.0},{"not_picked":["Dodge and Roll","Poisoned Stab"],"picked":"Reflex","floor":18.0},{"not_picked":["Underhanded Strike+1","Catalyst","Cloak And Dagger"],"picked":"SKIP","floor":19.0},{"not_picked":["Backstab","Blade Dance"],"picked":"Prepared","floor":22.0},{"not_picked":["Underhanded Strike","Burst"],"picked":"Deflect+1","floor":24.0},{"not_picked":["Caltrops","Underhanded Strike","Tactician","Finisher+1"],"picked":"SKIP","floor":29.0},{"not_picked":["Distraction+1","Bane+1","Dodge and Roll","Cloak And Dagger"],"picked":"SKIP","floor":35.0},{"not_picked":["Cloak And Dagger","Blade Dance","Endless Agony","Quick Slash"],"picked":"SKIP","floor":37.0},{"not_picked":["Outmaneuver","Accuracy","Bane+1"],"picked":"Acrobatics","floor":38.0},{"not_picked":["Sucker Punch","Quick Slash","Terror+1","Dagger Throw+1"],"picked":"SKIP","floor":39.0},{"not_picked":["Dodge and Roll","Cloak And Dagger+1","Burst","Underhanded Strike"],"picked":"SKIP","floor":42.0},{"not_picked":["Underhanded Strike","Quick Slash","Bouncing Flask","Prepared"],"picked":"SKIP","floor":44.0},{"not_picked":["Underhanded Strike","Quick Slash","Bouncing Flask","Prepared"],"picked":"SKIP","floor":44.0},{"not_picked":["Endless Agony","Dodge and Roll","Skewer","Backflip"],"picked":"SKIP","floor":45.0}],"player_experience":963151,"relics_obtained":[{"floor":9.0,"key":"Strawberry"},{"floor":22.0,"key":"Red Mask"},{"floor":26.0,"key":"MawBank"},{"floor":28.0,"key":"Gambling Chip"},{"floor":28.0,"key":"Question Card"},{"floor":38.0,"key":"Incense Burner"},{"floor":43.0,"key":"Meat on the Bone"},{"floor":44.0,"key":"Smiling Mask"},{"floor":48.0,"key":"Orichalcum"}],"event_choices":[{"damage_healed":0.0,"max_hp_gain":0.0,"max_hp_loss":0.0,"gold_gain":0.0,"event_name":"Liars Game","player_choice":"Ignored","floor":7.0,"gold_loss":0.0,"damage_taken":0.0},{"cards_removed":["Defend_G"],"damage_healed":0.0,"max_hp_gain":0.0,"max_hp_loss":0.0,"gold_gain":0.0,"event_name":"Living Wall","player_choice":"Forget","floor":8.0,"gold_loss":0.0,"damage_taken":0.0},{"damage_healed":0.0,"max_hp_gain":0.0,"max_hp_loss":7.0,"gold_gain":0.0,"event_name":"Golden Idol","player_choice":"Lose Max HP","floor":10.0,"gold_loss":0.0,"damage_taken":0.0,"relics_obtained":["Golden Idol"]},{"damage_healed":0.0,"max_hp_gain":0.0,"max_hp_loss":0.0,"gold_gain":0.0,"event_name":"Drug Dealer","player_choice":"Inject Mutagens","floor":20.0,"gold_loss":0.0,"damage_taken":0.0,"relics_obtained":["MutagenicStrength"]},{"damage_healed":0.0,"max_hp_gain":0.0,"max_hp_loss":0.0,"gold_gain":0.0,"event_name":"Forgotten Altar","player_choice":"Gave Idol","floor":21.0,"relics_lost":["Golden Idol"],"gold_loss":0.0,"damage_taken":0.0,"relics_obtained":["Bloody Idol"]},{"damage_healed":0.0,"max_hp_gain":0.0,"max_hp_loss":0.0,"gold_gain":0.0,"event_name":"Masked Bandits","player_choice":"Fought Bandits","floor":22.0,"gold_loss":0.0,"damage_taken":0.0},{"damage_healed":0.0,"max_hp_gain":0.0,"max_hp_loss":0.0,"gold_gain":0.0,"event_name":"Colosseum","player_choice":"Fight","floor":28.0,"gold_loss":0.0,"damage_taken":0.0},{"damage_healed":0.0,"max_hp_gain":0.0,"max_hp_loss":0.0,"gold_gain":0.0,"event_name":"Colosseum","player_choice":"Fought Nobs","floor":28.0,"gold_loss":0.0,"damage_taken":0.0},{"damage_healed":0.0,"max_hp_gain":0.0,"max_hp_loss":0.0,"gold_gain":0.0,"event_name":"Accursed Blacksmith","player_choice":"Forge","floor":31.0,"gold_loss":0.0,"damage_taken":0.0,"cards_upgraded":["Tools of the Trade"]},{"damage_healed":0.0,"max_hp_gain":0.0,"max_hp_loss":0.0,"gold_gain":0.0,"event_name":"MindBloom","player_choice":"Fight","floor":38.0,"gold_loss":0.0,"damage_taken":0.0},{"cards_removed":["Deadly Poison"],"damage_healed":5.0,"max_hp_gain":0.0,"max_hp_loss":0.0,"gold_gain":0.0,"event_name":"Bonfire Elementals","player_choice":"Offered Common","floor":41.0,"gold_loss":0.0,"damage_taken":0.0},{"cards_removed":["Deadly Poison"],"damage_healed":5.0,"max_hp_gain":0.0,"max_hp_loss":0.0,"gold_gain":0.0,"event_name":"Bonfire Elementals","player_choice":"Offered Special","floor":41.0,"gold_loss":0.0,"damage_taken":0.0},{"damage_healed":0.0,"max_hp_gain":0.0,"max_hp_loss":0.0,"gold_gain":0.0,"event_name":"Tomb of Lord Red Mask","player_choice":"Ignored","floor":47.0,"gold_loss":0.0,"damage_taken":0.0}],"is_beta":false,"boss_relics":[{"not_picked":["Snecko Eye","Coffee Dripper"],"picked":"Empty Cage"},{"not_picked":["Velvet Choker","Runic Pyramid"],"picked":"Lizard Tail"}],"items_purged_floors":[3,36],"is_endless":false,"potions_floor_spawned":[4,5,14,24,28,28,33,38,39,44],"ascension_level":20}