{"gold_per_floor":[111,186,23,23,40,40,59,88,88,88],"floor_reached":10,"playtime":286,"items_purged":[],"score":69,"play_id":"48f40572-117a-4ded-96c1-350da9b44bc6","local_time":"20190716174103","is_ascension_mode":true,"campfire_choices":[{"data":"Defragment","floor":6,"key":"SMITH"}],"neow_cost":"TEN_PERCENT_HP_LOSS","seed_source_timestamp":429607425629820,"circlet_count":0,"master_deck":["Strike_B","Defend_B","Defend_B","Defend_B","Defend_B","Zap","Dualcast","Defragment+1","Echo Form"],"relics":["Cracked Core","Art of War","Darkstone Periapt"],"potions_floor_usage":[10,10],"damage_taken":[{"damage":2,"enemies":"2 Louse","floor":1,"turns":3},{"damage":1,"enemies":"Cultist","floor":5,"turns":4},{"damage":1,"enemies":"Small Slimes","floor":7,"turns":4},{"damage":30,"enemies":"Gremlin Nob","floor":8,"turns":4},{"damage":36,"enemies":"3 Sentries","floor":10,"turns":4}],"seed_played":"-4896196805914485274","potions_obtained":[{"floor":1,"key":"SteroidPotion"},{"floor":5,"key":"LiquidBronze"},{"floor":7,"key":"LiquidBronze"}],"is_trial":false,"path_per_floor":["M","?","$","?","M","R","M","E","T","E"],"character_chosen":"DEFECT","items_purchased":["Echo Form"],"campfire_rested":0,"item_purchase_floors":[3],"current_hp_per_floor":[66,60,60,60,59,59,58,28,28,0],"gold":88,"neow_bonus":"REMOVE_TWO","is_prod":false,"is_daily":false,"chose_seed":false,"campfire_upgraded":1,"win_rate":0,"timestamp":1563313263,"path_taken":["M","?","?","?","M","R","?","E","T","E"],"build_version":"2019-07-05","purchased_purges":0,"victory":false,"max_hp_per_floor":[68,68,68,68,68,68,68,68,68,68],"card_choices":[{"not_picked":["Conserve Battery","Barrage"],"picked":"Defragment","floor":1},{"not_picked":["Chill","Consume","Streamline"],"picked":"SKIP","floor":5},{"not_picked":["Go for the Eyes","Stack","Redo"],"picked":"SKIP","floor":7},{"not_picked":["Auto Shields","Scrape","Conserve Battery"],"picked":"SKIP","floor":8}],"player_experience":165297,"relics_obtained":[{"floor":8,"key":"Art of War"},{"floor":9,"key":"Darkstone Periapt"}],"event_choices":[{"damage_healed":0,"gold_gain":75,"player_choice":"Touch","damage_taken":6,"max_hp_gain":0,"max_hp_loss":0,"event_name":"FaceTrader","floor":2,"gold_loss":0},{"cards_removed":["Strike_B"],"damage_healed":0,"gold_gain":0,"player_choice":"Purged","damage_taken":0,"max_hp_gain":0,"max_hp_loss":0,"event_name":"Purifier","floor":4,"gold_loss":0}],"is_beta":false,"boss_relics":[],"items_purged_floors":[],"is_endless":false,"potions_floor_spawned":[1,5,7],"killed_by":"3 Sentries","ascension_level":1}