{"path_per_floor":["M","M","?","T","M","R","E","R","T","$","M","M","R","?","R","B",null,"M","$","T","M","?","R","M","R","T","M"],"character_chosen":"DEFECT","items_purchased":["Symbiotic Virus"],"gold_per_floor":[109,124,74,74,93,93,126,126,200,125,144,157,157,157,157,256,256,267,13,37,51,51,51,64,64,64,80,80],"floor_reached":28,"campfire_rested":2,"playtime":869,"current_hp_per_floor":[61,58,58,58,58,58,49,49,49,49,31,23,23,11,33,27,63,52,52,59,42,42,42,21,45,45,7,0],"items_purged":["Defend_B"],"gold":80,"score":294,"play_id":"835ea269-600e-42f0-84a0-4e3da7c543c7","local_time":"20180511221410","is_prod":false,"is_daily":false,"chose_seed":false,"is_ascension_mode":true,"campfire_upgraded":4,"timestamp":1526069650,"path_taken":["M","M","?","?","M","R","E","R","T","$","M","M","R","?","R","BOSS","M","$","?","M","?","R","?","R","T","M","M"],"build_version":"2018-05-10","seed_source_timestamp":5081395141546,"purchased_purges":1,"victory":false,"master_deck":["Strike_B","Strike_B","Strike_B","Defend_B","Defend_B","Defend_B","Zap+1","Dualcast","Coolheaded","Defragment+1","Capacitor+1","Impulse+1","Cold Snap","Fusion","Darkness+1","Ball Lightning","Static Discharge","Coolheaded+1"],"max_hp_per_floor":[75,75,75,75,75,75,75,75,75,75,75,75,75,75,75,75,75,75,75,82,82,82,82,82,82,82,82,82],"relics":["Cracked Core","Matryoshka","Pen Nib","Bag of Marbles","Darkstone Periapt","Vajra","Nuclear Battery","Symbiotic Virus","Orichalcum","Strawberry","Singing Bowl"],"card_choices":[{"not_picked":["Chill","Lockon"],"picked":"Coolheaded","floor":1.0},{"not_picked":["Stack","Blizzard"],"picked":"Defragment","floor":5.0},{"not_picked":["Melter","Genetic Algorithm"],"picked":"Capacitor","floor":7.0},{"not_picked":["Melter","Capacitor"],"picked":"Impulse","floor":11},{"not_picked":["Creative AI","Gash"],"picked":"Cold Snap","floor":12},{"not_picked":["Echo Form","Fission"],"picked":"Fusion","floor":16},{"not_picked":["Go for the Eyes","Conserve Battery"],"picked":"Darkness","floor":18},{"not_picked":["Axe Kick","Gash"],"picked":"Ball Lightning","floor":21},{"not_picked":["Turbo","Stack"],"picked":"Static Discharge","floor":24},{"not_picked":["Double Energy","Beam Cell"],"picked":"Coolheaded","floor":27}],"player_experience":643768,"potions_floor_usage":[11,16,16,24,28],"damage_taken":[{"damage":7.0,"enemies":"Jaw Worm","floor":1.0,"turns":3.0},{"damage":3.0,"enemies":"2 Louse","floor":2.0,"turns":2.0},{"damage":0.0,"enemies":"Cultist","floor":5.0,"turns":4.0},{"damage":9.0,"enemies":"3 Sentries","floor":7.0,"turns":6.0},{"damage":18,"enemies":"Exordium Thugs","floor":11,"turns":5},{"damage":8,"enemies":"Large Slime","floor":12,"turns":4},{"damage":6,"enemies":"Slime Boss","floor":16,"turns":10},{"damage":11,"enemies":"3 Byrds","floor":18,"turns":6},{"damage":17,"enemies":"2 Thieves","floor":21,"turns":4},{"damage":21,"enemies":"Centurion and Healer","floor":24,"turns":5},{"damage":38,"enemies":"Snake Plant","floor":27,"turns":3},{"damage":8,"enemies":"Cultist and Chosen","floor":28,"turns":4}],"event_choices":[{"event_name":"The Cleric","player_choice":"Card Removal","floor":3.0,"damage_taken":0.0},{"event_name":"Scrap Ooze","player_choice":"success","floor":14,"damage_taken":12},{"event_name":"Drug Dealer","player_choice":"Ignored","floor":22,"damage_taken":0}],"boss_relics":[{"not_picked":["White Beast Statue","Lizard Tail"],"picked":"Nuclear Battery"}],"potions_floor_spawned":[2,5,7,12,21,27],"seed_played":"-1936823379665101321","killed_by":"Cultist and Chosen","ascension_level":7,"is_trial":false}