{"path_per_floor":["M","M","M","M","M","E","R","M","T","?","?","M","R","M","R","B",null,"M","M","$","?"],"character_chosen":"THE_SILENT","items_purchased":["Shovel","Cloak And Dagger"],"gold_per_floor":[119,132,147,159,177,208,208,224,248,198,198,208,208,226,226,327,327,342,362,27,27],"floor_reached":22,"campfire_rested":1,"playtime":1312,"current_hp_per_floor":[63,63,61,46,41,19,19,19,19,19,19,19,19,19,40,23,58,27,1,1,1],"items_purged":[],"gold":27,"score":285,"play_id":"2f79641e-92ea-43d2-b467-75f54e17de9f","is_prod":false,"is_daily":false,"is_ascension_mode":true,"campfire_upgraded":2,"path_taken":["BOSS","M","M","M","M","M","E","R","M","T","?","?","M","R","M","R","BOSS","M","M","$","?","?"],"build_version":"2018-02-15-PROD1","purchased_purges":0,"victory":false,"master_deck":["Defend_G","Defend_G","Defend_G","Defend_G","Defend_G","Strike_G","Strike_G","Strike_G","Strike_G","Survivor","Neutralize+1","Parasite","Dagger Throw","Terror","Dagger Throw","Infinite Blades","Dash","PiercingWail","Noxious Fumes+1","Cloak And Dagger","Tools of the Trade","Quick Slash+1","Cloak And Dagger","Accuracy","Deep Breath"],"max_hp_per_floor":[70,70,70,70,70,70,70,70,70,70,70,70,70,70,70,70,70,70,70,70,70],"relics":["Ring of the Snake","Pen Nib","Bottled Tornado","Snake Skull","The Specimen","Shovel"],"card_choices":[{"not_picked":["Reflex","Poisoned Stab"],"picked":"Dagger Throw"},{"not_picked":["Flechettes","Calculated Gamble"],"picked":"Terror"},{"not_picked":["Corpse Explosion","Bane"],"picked":"Dagger Throw"},{"not_picked":["All Out Attack","Bane"],"picked":"Infinite Blades"},{"not_picked":["Reflex","All Out Attack"],"picked":"Dash"},{"not_picked":["Dagger Spray","Infinite Blades"],"picked":"PiercingWail"},{"not_picked":["Prepared","Concentrate"],"picked":"Noxious Fumes"},{"not_picked":["Eviscerate","Blur"],"picked":"Cloak And Dagger"},{"not_picked":["Doppelganger","Tactician"],"picked":"Tools of the Trade"},{"not_picked":["Dagger Throw","Deflect"],"picked":"Quick Slash"}],"player_experience":355005,"potions_floor_usage":[12,16,22],"damage_taken":[{"damage":0,"enemies":"2 Louse","floor":1,"turns":6},{"damage":0,"enemies":"Jaw Worm","floor":2,"turns":4},{"damage":2,"enemies":"Cultist","floor":3,"turns":4},{"damage":15,"enemies":"Large Slime","floor":4,"turns":10},{"damage":5,"enemies":"Exordium Thugs","floor":5,"turns":4},{"damage":22,"enemies":"Lagavulin","floor":6,"turns":7},{"damage":0,"enemies":"Exordium Wildlife","floor":8,"turns":4},{"damage":0,"enemies":"Lots of Slimes","floor":12,"turns":4},{"damage":0,"enemies":"Large Slime","floor":14,"turns":5},{"damage":17,"enemies":"Slime Boss","floor":16,"turns":8},{"damage":31,"enemies":"2 Thieves","floor":18,"turns":4},{"damage":26,"enemies":"Chosen","floor":19,"turns":5},{"damage":3,"enemies":"Centurion and Healer","floor":22,"turns":1}],"event_choices":[{"event_name":"The Cleric","player_choice":"Card Removal","floor":10,"damage_taken":0},{"event_name":"The Lab","player_choice":"Got Potions","floor":11,"damage_taken":0},{"event_name":"Match and Keep!","player_choice":"2 cards matched","floor":21,"damage_taken":0}],"boss_relics":[{"not_picked":["Calling Bell","Lizard Tail"],"picked":"The Specimen"}],"potions_floor_spawned":[1,3,5,8,19],"seed_played":"6650467010988458153","killed_by":"Centurion and Healer","ascension_level":10,"is_trial":false}