{"gold_per_floor":[114,114,35,48,48,74,93,93,119,138,63,63],"floor_reached":12,"playtime":360,"items_purged":["Strike_R"],"score":156,"play_id":"7e032b68-a96a-4bc1-af51-8a118dd8103f","local_time":"20190306203147","is_ascension_mode":true,"campfire_choices":[],"neow_cost":"PERCENT_DAMAGE","seed_source_timestamp":131013327266684,"circlet_count":0,"master_deck":["AscendersBane","Strike_R","Strike_R","Defend_R","Defend_R","Defend_R","Defend_R","Bash+1","Twin Strike","Inflame","Rampage","Spot Weakness"],"special_seed":0,"relics":["Burning Blood","Omamori","Boot"],"potions_floor_usage":[12],"damage_taken":[{"damage":11.0,"enemies":"Jaw Worm","floor":1.0,"turns":5.0},{"damage":1.0,"enemies":"Cultist","floor":4.0,"turns":3.0},{"damage":25.0,"enemies":"3 Sentries","floor":6.0,"turns":9.0},{"damage":14.0,"enemies":"2 Louse","floor":7.0,"turns":2.0},{"damage":11.0,"enemies":"Looter","floor":10.0,"turns":4.0},{"damage":24,"enemies":"Exordium Wildlife","floor":12,"turns":3}],"seed_played":"-5156909074423738845","potions_obtained":[{"floor":1.0,"key":"PowerPotion"},{"floor":10.0,"key":"GamblersBrew"}],"is_trial":false,"path_per_floor":["M","?","$","M","?","E","M","?","T","M","$","M"],"character_chosen":"IRONCLAD","items_purchased":["Inflame"],"campfire_rested":0,"item_purchase_floors":[3],"current_hp_per_floor":[45,41,41,46,46,27,19,19,19,14,14,0],"gold":63,"neow_bonus":"REMOVE_TWO","is_prod":false,"is_daily":false,"chose_seed":false,"campfire_upgraded":0,"win_rate":0,"timestamp":1551900707,"path_taken":["M","?","$","?","?","E","M","?","T","M","?","?"],"build_version":"2019-01-23","purchased_purges":1,"victory":false,"max_hp_per_floor":[75,75,75,75,75,75,75,75,75,75,75,75],"card_choices":[{"not_picked":["Shockwave","Power Through"],"picked":"Twin Strike","floor":1.0},{"not_picked":["Clash","Infernal Blade","Armaments"],"picked":"SKIP","floor":4.0},{"not_picked":["True Grit","Rupture"],"picked":"Rampage","floor":6.0},{"not_picked":["Feel No Pain","Shrug It Off"],"picked":"Spot Weakness","floor":7.0},{"not_picked":["Clash","Blood for Blood","Flex"],"picked":"SKIP","floor":10.0}],"player_experience":947666,"relics_obtained":[{"floor":6.0,"key":"Omamori"},{"floor":9.0,"key":"Boot"}],"event_choices":[{"damage_healed":0.0,"max_hp_gain":0.0,"max_hp_loss":0.0,"gold_gain":0.0,"event_name":"The Woman in Blue","player_choice":"Bought 0 Potions","floor":2.0,"gold_loss":0.0,"damage_taken":0.0},{"damage_healed":0.0,"max_hp_gain":0.0,"max_hp_loss":0.0,"gold_gain":0.0,"event_name":"Liars Game","player_choice":"Ignored","floor":5.0,"gold_loss":0.0,"damage_taken":0.0},{"damage_healed":0.0,"max_hp_gain":0.0,"max_hp_loss":0.0,"gold_gain":0.0,"event_name":"Living Wall","player_choice":"Grow","floor":8.0,"gold_loss":0.0,"damage_taken":0.0,"cards_upgraded":["Bash"]}],"is_beta":false,"boss_relics":[],"items_purged_floors":[11],"is_endless":false,"potions_floor_spawned":[1,10],"killed_by":"Exordium Wildlife","ascension_level":20}