{"gold_per_floor":[119,70,83,97,97,124,136,177,189,166,178,40,55,66,66,161,211,192,211,12,12,12,12,44,64,64,93,93,110,120,135,135,135],"floor_reached":33,"playtime":1334,"items_purged":[],"score":377,"play_id":"f5271b31-2a22-473a-9d0f-f45725ba4836","local_time":"20190727163647","is_ascension_mode":true,"campfire_choices":[{"data":"Limit Break","floor":7.0,"key":"SMITH"},{"data":"Feed","floor":11.0,"key":"SMITH"},{"data":"Dual Wield","floor":15.0,"key":"SMITH"},{"floor":23.0,"key":"REST"},{"data":"Armaments","floor":28.0,"key":"SMITH"},{"floor":32.0,"key":"REST"}],"neow_cost":"NONE","seed_source_timestamp":0,"circlet_count":0,"master_deck":["Strike_R","Strike_R","Strike_R","Strike_R","Strike_R","Defend_R","Defend_R","Defend_R","Defend_R","Bash+1","Pommel Strike","Armaments+1","Feed+1","Sword Boomerang","Limit Break+1","Dual Wield+1","Ghostly Armor","Brutality+1","Whirlwind","Rampage+1","Shrug It Off+1","Iron Wave","Armaments","Battle Trance","Anger","Anger+1","Rage"],"special_seed":0,"relics":["Burning Blood","MawBank","Meat on the Bone","PreservedInsect","Strawberry","Tiny House","Bronze Scales","Dead Branch","Red Skull","Champion Belt"],"potions_floor_usage":[],"damage_taken":[{"damage":12.0,"enemies":"Jaw Worm","floor":1.0,"turns":3.0},{"damage":0.0,"enemies":"Small Slimes","floor":3.0,"turns":5.0},{"damage":2.0,"enemies":"2 Louse","floor":4.0,"turns":2.0},{"damage":43.0,"enemies":"3 Sentries","floor":6.0,"turns":9.0},{"damage":39.0,"enemies":"Lagavulin","floor":8.0,"turns":9.0},{"damage":19.0,"enemies":"Blue Slaver","floor":13.0,"turns":4.0},{"damage":12.0,"enemies":"Exordium Thugs","floor":14.0,"turns":5.0},{"damage":60.0,"enemies":"Slime Boss","floor":16.0,"turns":13.0},{"damage":27.0,"enemies":"2 Thieves","floor":18.0,"turns":4.0},{"damage":62.0,"enemies":"Shell Parasite","floor":19.0,"turns":14.0},{"damage":27.0,"enemies":"Book of Stabbing","floor":24.0,"turns":7.0},{"damage":13.0,"enemies":"Chosen and Byrds","floor":25.0,"turns":6.0},{"damage":34.0,"enemies":"Slavers","floor":27.0,"turns":6.0},{"damage":30.0,"enemies":"Cultist and Chosen","floor":29.0,"turns":7.0},{"damage":33.0,"enemies":"Sentry and Sphere","floor":30.0,"turns":6.0},{"damage":20.0,"enemies":"Centurion and Healer","floor":31.0,"turns":9.0},{"damage":64,"enemies":"Automaton","floor":33,"turns":6}],"seed_played":"-4819893255071177571","potions_obtained":[{"floor":3.0,"key":"Block Potion"},{"floor":4.0,"key":"Poison Potion"},{"floor":16.0,"key":"SkillPotion"},{"floor":17.0,"key":"GamblersBrew"},{"floor":18.0,"key":"Dexterity Potion"},{"floor":19.0,"key":"Energy Potion"},{"floor":25.0,"key":"EssenceOfSteel"},{"floor":29.0,"key":"Swift Potion"}],"is_trial":false,"path_per_floor":["M","$","M","M","?","E","R","E","T","?","R","$","M","M","R","B",null,"M","M","$","?","T","R","E","M","T","E","R","M","M","M","R","B"],"character_chosen":"IRONCLAD","items_purchased":["Armaments","Strawberry","Bronze Scales","Iron Wave"],"campfire_rested":2,"item_purchase_floors":[2,12,20,20],"current_hp_per_floor":[74,74,80,84,89,55,55,25,25,48,48,55,58,68,68,26,115,94,50,50,26,26,62,53,58,58,42,42,34,23,25,64,0],"gold":135,"neow_bonus":"UPGRADE_CARD","is_prod":false,"is_daily":false,"chose_seed":false,"campfire_upgraded":4,"win_rate":0,"timestamp":1564263407,"path_taken":["M","$","M","M","?","E","R","E","T","?","R","$","M","M","R","BOSS","M","M","$","?","?","R","E","M","T","E","R","M","M","M","R","BOSS"],"build_version":"2019-07-17","purchased_purges":0,"victory":false,"max_hp_per_floor":[80,80,80,84,89,92,92,95,95,95,95,102,106,110,110,110,115,115,115,115,120,120,120,120,120,120,120,120,124,128,132,132,132],"card_choices":[{"not_picked":["Headbutt","Warcry"],"picked":"Pommel Strike","floor":1.0},{"not_picked":["Iron Wave","Anger"],"picked":"Feed","floor":3.0},{"not_picked":["Havoc","Blood for Blood"],"picked":"Sword Boomerang","floor":4.0},{"not_picked":["Dual Wield","Disarm"],"picked":"Limit Break","floor":6.0},{"not_picked":["Metallicize","True Grit"],"picked":"Dual Wield","floor":8.0},{"not_picked":["Dropkick","Clothesline"],"picked":"Ghostly Armor","floor":13.0},{"not_picked":["Body Slam","Havoc","Pommel Strike"],"picked":"SKIP","floor":14.0},{"not_picked":["Impervious","Juggernaut"],"picked":"Brutality","floor":16.0},{"not_picked":["Intimidate","Clothesline"],"picked":"Whirlwind","floor":17.0},{"not_picked":["Bloodletting","Thunderclap"],"picked":"Rampage+1","floor":18.0},{"not_picked":["Sever Soul+1","Clothesline"],"picked":"Shrug It Off+1","floor":19.0},{"not_picked":["Dropkick","Twin Strike","Bloodletting"],"picked":"SKIP","floor":24.0},{"not_picked":["Combust+1","Evolve"],"picked":"Armaments","floor":25.0},{"not_picked":["Bloodletting","Entrench"],"picked":"Battle Trance","floor":27.0},{"not_picked":["Power Through","Dual Wield"],"picked":"Anger","floor":29.0},{"not_picked":["Headbutt+1","Havoc+1"],"picked":"Anger+1","floor":30.0},{"not_picked":["Barricade","Armaments"],"picked":"Rage","floor":31.0}],"player_experience":132412,"relics_obtained":[{"floor":6.0,"key":"MawBank"},{"floor":8.0,"key":"Meat on the Bone"},{"floor":9.0,"key":"PreservedInsect"},{"floor":22.0,"key":"Dead Branch"},{"floor":24.0,"key":"Red Skull"},{"floor":27.0,"key":"Champion Belt"}],"event_choices":[{"damage_healed":0.0,"max_hp_gain":5.0,"max_hp_loss":0.0,"gold_gain":0.0,"event_name":"Big Fish","player_choice":"Donut","floor":5.0,"gold_loss":0.0,"damage_taken":0.0},{"damage_healed":23.0,"max_hp_gain":0.0,"max_hp_loss":0.0,"gold_gain":0.0,"event_name":"The Cleric","player_choice":"Healed","floor":10.0,"gold_loss":35.0,"damage_taken":0.0},{"damage_healed":0.0,"max_hp_gain":5.0,"max_hp_loss":0.0,"gold_gain":0.0,"event_name":"Forgotten Altar","player_choice":"Shed Blood","floor":21.0,"gold_loss":0.0,"damage_taken":29.0}],"is_beta":false,"boss_relics":[{"not_picked":["Cursed Key","Runic Pyramid"],"picked":"Tiny House"}],"items_purged_floors":[],"is_endless":false,"potions_floor_spawned":[3,4,16,18,19,25,29],"killed_by":"Automaton","ascension_level":2}