{"gold_per_floor":[118,37,56,131,142,142,168,168,168,187,219,219,219,235,235,235],"floor_reached":16,"playtime":537,"items_purged":[],"score":193,"play_id":"04386eb5-1d82-42b7-b0b3-f68bc4b17da8","local_time":"20190113165945","is_ascension_mode":true,"campfire_choices":[{"data":"Zap","floor":6,"key":"SMITH"},{"data":"Redo","floor":8,"key":"SMITH"},{"floor":13,"key":"DIG"},{"floor":15,"key":"DIG"}],"neow_cost":"TEN_PERCENT_HP_LOSS","seed_source_timestamp":520782035501426,"circlet_count":0,"master_deck":["AscendersBane","Strike_B+1","Strike_B","Strike_B+1","Defend_B","Defend_B+1","Defend_B","Zap+1","Dualcast","Reinforced Body","Double Energy","All For One","Coolheaded","Redo+1","Genetic Algorithm+1","Conserve Battery"],"relics":["Cracked Core","Sundial","Shovel","War Paint","Whetstone","Pantograph"],"potions_floor_usage":[11],"damage_taken":[{"damage":1,"enemies":"2 Louse","floor":1,"turns":3},{"damage":0,"enemies":"Small Slimes","floor":3,"turns":2},{"damage":0,"enemies":"Jaw Worm","floor":5,"turns":3},{"damage":30,"enemies":"Lagavulin","floor":7,"turns":6},{"damage":0,"enemies":"Blue Slaver","floor":10,"turns":5},{"damage":7,"enemies":"Gremlin Nob","floor":11,"turns":4},{"damage":1,"enemies":"2 Fungi Beasts","floor":14,"turns":4},{"damage":43,"enemies":"Slime Boss","floor":16,"turns":11}],"seed_played":"-5082805881690261143","potions_obtained":[{"floor":3,"key":"LiquidBronze"},{"floor":10,"key":"SteroidPotion"}],"is_trial":false,"path_per_floor":["M","$","M","?","M","R","E","R","T","M","E","?","R","M","R","B"],"character_chosen":"DEFECT","items_purchased":["All For One"],"campfire_rested":0,"item_purchase_floors":[2],"current_hp_per_floor":[63,63,63,52,52,52,22,22,22,22,15,15,15,14,14,0],"gold":235,"neow_bonus":"TRANSFORM_TWO_CARDS","is_prod":false,"is_daily":false,"chose_seed":false,"campfire_upgraded":2,"win_rate":0,"timestamp":1547395185,"path_taken":["M","$","M","?","M","R","E","R","T","M","E","?","R","M","R","BOSS"],"build_version":"2019-01-10","purchased_purges":0,"victory":false,"max_hp_per_floor":[64,64,64,64,64,64,64,64,64,64,64,64,64,64,64,64],"card_choices":[{"not_picked":["Stack","Darkness","Cold Snap"],"picked":"SKIP","floor":1},{"not_picked":["Turbo","Amplify"],"picked":"Coolheaded","floor":3},{"not_picked":["Stack","Force Field"],"picked":"Redo","floor":5},{"not_picked":["Auto Shields","Redo","Sweeping Beam"],"picked":"SKIP","floor":7},{"not_picked":["Go for the Eyes","Loop"],"picked":"Genetic Algorithm","floor":10},{"not_picked":["Barrage","Hologram"],"picked":"Conserve Battery","floor":11},{"not_picked":["Sunder","Hologram","Blizzard"],"picked":"SKIP","floor":14}],"player_experience":725560,"relics_obtained":[{"floor":7,"key":"Sundial"},{"floor":9,"key":"Shovel"},{"floor":11,"key":"War Paint"},{"floor":13,"key":"Whetstone"},{"floor":15,"key":"Pantograph"}],"event_choices":[{"damage_healed":0,"gold_gain":75,"player_choice":"Gather Gold","damage_taken":11,"max_hp_gain":0,"max_hp_loss":0,"event_name":"World of Goop","floor":4,"gold_loss":0},{"damage_healed":0,"gold_gain":0,"player_choice":"Ignored","damage_taken":0,"max_hp_gain":0,"max_hp_loss":0,"event_name":"Shining Light","floor":12,"gold_loss":0}],"is_beta":false,"boss_relics":[],"items_purged_floors":[],"is_endless":false,"potions_floor_spawned":[3,10],"killed_by":"Slime Boss","ascension_level":15}