{"gold_per_floor":[117,137,2,2,77,77,102,102,102,102,63,63,97,108,108,184,184,202,214,230,230,155,155,167,167,167,167],"floor_reached":27,"playtime":767,"items_purged":["Bite"],"score":513,"play_id":"098deab5-c34a-48bd-9769-341b84d3809f","local_time":"20190725210405","is_ascension_mode":true,"campfire_choices":[{"data":"Bash","floor":6.0,"key":"SMITH"},{"data":"Uppercut","floor":10.0,"key":"SMITH"},{"data":"Burning Pact","floor":12.0,"key":"SMITH"},{"data":"Sword Boomerang","floor":15.0,"key":"SMITH"},{"floor":23,"key":"REST"},{"floor":25,"key":"REST"}],"neow_cost":"NONE","seed_source_timestamp":427851411644583,"circlet_count":0,"master_deck":["AscendersBane","Defend_R","Defend_R","Defend_R","Defend_R","Bash+1","Clothesline","Headbutt","Power Through","Sword Boomerang+1","Uppercut+1","Burning Pact+1","Second Wind","Heavy Blade","Fiend Fire","Evolve","Disarm","Bite","Bite","Bite","Bite","Warcry","Shame"],"special_seed":0,"relics":["Burning Blood","NeowsBlessing","Du-Vu Doll","Red Skull","Pen Nib","Cursed Key","Magic Flower"],"potions_floor_usage":[19],"damage_taken":[{"damage":0.0,"enemies":"2 Louse","floor":1.0,"turns":1.0},{"damage":0.0,"enemies":"Jaw Worm","floor":2.0,"turns":1.0},{"damage":0.0,"enemies":"3 Sentries","floor":7.0,"turns":1.0},{"damage":30.0,"enemies":"Lagavulin","floor":13.0,"turns":8.0},{"damage":0.0,"enemies":"Small Slimes","floor":14.0,"turns":3.0},{"damage":31.0,"enemies":"The Guardian","floor":16.0,"turns":10.0},{"damage":12,"enemies":"Shell Parasite","floor":18,"turns":3},{"damage":16,"enemies":"Spheric Guardian","floor":19,"turns":4},{"damage":25,"enemies":"Snake Plant","floor":20,"turns":3},{"damage":52,"enemies":"Sentry and Sphere","floor":24,"turns":6},{"damage":45,"enemies":"Slavers","floor":27,"turns":3}],"seed_played":"8201660764243728999","potions_obtained":[{"floor":1.0,"key":"Poison Potion"},{"floor":2.0,"key":"Weak Potion"},{"floor":13.0,"key":"SteroidPotion"},{"floor":20,"key":"Dexterity Potion"},{"floor":24,"key":"SpeedPotion"}],"is_trial":false,"path_per_floor":["M","M","$","?","?","R","E","?","T","R","$","R","E","M","R","B",null,"M","M","M","?","$","R","M","R","T","E"],"character_chosen":"IRONCLAD","items_purchased":["Power Through","Sword Boomerang","Burning Pact"],"campfire_rested":2,"item_purchase_floors":[3,3,11],"current_hp_per_floor":[74,75,75,80,69,69,75,68,68,68,68,68,44,50,50,25,66,60,50,31,31,31,47,17,33,33,0],"gold":167,"neow_bonus":"THREE_ENEMY_KILL","is_prod":false,"is_daily":false,"chose_seed":false,"campfire_upgraded":4,"win_rate":0,"timestamp":1564056245,"path_taken":["M","M","$","?","?","R","E","?","T","R","$","R","E","?","R","BOSS","M","M","M","?","$","R","M","R","T","E"],"build_version":"2019-07-17","purchased_purges":1,"victory":false,"max_hp_per_floor":[75,75,75,80,80,80,80,80,80,80,80,80,80,80,80,80,80,80,80,80,56,56,56,56,56,56,56],"card_choices":[{"not_picked":["Searing Blow","Anger"],"picked":"Clothesline","floor":1.0},{"not_picked":["True Grit","Body Slam"],"picked":"Headbutt","floor":2.0},{"not_picked":["Warcry","Dropkick"],"picked":"Uppercut","floor":7.0},{"not_picked":["Anger","Iron Wave"],"picked":"Second Wind","floor":13.0},{"not_picked":["Shrug It Off","Flex"],"picked":"Heavy Blade","floor":14.0},{"not_picked":["Juggernaut","Double Tap"],"picked":"Fiend Fire","floor":16.0},{"not_picked":["Anger","Body Slam"],"picked":"Evolve","floor":18},{"not_picked":["Sword Boomerang","Evolve"],"picked":"Disarm","floor":19},{"not_picked":["Second Wind","Perfected Strike","Infernal Blade"],"picked":"SKIP","floor":20},{"not_picked":["Clash","Second Wind"],"picked":"Warcry","floor":24}],"player_experience":1012950,"relics_obtained":[{"floor":7.0,"key":"Du-Vu Doll"},{"floor":9.0,"key":"Red Skull"},{"floor":13.0,"key":"Pen Nib"},{"floor":26,"key":"Magic Flower"}],"event_choices":[{"damage_healed":0.0,"max_hp_gain":5.0,"max_hp_loss":0.0,"gold_gain":0.0,"event_name":"Big Fish","player_choice":"Donut","floor":4.0,"gold_loss":0.0,"damage_taken":0.0},{"damage_healed":0.0,"max_hp_gain":0.0,"max_hp_loss":0.0,"gold_gain":75.0,"event_name":"World of Goop","player_choice":"Gather Gold","floor":5.0,"gold_loss":0.0,"damage_taken":11.0},{"cards_removed":["Strike_R"],"damage_healed":0.0,"max_hp_gain":0.0,"max_hp_loss":0.0,"gold_gain":0.0,"event_name":"Golden Wing","player_choice":"Card Removal","floor":8.0,"gold_loss":0.0,"damage_taken":7.0},{"damage_healed":0,"gold_gain":0,"player_choice":"Became a vampire","damage_taken":0,"max_hp_gain":0,"max_hp_loss":24,"event_name":"Vampires","floor":21,"gold_loss":0,"cards_obtained":["Bite","Bite","Bite","Bite","Bite"]}],"is_beta":false,"boss_relics":[{"not_picked":["Runic Pyramid","Coffee Dripper"],"picked":"Cursed Key"}],"items_purged_floors":[22],"is_endless":false,"potions_floor_spawned":[1,2,13,20,24],"killed_by":"Slavers","ascension_level":20}