{"path_per_floor":["M","?","?","$","T","R","E","R","T","R","M","$","E","M","R","B",null,"M","?","M","?","$"],"character_chosen":"DEFECT","items_purchased":["Capacitor","Heatsinks","Coolheaded"],"gold_per_floor":[111,111,111,60,87,87,121,121,121,121,137,66,98,115,115,212,212,228,228,241,241,119,119],"floor_reached":23,"campfire_rested":2,"playtime":704,"current_hp_per_floor":[68,61,61,61,61,61,26,26,26,48,48,48,15,15,37,17,61,44,44,46,32,32,0],"items_purged":["Strike_B"],"gold":119,"score":254,"play_id":"4b2853ab-699c-4791-864a-29726f507387","local_time":"20180509103152","is_prod":false,"is_daily":false,"chose_seed":false,"is_ascension_mode":true,"campfire_upgraded":2,"timestamp":1525854712,"path_taken":["M","?","?","$","?","R","E","R","T","R","?","?","E","M","R","BOSS","M","?","M","?","$","E"],"build_version":"2018-05-08","seed_source_timestamp":245177738209515,"purchased_purges":2,"victory":false,"master_deck":["Strike_B","Strike_B","Defend_B","Defend_B","Defend_B","Defend_B","Zap+1","Dualcast","FTL","Zap+1","Capacitor","Barrage","Heatsinks+1","Storm+1","Seek","Coolheaded"],"max_hp_per_floor":[75,75,75,75,75,75,75,75,75,75,75,75,75,75,75,75,75,75,75,75,80,80,80],"relics":["Cracked Core","Anchor","Toolbox","Frozen Egg 2","Sozu","Nloth\u0027s Gift"],"card_choices":[{"not_picked":["Steam","Auto Shields"],"picked":"FTL","floor":1.0},{"not_picked":["Steam","Meteor Strike"],"picked":"Barrage","floor":7.0},{"not_picked":["Redo","Ball Lightning"],"picked":"Storm","floor":13.0},{"not_picked":["Biased Cognition","All For One"],"picked":"Seek","floor":16.0}],"player_experience":629559,"potions_floor_usage":[20],"damage_taken":[{"damage":0.0,"enemies":"Jaw Worm","floor":1.0,"turns":3.0},{"damage":35.0,"enemies":"Lagavulin","floor":7.0,"turns":6.0},{"damage":0.0,"enemies":"Small Slimes","floor":11.0,"turns":2.0},{"damage":37.0,"enemies":"Gremlin Nob","floor":13.0,"turns":4.0},{"damage":0.0,"enemies":"2 Louse","floor":14.0,"turns":2.0},{"damage":20.0,"enemies":"The Guardian","floor":16.0,"turns":9.0},{"damage":17.0,"enemies":"Chosen","floor":18.0,"turns":4.0},{"damage":5,"enemies":"3 Byrds","floor":20,"turns":4},{"damage":36,"enemies":"Slavers","floor":23,"turns":2}],"event_choices":[{"event_name":"Golden Wing","player_choice":"Card Removal","floor":2.0,"damage_taken":0.0},{"event_name":"Match and Keep!","player_choice":"1 cards matched","floor":3.0,"damage_taken":0.0},{"event_name":"N\u0027loth","player_choice":"Traded a Ornamental Fan","floor":19.0,"damage_taken":0.0},{"event_name":"Forgotten Altar","player_choice":"Shed Blood","floor":21,"damage_taken":0}],"boss_relics":[],"potions_floor_spawned":[11,16,18,20],"seed_played":"-9076303465992353995","killed_by":"Slavers","ascension_level":6,"is_trial":false}