{"gold_per_floor":[111,36,36,46,46,79,79,89,89,89,89,12,27,46,46,46],"floor_reached":16,"playtime":327,"items_purged":["Strike_R"],"score":250,"play_id":"38663fc3-21a5-42ad-9630-5329a183b9f6","local_time":"20190306175921","is_ascension_mode":true,"campfire_choices":[{"data":"Bash","floor":7.0,"key":"SMITH"},{"data":"Heavy Blade","floor":11.0,"key":"SMITH"},{"data":"Limit Break","floor":15,"key":"SMITH"}],"neow_cost":"NONE","seed_source_timestamp":121895240593075,"circlet_count":0,"master_deck":["AscendersBane","Strike_R","Strike_R","Strike_R","Strike_R","Defend_R","Defend_R","Defend_R","Defend_R","Bash+1","Limit Break+1","Iron Wave","Flame Barrier","Heavy Blade+1","Reaper","Spot Weakness"],"special_seed":0,"relics":["Burning Blood","NeowsBlessing","Dodecahedron","Question Card"],"potions_floor_usage":[14,16],"damage_taken":[{"damage":0.0,"enemies":"Cultist","floor":1.0,"turns":1.0},{"damage":0.0,"enemies":"Jaw Worm","floor":4.0,"turns":1.0},{"damage":0.0,"enemies":"3 Sentries","floor":6.0,"turns":2.0},{"damage":1.0,"enemies":"Small Slimes","floor":8.0,"turns":4.0},{"damage":11.0,"enemies":"Red Slaver","floor":13.0,"turns":3.0},{"damage":46,"enemies":"Exordium Thugs","floor":14,"turns":6},{"damage":59,"enemies":"Slime Boss","floor":16,"turns":6}],"seed_played":"-8460245770272865352","potions_obtained":[{"floor":4.0,"key":"Dexterity Potion"},{"floor":5.0,"key":"Regen Potion"}],"is_trial":false,"path_per_floor":["M","$","?","M","?","E","R","M","T","$","R","$","M","M","R","B"],"character_chosen":"IRONCLAD","items_purchased":["Reaper"],"campfire_rested":0,"item_purchase_floors":[12],"current_hp_per_floor":[74,74,74,75,75,75,75,75,75,75,75,75,70,35,35,0],"gold":46,"neow_bonus":"THREE_ENEMY_KILL","is_prod":false,"is_daily":false,"chose_seed":false,"campfire_upgraded":3,"win_rate":0,"timestamp":1551891561,"path_taken":["M","?","?","?","?","E","R","?","T","$","R","?","M","M","R","BOSS"],"build_version":"2019-01-23","purchased_purges":1,"victory":false,"max_hp_per_floor":[75,75,75,75,75,75,75,75,75,75,75,75,75,75,75,75],"card_choices":[{"not_picked":["Warcry","Blood for Blood","Searing Blow"],"picked":"SKIP","floor":1.0},{"not_picked":["Headbutt","Intimidate"],"picked":"Iron Wave","floor":4.0},{"not_picked":["Rupture","Corruption"],"picked":"Flame Barrier","floor":6.0},{"not_picked":["Pummel","Shrug It Off"],"picked":"Heavy Blade","floor":8.0},{"not_picked":["Sword Boomerang","Flex","Carnage","Perfected Strike"],"picked":"SKIP","floor":13.0},{"not_picked":["Fire Breathing","Sword Boomerang","Havoc"],"picked":"Spot Weakness","floor":14}],"player_experience":946255,"relics_obtained":[{"floor":6.0,"key":"Dodecahedron"},{"floor":9.0,"key":"Question Card"}],"event_choices":[{"damage_healed":0.0,"max_hp_gain":0.0,"max_hp_loss":0.0,"gold_gain":0.0,"event_name":"Match and Keep!","player_choice":"1 cards matched","floor":3.0,"gold_loss":0.0,"damage_taken":0.0,"cards_obtained":["Limit Break"]},{"damage_healed":0.0,"max_hp_gain":0.0,"max_hp_loss":0.0,"gold_gain":0.0,"event_name":"Lab","player_choice":"Got Potions","floor":5.0,"gold_loss":0.0,"damage_taken":0.0}],"is_beta":false,"boss_relics":[],"items_purged_floors":[2],"is_endless":false,"potions_floor_spawned":[4,6,8,13],"killed_by":"Slime Boss","ascension_level":20}