{"gold_per_floor":[19,38,53,53,68,68,93,93,93,107,123,123,140,140,140,140],"floor_reached":16,"playtime":500,"items_purged":[],"score":208,"play_id":"b76dba77-c67f-4c01-bc2d-f205eb3988d9","local_time":"20190727133355","is_ascension_mode":true,"campfire_choices":[{"data":"Glass Knife","floor":6.0,"key":"SMITH"},{"data":"Noxious Fumes","floor":8.0,"key":"SMITH"},{"floor":12.0,"key":"REST"},{"data":"Neutralize","floor":15.0,"key":"SMITH"}],"neow_cost":"NO_GOLD","seed_source_timestamp":495955477596361,"circlet_count":0,"master_deck":["AscendersBane","Strike_G","Strike_G","Strike_G","Strike_G","Strike_G","Defend_G","Defend_G","Defend_G","Defend_G","Defend_G","Survivor","Neutralize+1","Glass Knife+1","Cloak And Dagger","Leg Sweep","Masterful Stab","Noxious Fumes+1","Die Die Die","Bane","Acrobatics"],"special_seed":0,"relics":["Ring of the Snake","Blood Vial","Matryoshka","FaceOfCleric"],"potions_floor_usage":[],"damage_taken":[{"damage":0.0,"enemies":"Jaw Worm","floor":1.0,"turns":3.0},{"damage":3.0,"enemies":"2 Louse","floor":2.0,"turns":2.0},{"damage":0.0,"enemies":"Cultist","floor":3.0,"turns":3.0},{"damage":30.0,"enemies":"Gremlin Gang","floor":5.0,"turns":6.0},{"damage":20.0,"enemies":"3 Sentries","floor":7.0,"turns":10.0},{"damage":0.0,"enemies":"Large Slime","floor":10.0,"turns":6.0},{"damage":3.0,"enemies":"Blue Slaver","floor":11.0,"turns":4.0},{"damage":0.0,"enemies":"3 Louse","floor":13.0,"turns":1.0},{"damage":30,"enemies":"Slime Boss","floor":16,"turns":8}],"seed_played":"-3595545046619690116","potions_obtained":[{"floor":2.0,"key":"LiquidBronze"},{"floor":3.0,"key":"GhostInAJar"},{"floor":7.0,"key":"Strength Potion"},{"floor":10.0,"key":"Explosive Potion"}],"is_trial":false,"path_per_floor":["M","M","M","?","M","R","E","R","T","M","M","R","M","?","R","B"],"character_chosen":"THE_SILENT","items_purchased":[],"campfire_rested":1,"item_purchase_floors":[],"current_hp_per_floor":[59,56,56,56,26,26,6,6,6,8,7,26,28,28,28,0],"gold":140,"neow_bonus":"THREE_RARE_CARDS","is_prod":false,"is_daily":false,"chose_seed":false,"campfire_upgraded":3,"win_rate":0,"timestamp":1564202035,"path_taken":["M","M","M","?","M","R","E","R","T","M","M","R","M","?","R","BOSS"],"build_version":"2019-07-17","purchased_purges":0,"victory":false,"max_hp_per_floor":[66,66,66,66,66,66,66,66,66,66,66,66,66,66,66,66],"card_choices":[{"not_picked":["Bullet Time","Storm of Steel"],"picked":"Glass Knife","floor":0.0},{"not_picked":["Outmaneuver","Blade Dance"],"picked":"Cloak And Dagger","floor":1.0},{"not_picked":["Dagger Spray","Riddle With Holes"],"picked":"Leg Sweep","floor":2.0},{"not_picked":["Deflect","Bane","Flying Knee"],"picked":"SKIP","floor":3.0},{"not_picked":["Prepared","Quick Slash"],"picked":"Masterful Stab","floor":5.0},{"not_picked":["Riddle With Holes","Slice"],"picked":"Noxious Fumes","floor":7.0},{"not_picked":["Dagger Throw","Blur"],"picked":"Die Die Die","floor":10.0},{"not_picked":["Choke","Blade Dance"],"picked":"Bane","floor":11.0},{"not_picked":["Noxious Fumes","Flying Knee"],"picked":"Acrobatics","floor":13.0}],"player_experience":1026978,"relics_obtained":[{"floor":7.0,"key":"Blood Vial"},{"floor":9.0,"key":"Matryoshka"}],"event_choices":[{"damage_healed":0.0,"max_hp_gain":0.0,"max_hp_loss":0.0,"gold_gain":0.0,"event_name":"Liars Game","player_choice":"Ignored","floor":4.0,"gold_loss":0.0,"damage_taken":0.0},{"damage_healed":0.0,"max_hp_gain":0.0,"max_hp_loss":0.0,"gold_gain":0.0,"event_name":"FaceTrader","player_choice":"Trade","floor":14.0,"gold_loss":0.0,"damage_taken":0.0,"relics_obtained":["FaceOfCleric"]}],"is_beta":false,"boss_relics":[],"items_purged_floors":[],"is_endless":false,"potions_floor_spawned":[2,3,7,10],"killed_by":"Slime Boss","ascension_level":20}