{"gold_per_floor":[115,115,136,150,170,213,213,257,257,37,73,73,94,110,110,234,234,253,272,29,42,42,42,42],"floor_reached":24,"playtime":917,"items_purged":[],"score":254,"play_id":"842ca238-f889-4053-b25b-b361b10f87bf","local_time":"20190716164636","is_ascension_mode":true,"campfire_choices":[{"floor":15,"key":"REST"},{"data":"Brutality","floor":23,"key":"SMITH"}],"neow_cost":"NONE","seed_source_timestamp":447370344186480,"circlet_count":0,"master_deck":["Defend_R","Defend_R","Defend_R","Defend_R","Bash+1","Combust","Fire Breathing","Pommel Strike","Clothesline","Uppercut+1","Feed","Rupture","Disarm","Sword Boomerang","Iron Wave","Brutality+1","Hemokinesis","Ghostly Armor+1","Thunderclap+1","Bite","Bite","Bite","Bite","Bite"],"relics":["Burning Blood","Golden Idol","Bronze Scales","Boot","Regal Pillow","Kunai","Sozu","Meat on the Bone"],"potions_floor_usage":[3,8,8,13],"damage_taken":[{"damage":0,"enemies":"Small Slimes","floor":1,"turns":3},{"damage":2,"enemies":"2 Louse","floor":3,"turns":2},{"damage":4,"enemies":"Jaw Worm","floor":4,"turns":5},{"damage":20,"enemies":"Looter","floor":5,"turns":4},{"damage":21,"enemies":"3 Sentries","floor":6,"turns":6},{"damage":11,"enemies":"Gremlin Nob","floor":8,"turns":3},{"damage":29,"enemies":"3 Sentries","floor":11,"turns":5},{"damage":7,"enemies":"Blue Slaver","floor":13,"turns":2},{"damage":20,"enemies":"Gremlin Gang","floor":14,"turns":4},{"damage":23,"enemies":"Hexaghost","floor":16,"turns":10},{"damage":24,"enemies":"Shell Parasite","floor":18,"turns":4},{"damage":7,"enemies":"Chosen","floor":19,"turns":4},{"damage":40,"enemies":"3 Cultists","floor":21,"turns":5},{"damage":62,"enemies":"Slavers","floor":24,"turns":4}],"seed_played":"-1362143674654945632","potions_obtained":[{"floor":1,"key":"Explosive Potion"},{"floor":3,"key":"Swift Potion"},{"floor":4,"key":"FearPotion"},{"floor":6,"key":"Energy Potion"},{"floor":11,"key":"Fire Potion"}],"is_trial":false,"path_per_floor":["M","?","M","M","M","E","?","E","T","$","E","?","M","M","R","B",null,"M","M","$","M","?","R","E"],"character_chosen":"IRONCLAD","items_purchased":["Rupture","Regal Pillow","Meat on the Bone"],"campfire_rested":1,"item_purchase_floors":[10,10,20],"current_hp_per_floor":[80,60,64,66,52,37,37,32,32,32,14,19,20,11,53,38,91,73,74,74,54,54,54,0],"gold":42,"neow_bonus":"UPGRADE_CARD","is_prod":false,"is_daily":false,"chose_seed":false,"campfire_upgraded":1,"win_rate":0,"timestamp":1563313596,"path_taken":["M","?","M","M","M","E","?","E","T","$","E","?","M","M","R","BOSS","M","M","$","M","?","R","E"],"build_version":"2019-07-05","purchased_purges":0,"victory":false,"max_hp_per_floor":[80,80,80,80,80,80,80,80,80,80,83,88,88,91,91,91,91,91,91,91,91,91,91,91],"card_choices":[{"not_picked":["Intimidate","Blood for Blood"],"picked":"Combust","floor":1},{"not_picked":["Armaments","Evolve"],"picked":"Fire Breathing","floor":3},{"not_picked":["Thunderclap","Perfected Strike"],"picked":"Pommel Strike","floor":4},{"not_picked":["Clash","Body Slam"],"picked":"Clothesline","floor":5},{"not_picked":["Fire Breathing","Sentinel"],"picked":"Uppercut","floor":6},{"not_picked":["Disarm","Havoc"],"picked":"Feed","floor":8},{"not_picked":["Clash","Warcry"],"picked":"Disarm","floor":11},{"not_picked":["Cleave","Clash"],"picked":"Sword Boomerang","floor":13},{"not_picked":["Body Slam","Dual Wield"],"picked":"Iron Wave","floor":14},{"not_picked":["Berserk","Double Tap"],"picked":"Brutality","floor":16},{"not_picked":["Sword Boomerang+1","Inflame+1"],"picked":"Hemokinesis","floor":18},{"not_picked":["Thunderclap","Iron Wave"],"picked":"Ghostly Armor+1","floor":19},{"not_picked":["Headbutt","Havoc"],"picked":"Thunderclap+1","floor":21}],"player_experience":92087,"relics_obtained":[{"floor":6,"key":"Bronze Scales"},{"floor":8,"key":"Boot"},{"floor":9,"key":"Blood Vial"},{"floor":11,"key":"Kunai"}],"event_choices":[{"damage_healed":0,"gold_gain":0,"player_choice":"Take Damage","damage_taken":20,"relics_obtained":["Golden Idol"],"max_hp_gain":0,"max_hp_loss":0,"event_name":"Golden Idol","floor":2,"gold_loss":0},{"damage_healed":0,"gold_gain":0,"player_choice":"Grow","damage_taken":0,"max_hp_gain":0,"max_hp_loss":0,"event_name":"Living Wall","floor":7,"gold_loss":0,"cards_upgraded":["Uppercut"]},{"damage_healed":0,"gold_gain":0,"player_choice":"Donut","damage_taken":0,"max_hp_gain":5,"max_hp_loss":0,"event_name":"Big Fish","floor":12,"gold_loss":0},{"damage_healed":0,"gold_gain":0,"player_choice":"Became a vampire (Vial)","damage_taken":0,"max_hp_gain":0,"max_hp_loss":0,"event_name":"Vampires","floor":22,"relics_lost":["Blood Vial"],"gold_loss":0,"cards_obtained":["Bite","Bite","Bite","Bite","Bite"]}],"is_beta":false,"boss_relics":[{"not_picked":["Runic Dome","Velvet Choker"],"picked":"Sozu"}],"items_purged_floors":[],"is_endless":false,"potions_floor_spawned":[1,3,4,6,11,21],"killed_by":"Slavers","ascension_level":1}