{"gold_per_floor":[112,132,132,32,50,50,66,66,66,66,81,99,99,111,111,184,184,200,100,51,65,65],"floor_reached":22,"playtime":1030,"items_purged":["Strike_G","Strike_G"],"score":342,"play_id":"b377738d-0a15-42c7-898b-08c1e68bbcd9","local_time":"20190220183247","is_ascension_mode":true,"campfire_choices":[{"data":"Neutralize","floor":6.0,"key":"SMITH"},{"data":"Deflect","floor":8.0,"key":"SMITH"},{"data":"Caltrops","floor":10.0,"key":"SMITH"},{"data":"Poisoned Stab","floor":15.0,"key":"SMITH"}],"neow_cost":"PERCENT_DAMAGE","seed_source_timestamp":1225440582698344,"circlet_count":0,"master_deck":["AscendersBane","Defend_G","Defend_G","Defend_G","Defend_G","Defend_G","Strike_G","Strike_G","Survivor","Neutralize+1","Caltrops+1","Dagger Throw","Backflip","Slice","Deflect+1","Well Laid Plans","Poisoned Stab+1","Adrenaline","Noxious Fumes","Burst","Deadly Poison","Escape Plan","Deflect","Footwork"],"special_seed":0,"relics":["Ring of the Snake","FossilizedHelix","Sundial","Orrery"],"potions_floor_usage":[],"damage_taken":[{"damage":0.0,"enemies":"Cultist","floor":1.0,"turns":3.0},{"damage":0.0,"enemies":"2 Louse","floor":2.0,"turns":5.0},{"damage":0.0,"enemies":"Jaw Worm","floor":5.0,"turns":4.0},{"damage":1.0,"enemies":"Large Slime","floor":7.0,"turns":6.0},{"damage":1.0,"enemies":"2 Fungi Beasts","floor":11.0,"turns":4.0},{"damage":0.0,"enemies":"Gremlin Gang","floor":12.0,"turns":4.0},{"damage":0.0,"enemies":"Blue Slaver","floor":14.0,"turns":4.0},{"damage":2.0,"enemies":"The Guardian","floor":16.0,"turns":11.0},{"damage":0,"enemies":"Spheric Guardian","floor":18,"turns":4},{"damage":5,"enemies":"2 Thieves","floor":20,"turns":5},{"damage":30,"enemies":"Snecko","floor":21,"turns":7},{"damage":31,"enemies":"Sentry and Sphere","floor":22,"turns":3}],"seed_played":"6005021508105491319","potions_obtained":[{"floor":2.0,"key":"SkillPotion"},{"floor":7.0,"key":"FearPotion"},{"floor":12.0,"key":"Dexterity Potion"}],"is_trial":false,"path_per_floor":["M","M","?","$","M","R","M","R","T","R","M","M","$","M","R","B",null,"M","$","M","M","M"],"character_chosen":"THE_SILENT","items_purchased":["Backflip"],"campfire_rested":0,"item_purchase_floors":[4],"current_hp_per_floor":[44,44,44,44,44,44,43,43,43,43,42,42,42,42,42,40,60,60,60,55,25,0],"gold":65,"neow_bonus":"ONE_RARE_RELIC","is_prod":false,"is_daily":false,"chose_seed":false,"campfire_upgraded":4,"win_rate":0,"timestamp":1550683967,"path_taken":["M","?","?","$","M","R","M","R","T","R","?","M","$","M","R","BOSS","M","?","M","M","?"],"build_version":"2019-01-23","purchased_purges":2,"victory":false,"max_hp_per_floor":[66,66,66,66,66,66,66,66,66,66,66,66,66,66,66,66,66,66,66,66,66,66],"card_choices":[{"not_picked":["Poisoned Stab","Masterful Stab"],"picked":"Caltrops","floor":1.0},{"not_picked":["Outmaneuver","Blade Dance"],"picked":"Dagger Throw","floor":2.0},{"not_picked":["Quick Slash","Escape Plan"],"picked":"Slice","floor":5.0},{"not_picked":["Riddle With Holes","Blade Dance"],"picked":"Deflect","floor":7.0},{"not_picked":["PiercingWail","Cloak And Dagger","Sucker Punch"],"picked":"SKIP","floor":11.0},{"not_picked":["Finisher","Eviscerate"],"picked":"Well Laid Plans","floor":12.0},{"not_picked":["Underhanded Strike","Acrobatics"],"picked":"Poisoned Stab","floor":14.0},{"not_picked":["Die Die Die","Night Terror"],"picked":"Adrenaline","floor":16.0},{"not_picked":["Prepared","Acrobatics"],"picked":"Noxious Fumes","floor":17.0},{"not_picked":["Dodge and Roll","Bane"],"picked":"Burst","floor":17.0},{"not_picked":["PiercingWail","Cloak And Dagger"],"picked":"Deadly Poison","floor":17.0},{"not_picked":["Deadly Poison","Blade Dance"],"picked":"Escape Plan","floor":17.0},{"not_picked":["Deadly Poison","Leg Sweep"],"picked":"Deflect","floor":18},{"not_picked":["Flying Knee","Well Laid Plans"],"picked":"Footwork","floor":20},{"not_picked":["Tactician","Cloak And Dagger","Poisoned Stab"],"picked":"SKIP","floor":21}],"player_experience":834798,"relics_obtained":[{"floor":9.0,"key":"Sundial"}],"event_choices":[{"cards_removed":["Strike_G"],"damage_healed":0.0,"max_hp_gain":0.0,"max_hp_loss":0.0,"gold_gain":0.0,"event_name":"Purifier","player_choice":"Purged","floor":3.0,"gold_loss":0.0,"damage_taken":0.0}],"is_beta":false,"boss_relics":[{"not_picked":["Ectoplasm","Busted Crown"],"picked":"Orrery"}],"items_purged_floors":[4,19],"is_endless":false,"potions_floor_spawned":[2,7,12,16,18],"killed_by":"Sentry and Sphere","ascension_level":18}