{"gold_per_floor":[15,29,79,99,24,24,24,24,77,96,16,16,37,55,55,55],"floor_reached":16,"playtime":549,"items_purged":[],"score":184,"play_id":"5199841c-5d08-44fc-960a-908478c4121b","local_time":"20190225191920","is_ascension_mode":true,"campfire_choices":[{"data":"True Grit","floor":6,"key":"SMITH"},{"data":"Bash","floor":8,"key":"SMITH"},{"data":"Evolve","floor":15,"key":"SMITH"}],"neow_cost":"NO_GOLD","seed_source_timestamp":1517980286308035,"circlet_count":0,"master_deck":["AscendersBane","Strike_R","Strike_R","Strike_R","Strike_R","Defend_R","Defend_R","Bash+1","Flame Barrier","Power Through","True Grit+1","Shrug It Off","Evolve+1","Pommel Strike"],"special_seed":0,"relics":["Burning Blood","Gambling Chip","Centennial Puzzle","Golden Idol"],"potions_floor_usage":[13],"damage_taken":[{"damage":6.0,"enemies":"Cultist","floor":1.0,"turns":6.0},{"damage":5,"enemies":"Jaw Worm","floor":2,"turns":6},{"damage":0,"enemies":"Small Slimes","floor":4,"turns":3},{"damage":16,"enemies":"Blue Slaver","floor":10,"turns":6},{"damage":0,"enemies":"Red Slaver","floor":13,"turns":5},{"damage":9,"enemies":"3 Louse","floor":14,"turns":4},{"damage":72,"enemies":"Hexaghost","floor":16,"turns":13}],"seed_played":"5894393458517608194","potions_obtained":[{"floor":13,"key":"Fruit Juice"},{"floor":14,"key":"GamblersBrew"}],"is_trial":false,"path_per_floor":["M","M","?","M","?","R","T","R","T","M","$","?","M","M","R","B"],"character_chosen":"IRONCLAD","items_purchased":["Evolve"],"campfire_rested":0,"item_purchase_floors":[11],"current_hp_per_floor":[68,69,69,75,75,75,75,75,75,65,65,65,73,70,70,0],"gold":55,"neow_bonus":"TRANSFORM_TWO_CARDS","is_prod":false,"is_daily":false,"chose_seed":false,"campfire_upgraded":3,"win_rate":0,"timestamp":1551118760,"path_taken":["M","?","?","?","?","R","?","R","T","?","?","?","M","M","R","BOSS"],"build_version":"2019-01-23","purchased_purges":0,"victory":false,"max_hp_per_floor":[75,75,75,75,75,75,75,75,75,75,75,68,73,73,73,73],"card_choices":[{"not_picked":["Anger","Havoc"],"picked":"True Grit","floor":1.0},{"not_picked":["Pummel","Clash","Flex"],"picked":"SKIP","floor":2},{"not_picked":["Havoc","Intimidate","Whirlwind"],"picked":"SKIP","floor":4},{"not_picked":["Exhume","Twin Strike"],"picked":"Shrug It Off","floor":10},{"not_picked":["Power Through","Iron Wave"],"picked":"Pommel Strike","floor":13},{"not_picked":["Blood for Blood","True Grit","Flex"],"picked":"SKIP","floor":14}],"player_experience":898206,"relics_obtained":[{"floor":7,"key":"Gambling Chip"},{"floor":9,"key":"Centennial Puzzle"}],"event_choices":[{"damage_healed":0,"gold_gain":50,"player_choice":"Pray","damage_taken":0,"max_hp_gain":0,"max_hp_loss":0,"event_name":"Golden Shrine","floor":3,"gold_loss":0},{"cards_removed":["Defend_R"],"damage_healed":0,"gold_gain":0,"player_choice":"Card Removal","damage_taken":0,"max_hp_gain":0,"max_hp_loss":0,"event_name":"The Cleric","floor":5,"gold_loss":75},{"damage_healed":0,"gold_gain":0,"player_choice":"Lose Max HP","damage_taken":0,"relics_obtained":["Golden Idol"],"max_hp_gain":0,"max_hp_loss":7,"event_name":"Golden Idol","floor":12,"gold_loss":0}],"is_beta":false,"boss_relics":[],"items_purged_floors":[],"is_endless":false,"potions_floor_spawned":[13,14],"killed_by":"Hexaghost","ascension_level":20}