{"gold_per_floor":[116,116,128,147,163,163,182,216,265,265,285,310,146,159,159,233,233,251,267,65,65],"floor_reached":21,"playtime":693,"items_purged":["Strike_R"],"score":386,"play_id":"fc85fdc5-80a4-41ff-9410-31ee81ed4cc4","local_time":"20190721012733","is_ascension_mode":true,"campfire_choices":[{"data":"Hemokinesis","floor":6.0,"key":"SMITH"},{"data":"Bash","floor":10.0,"key":"SMITH"},{"data":"True Grit","floor":15.0,"key":"SMITH"}],"neow_cost":"PERCENT_DAMAGE","seed_source_timestamp":225204538743904,"circlet_count":0,"master_deck":["AscendersBane","Strike_R","Strike_R","Defend_R","Defend_R","Defend_R","Bash+1","Pommel Strike","Shrug It Off","Sword Boomerang","Hemokinesis+1","Brutality","True Grit+1","Flame Barrier","Battle Trance","Inflame","Immolate","Sword Boomerang+1","Armaments","Metallicize"],"special_seed":0,"relics":["Black Blood","Strawberry","Orichalcum","Pantograph","PreservedInsect"],"potions_floor_usage":[],"damage_taken":[{"damage":4.0,"enemies":"Jaw Worm","floor":1.0,"turns":4.0},{"damage":0.0,"enemies":"Cultist","floor":3.0,"turns":2.0},{"damage":6.0,"enemies":"Small Slimes","floor":4.0,"turns":4.0},{"damage":13.0,"enemies":"Blue Slaver","floor":5.0,"turns":4.0},{"damage":2.0,"enemies":"2 Fungi Beasts","floor":7.0,"turns":3.0},{"damage":16.0,"enemies":"3 Sentries","floor":8.0,"turns":8.0},{"damage":15.0,"enemies":"Red Slaver","floor":11.0,"turns":4.0},{"damage":4.0,"enemies":"Gremlin Nob","floor":12.0,"turns":3.0},{"damage":2.0,"enemies":"Blue Slaver","floor":14.0,"turns":4.0},{"damage":73.0,"enemies":"Slime Boss","floor":16.0,"turns":10.0},{"damage":41,"enemies":"2 Thieves","floor":18,"turns":5},{"damage":20,"enemies":"Spheric Guardian","floor":19,"turns":4},{"damage":40,"enemies":"Snake Plant","floor":21,"turns":5}],"seed_played":"5792416877020536791","potions_obtained":[{"floor":3.0,"key":"AttackPotion"},{"floor":4.0,"key":"PowerPotion"},{"floor":16.0,"key":"FairyPotion"}],"is_trial":false,"path_per_floor":["M","?","M","M","M","R","M","E","T","R","M","E","$","M","R","B",null,"M","M","$","M"],"character_chosen":"IRONCLAD","items_purchased":["Battle Trance","PreservedInsect","Metallicize"],"campfire_rested":0,"item_purchase_floors":[13,20,20],"current_hp_per_floor":[52,52,58,58,51,51,55,52,52,52,43,45,45,49,49,7,63,32,22,22,0],"gold":65,"neow_bonus":"REMOVE_TWO","is_prod":false,"is_daily":false,"chose_seed":false,"campfire_upgraded":3,"win_rate":0,"timestamp":1563640053,"path_taken":["M","?","M","M","?","R","?","E","T","R","M","E","$","M","R","BOSS","M","M","$","M"],"build_version":"2019-07-17","purchased_purges":1,"victory":false,"max_hp_per_floor":[75,75,75,75,75,75,75,82,82,82,82,82,82,82,82,82,82,82,82,82,82],"card_choices":[{"not_picked":["Anger","Burning Pact"],"picked":"Pommel Strike","floor":1.0},{"not_picked":["Intimidate","Wild Strike"],"picked":"Shrug It Off","floor":3.0},{"not_picked":["Wild Strike","Anger"],"picked":"Sword Boomerang","floor":4.0},{"not_picked":["Anger","Flex"],"picked":"Hemokinesis","floor":5.0},{"not_picked":["Flex","Wild Strike","Sword Boomerang"],"picked":"SKIP","floor":7.0},{"not_picked":["Whirlwind","Seeing Red"],"picked":"Brutality","floor":8.0},{"not_picked":["Evolve","Pommel Strike"],"picked":"True Grit","floor":11.0},{"not_picked":["Rampage","Sword Boomerang"],"picked":"Flame Barrier","floor":12.0},{"not_picked":["Clothesline","Sword Boomerang"],"picked":"Inflame","floor":14.0},{"not_picked":["Impervious","Barricade"],"picked":"Immolate","floor":16.0},{"not_picked":["Clash","Ghostly Armor"],"picked":"Sword Boomerang+1","floor":18},{"not_picked":["Twin Strike","Reckless Charge+1"],"picked":"Armaments","floor":19}],"player_experience":1000696,"relics_obtained":[{"floor":8.0,"key":"Strawberry"},{"floor":9.0,"key":"Orichalcum"},{"floor":12.0,"key":"Pantograph"}],"event_choices":[{"cards_removed":["Strike_R"],"damage_healed":0.0,"max_hp_gain":0.0,"max_hp_loss":0.0,"gold_gain":0.0,"event_name":"Bonfire Elementals","player_choice":"Offered Basic","floor":2.0,"gold_loss":0.0,"damage_taken":0.0}],"is_beta":false,"boss_relics":[{"not_picked":["Black Star","Lizard Tail"],"picked":"Black Blood"}],"items_purged_floors":[13],"is_endless":false,"potions_floor_spawned":[3,4,5,7,16],"killed_by":"Snake Plant","ascension_level":20}