{"gold_per_floor":[110,110,121,121,121,138,138,165,165,165,187,187],"floor_reached":12,"playtime":307,"items_purged":[],"score":84,"play_id":"cba70edb-7217-4726-b249-f657ff243c83","local_time":"20190630212812","is_ascension_mode":true,"campfire_choices":[{"floor":7,"key":"REST"},{"data":"Juggernaut","floor":10,"key":"SMITH"}],"neow_cost":"NONE","seed_source_timestamp":1483474834160559,"circlet_count":0,"master_deck":["Strike_R","Strike_R","Strike_R","Strike_R","Strike_R+1","Defend_R+1","Defend_R","Defend_R","Defend_R","Bash","Juggernaut+1","Combust"],"relics":["Burning Blood","Kunai","Pen Nib","Bottled Lightning","Shuriken","Odd Mushroom"],"potions_floor_usage":[],"damage_taken":[{"damage":6,"enemies":"Cultist","floor":1,"turns":3},{"damage":8,"enemies":"2 Louse","floor":3,"turns":3},{"damage":6,"enemies":"Jaw Worm","floor":6,"turns":5},{"damage":46,"enemies":"Lagavulin","floor":8,"turns":6},{"damage":31,"enemies":"The Mushroom Lair","floor":11,"turns":5},{"damage":14,"enemies":"Gremlin Nob","floor":12,"turns":2}],"seed_played":"-6654354178646839605","potions_obtained":[{"floor":3,"key":"Ancient Potion"}],"is_trial":false,"path_per_floor":["M","T","M","?","?","M","R","E","T","R","?","E"],"character_chosen":"IRONCLAD","items_purchased":[],"campfire_rested":1,"item_purchase_floors":[],"current_hp_per_floor":[88,88,86,68,50,50,76,36,36,36,11,0],"gold":187,"neow_bonus":"TEN_PERCENT_HP_BONUS","is_prod":false,"is_daily":false,"chose_seed":false,"campfire_upgraded":1,"win_rate":0,"timestamp":1561944492,"path_taken":["M","?","M","?","?","?","R","E","T","R","?","E"],"build_version":"2019-01-23","purchased_purges":0,"victory":false,"max_hp_per_floor":[88,88,88,88,88,88,88,88,88,88,88,88],"card_choices":[{"not_picked":["Thunderclap","Clash","Headbutt"],"picked":"SKIP","floor":1},{"not_picked":["Clothesline","Headbutt","Second Wind"],"picked":"SKIP","floor":3},{"not_picked":["Warcry","Whirlwind","Shrug It Off"],"picked":"SKIP","floor":6},{"not_picked":["Armaments","Clash"],"picked":"Juggernaut","floor":8},{"not_picked":["Sword Boomerang","Infernal Blade"],"picked":"Combust","floor":11}],"player_experience":88554,"relics_obtained":[{"floor":2,"key":"Kunai"},{"floor":8,"key":"Bottled Lightning"},{"floor":9,"key":"Shuriken"},{"floor":11,"key":"Odd Mushroom"}],"event_choices":[{"damage_healed":0,"gold_gain":0,"player_choice":"Entered Light","damage_taken":18,"max_hp_gain":0,"max_hp_loss":0,"event_name":"Shining Light","floor":4,"gold_loss":0,"cards_upgraded":["Strike_R","Defend_R"]},{"damage_healed":0,"gold_gain":0,"player_choice":"Success","damage_taken":18,"relics_obtained":["Pen Nib"],"max_hp_gain":0,"max_hp_loss":0,"event_name":"Scrap Ooze","floor":5,"gold_loss":0},{"damage_healed":0,"gold_gain":0,"player_choice":"Fought Mushrooms","damage_taken":0,"max_hp_gain":0,"max_hp_loss":0,"event_name":"Mushrooms","floor":11,"gold_loss":0}],"is_beta":false,"boss_relics":[],"items_purged_floors":[],"is_endless":false,"potions_floor_spawned":[3],"killed_by":"Gremlin Nob","ascension_level":2}