{"gold_per_floor":[110,1,18,18,18,18,48,112,112,62,91,109,121,132,132,237,267,285,300,300,325,325,325,343,357,357,357,30,50,50,50],"floor_reached":31,"playtime":1126,"items_purged":[],"score":297,"play_id":"5249a34b-49a5-4dc1-b940-f354779cbe21","local_time":"20190630210711","is_ascension_mode":true,"campfire_choices":[{"data":"Metallicize","floor":6,"key":"SMITH"},{"data":"Rage","floor":15,"key":"SMITH"},{"data":"Double Tap","floor":23,"key":"SMITH"},{"floor":27,"key":"REST"},{"data":"Rage","floor":30,"key":"SMITH"}],"neow_cost":"NONE","seed_source_timestamp":1481394833107104,"circlet_count":0,"master_deck":["Strike_R","Strike_R","Strike_R","Strike_R","Strike_R","Defend_R","Defend_R","Defend_R","Bash","Anger","Rampage+1","Metallicize+1","Fiend Fire","Rage+1","Double Tap+1","Injury","Apotheosis","Rage+1"],"relics":["Burning Blood","NeowsBlessing","Omamori","Happy Flower","Bottled Flame","Art of War","Calling Bell","Shuriken","Tiny Chest","Calipers","Pen Nib","Self Forming Clay","Matryoshka","Lantern"],"potions_floor_usage":[19,25,25,25,25,31,31],"damage_taken":[{"damage":0,"enemies":"Cultist","floor":1,"turns":1},{"damage":0,"enemies":"Small Slimes","floor":3,"turns":1},{"damage":0,"enemies":"Gremlin Nob","floor":7,"turns":1},{"damage":11,"enemies":"Gremlin Nob","floor":8,"turns":4},{"damage":28,"enemies":"Lagavulin","floor":11,"turns":5},{"damage":3,"enemies":"2 Louse","floor":12,"turns":2},{"damage":0,"enemies":"Exordium Wildlife","floor":13,"turns":2},{"damage":11,"enemies":"Looter","floor":14,"turns":2},{"damage":37,"enemies":"Hexaghost","floor":16,"turns":9},{"damage":17,"enemies":"Chosen","floor":18,"turns":5},{"damage":19,"enemies":"2 Thieves","floor":19,"turns":4},{"damage":26,"enemies":"Shelled Parasite and Fungi","floor":24,"turns":7},{"damage":25,"enemies":"Cultist and Chosen","floor":25,"turns":7},{"damage":35,"enemies":"Snecko","floor":29,"turns":6},{"damage":14,"enemies":"Snake Plant","floor":31,"turns":2}],"seed_played":"-7556045333448530474","potions_obtained":[{"floor":7,"key":"BloodPotion"},{"floor":11,"key":"Ancient Potion"},{"floor":14,"key":"Dexterity Potion"},{"floor":16,"key":"Weak Potion"},{"floor":19,"key":"EntropicBrew"},{"floor":25,"key":"SteroidPotion"}],"is_trial":false,"path_per_floor":["M","$","M","$","?","R","E","?","T","?","E","M","M","M","R","B",null,"M","M","?","T","T","R","M","M","T","R","$","M","R","M"],"character_chosen":"IRONCLAD","items_purchased":["Rampage","Metallicize","Apotheosis","Lantern"],"campfire_rested":1,"item_purchase_floors":[2,2,28,28],"current_hp_per_floor":[80,80,80,80,80,80,80,75,75,75,53,56,62,57,57,26,80,69,56,56,56,56,56,36,17,17,41,41,12,12,0],"gold":50,"neow_bonus":"THREE_ENEMY_KILL","is_prod":false,"is_daily":false,"chose_seed":false,"campfire_upgraded":4,"win_rate":0,"timestamp":1561943231,"path_taken":["M","$","M","$","?","R","E","?","T","?","E","M","?","M","R","BOSS","M","M","?","?","?","R","M","M","T","R","$","M","R","M"],"build_version":"2019-01-23","purchased_purges":0,"victory":false,"max_hp_per_floor":[80,80,80,80,80,80,80,80,80,80,80,80,80,80,80,80,80,80,80,80,80,80,80,80,80,80,80,80,80,80,80],"card_choices":[{"not_picked":["Clash","Clothesline"],"picked":"Anger","floor":1},{"not_picked":["Heavy Blade","Shrug It Off","Twin Strike"],"picked":"SKIP","floor":3},{"not_picked":["Armaments","Twin Strike","Wild Strike"],"picked":"SKIP","floor":7},{"not_picked":["Cleave","Sword Boomerang","Infernal Blade"],"picked":"SKIP","floor":11},{"not_picked":["Clothesline","Clash"],"picked":"Fiend Fire","floor":12},{"not_picked":["Corruption","Feel No Pain","Armaments"],"picked":"SKIP","floor":13},{"not_picked":["True Grit","Anger"],"picked":"Rage","floor":14},{"not_picked":["Reaper","Bludgeon"],"picked":"Double Tap","floor":16},{"not_picked":["Warcry","Shrug It Off","Fire Breathing"],"picked":"SKIP","floor":18},{"not_picked":["Seeing Red","Pommel Strike","Havoc"],"picked":"SKIP","floor":19},{"not_picked":["Rupture","Fire Breathing","Dropkick"],"picked":"SKIP","floor":24},{"not_picked":["True Grit+1","Shrug It Off","Twin Strike+1"],"picked":"SKIP","floor":25},{"not_picked":["Armaments","Sword Boomerang+1"],"picked":"Rage","floor":29}],"player_experience":86571,"relics_obtained":[{"floor":7,"key":"Omamori"},{"floor":8,"key":"Happy Flower"},{"floor":9,"key":"Bottled Flame"},{"floor":11,"key":"Art of War"},{"floor":17,"key":"Shuriken"},{"floor":17,"key":"Tiny Chest"},{"floor":17,"key":"Calipers"},{"floor":21,"key":"Pen Nib"},{"floor":22,"key":"Self Forming Clay"},{"floor":26,"key":"Matryoshka"}],"event_choices":[{"damage_healed":0,"gold_gain":0,"player_choice":"Grow","damage_taken":0,"max_hp_gain":0,"max_hp_loss":0,"event_name":"Living Wall","floor":5,"gold_loss":0,"cards_upgraded":["Rampage"]},{"damage_healed":0,"gold_gain":0,"player_choice":"Searched \u00271\u0027 times","damage_taken":0,"max_hp_gain":0,"max_hp_loss":0,"event_name":"Dead Adventurer","floor":8,"gold_loss":0},{"cards_removed":["Defend_R"],"damage_healed":0,"gold_gain":0,"player_choice":"Card Removal","damage_taken":0,"max_hp_gain":0,"max_hp_loss":0,"event_name":"The Cleric","floor":10,"gold_loss":50},{"damage_healed":0,"gold_gain":0,"player_choice":"Ignored","damage_taken":0,"max_hp_gain":0,"max_hp_loss":0,"event_name":"Ghosts","floor":20,"gold_loss":0}],"is_beta":false,"boss_relics":[{"not_picked":["Pandora\u0027s Box","Tiny House"],"picked":"Calling Bell"}],"items_purged_floors":[],"is_endless":false,"potions_floor_spawned":[7,11,14,16,18,19,25],"killed_by":"Snake Plant","ascension_level":2}