{"path_per_floor":["M","?","?","M","M","E","R","?","T","R","M","R","M","E","R","B",null,"M","?","M","M","M"],"character_chosen":"IRONCLAD","items_purchased":[],"gold_per_floor":[113,113,113,126,138,173,173,173,245,245,260,260,279,312,312,412,412,430,430,449,462,476],"floor_reached":23,"campfire_rested":3,"playtime":1447,"current_hp_per_floor":[79,79,79,79,63,46,46,30,30,54,54,78,62,30,54,10,80,73,73,51,43,17],"items_purged":[],"gold":476,"score":213,"play_id":"398278cf-1c22-4a22-8db8-ac2f031c2586","is_prod":false,"is_daily":false,"is_ascension_mode":true,"campfire_upgraded":1,"path_taken":["M","?","?","M","?","E","R","?","T","R","M","R","M","E","R","BOSS","M","?","M","M","M","E"],"build_version":"2018-02-08-PROD1","purchased_purges":0,"victory":false,"master_deck":["Bash+1","Immolate","Clothesline+1","Burning Pact","Sever Soul+1","Intimidate","Havoc","Wild Strike+1","Headbutt+1","Sever Soul+1","Dropkick+1","Shrug It Off+1","Inflame","Spot Weakness+1"],"max_hp_per_floor":[80,80,80,80,80,80,80,80,80,80,80,80,80,80,80,80,80,80,80,80,80,80],"relics":["Runic Pyramid","Bird Faced Urn","Molten Egg 2","Bottled Lightning","Pandora\u0027s Box"],"card_choices":[{"not_picked":["Searing Blow","Whirlwind"],"picked":"Immolate"},{"not_picked":["Clash","Rupture"],"picked":"Clothesline"},{"not_picked":["Metallicize","Flex"],"picked":"Shrug It Off"},{"not_picked":["Perfected Strike","Disarm"],"picked":"Inflame"},{"not_picked":["Inflame","Clothesline"],"picked":"Spot Weakness"}],"player_experience":141396,"potions_floor_usage":[6,21,21],"damage_taken":[{"damage":1,"enemies":"Cultist","floor":1,"turns":4},{"damage":0,"enemies":"Small Slimes","floor":4,"turns":5},{"damage":16,"enemies":"Blue Slaver","floor":5,"turns":4},{"damage":17,"enemies":"3 Sentries","floor":6,"turns":7},{"damage":0,"enemies":"Large Slime","floor":11,"turns":4},{"damage":16,"enemies":"2 Fungi Beasts","floor":13,"turns":4},{"damage":32,"enemies":"Lagavulin","floor":14,"turns":7},{"damage":44,"enemies":"The Guardian","floor":16,"turns":13},{"damage":7,"enemies":"Chosen","floor":18,"turns":3},{"damage":22,"enemies":"Shell Parasite","floor":20,"turns":4},{"damage":10,"enemies":"Centurion and Healer","floor":21,"turns":5},{"damage":28,"enemies":"Snake Plant","floor":22,"turns":4},{"damage":27,"enemies":"Slavers","floor":23,"turns":1}],"event_choices":[{"event_name":"Wheel of Change","player_choice":"Curse","floor":2,"damage_taken":0},{"event_name":"Fountain of Cleansing","player_choice":"Removed Curse","floor":3,"damage_taken":0},{"event_name":"Shining Light","player_choice":"Entered Light","floor":8,"damage_taken":0},{"event_name":"Back to Basics","player_choice":"Elegance","floor":19,"damage_taken":0}],"boss_relics":[{"not_picked":["Runic Dome","Sozu"],"picked":"Pandora\u0027s Box"}],"potions_floor_spawned":[4,14,16,18,20,22],"seed_played":"6009967340146450840","killed_by":"Slavers","ascension_level":1,"is_trial":false}