{"path_per_floor":["M","M","$","M","M","M","R","M","T","$","M","R","?","M","R","B",null,"M","$","?","?","?","R","M"],"character_chosen":"IRONCLAD","items_purchased":["Bag of Preparation","Dream Catcher","War Paint"],"gold_per_floor":[211,225,71,88,103,113,113,127,178,33,53,53,53,72,72,172,172,188,36,36,36,36,36,55],"floor_reached":25,"campfire_rested":1,"playtime":1171,"current_hp_per_floor":[80,78,78,76,41,42,42,38,38,38,34,58,58,64,64,34,80,67,67,67,67,67,67,61],"items_purged":[],"gold":55,"score":205,"play_id":"de791838-a34f-451f-946f-ebf833255c19","is_prod":false,"is_daily":false,"is_ascension_mode":true,"campfire_upgraded":3,"path_taken":["M","M","$","M","M","M","R","M","T","$","M","R","?","M","R","BOSS","M","$","?","?","?","R","M","E"],"build_version":"2018-02-08-PROD1","purchased_purges":1,"victory":false,"master_deck":["Strike_R","Strike_R","Strike_R","Strike_R","Strike_R","Defend_R+1","Defend_R","Defend_R+1","Defend_R","Bash+1","Corruption","Shockwave","Inflame","Heavy Blade+1","Brutality+1","Warcry","Flex+1"],"max_hp_per_floor":[80,80,80,80,80,80,80,80,80,80,80,80,80,80,80,80,80,80,80,80,80,80,80,80],"relics":["Burning Blood","Bag of Preparation","Bag of Marbles","Dream Catcher","Mark of Pain","War Paint","Juzu Bracelet"],"card_choices":[{"not_picked":["Havoc","Sentinel"],"picked":"Corruption"},{"not_picked":["Cleave","Wild Strike"],"picked":"Shockwave"},{"not_picked":["True Grit","Intimidate"],"picked":"Inflame"},{"not_picked":["Thunderclap","Sever Soul"],"picked":"Heavy Blade"},{"not_picked":["Exhume","Demon Form"],"picked":"Brutality"},{"not_picked":["Body Slam","Pommel Strike"],"picked":"Flex"}],"player_experience":144537,"potions_floor_usage":[11,16,16,24],"damage_taken":[{"damage":6,"enemies":"Cultist","floor":1,"turns":3},{"damage":8,"enemies":"Small Slimes","floor":2,"turns":3},{"damage":8,"enemies":"Jaw Worm","floor":4,"turns":4},{"damage":41,"enemies":"Gremlin Gang","floor":5,"turns":7},{"damage":5,"enemies":"3 Louse","floor":6,"turns":5},{"damage":10,"enemies":"Looter","floor":8,"turns":3},{"damage":16,"enemies":"Lots of Slimes","floor":11,"turns":5},{"damage":0,"enemies":"Exordium Wildlife","floor":14,"turns":3},{"damage":36,"enemies":"Hexaghost","floor":16,"turns":7},{"damage":19,"enemies":"Chosen","floor":18,"turns":5},{"damage":12,"enemies":"Spheric Guardian","floor":24,"turns":3},{"damage":61,"enemies":"Slavers","floor":25,"turns":5}],"event_choices":[{"event_name":"The Lab","player_choice":"Got Potions","floor":13,"damage_taken":0},{"event_name":"The Library","player_choice":"Read","floor":20,"damage_taken":0},{"event_name":"Accursed Blacksmith","player_choice":"Rummage","floor":21,"damage_taken":0},{"event_name":"Addict","player_choice":"Ignored","floor":22,"damage_taken":0}],"boss_relics":[{"not_picked":["Lizard Tail","Ectoplasm"],"picked":"Mark of Pain"}],"potions_floor_spawned":[2,5,6,16],"seed_played":"6758908372029987279","killed_by":"Slavers","ascension_level":1,"is_trial":false}