{"gold_per_floor":[113,113,113,38,56,56,56,56,83,83,100,125,89,103,103,202,202,219,230,330,346,362,362,388,388,411,411,411,411,437,437,437,533,533,552,552,78,178,53,53,102,102,129,160,176,194,194,0,0,0],"floor_reached":51,"playtime":4946,"items_purged":["Regret","Strike_R","Strike_R","Strike_R"],"score":1030,"play_id":"71582524-417c-4681-bd87-ce36eb05a538","local_time":"20190723160830","is_ascension_mode":true,"campfire_choices":[{"data":"Iron Wave","floor":6.0,"key":"SMITH"},{"data":"Heavy Blade","floor":8.0,"key":"SMITH"},{"data":"Defend_R","floor":10.0,"key":"SMITH"},{"data":"Uppercut","floor":15,"key":"SMITH"},{"data":"Corruption","floor":23,"key":"SMITH"},{"data":"Limit Break","floor":25,"key":"SMITH"},{"data":"Demon Form","floor":27,"key":"SMITH"},{"floor":32,"key":"REST"},{"floor":42,"key":"REST"},{"floor":47,"key":"REST"},{"floor":49,"key":"RECALL"}],"neow_cost":"NONE","seed_source_timestamp":1082248858171599,"circlet_count":0,"master_deck":["Strike_R","Strike_R","Defend_R","Defend_R","Defend_R+1","Defend_R+1","Bash+1","Heavy Blade+1","Iron Wave+1","Uppercut+1","Feed","Corruption+1","Flex+1","Limit Break+1","Armaments+1","Demon Form+1","RitualDagger","Shrug It Off","Headbutt+1","Flame Barrier","Power Through+1","Spot Weakness","Headbutt"],"special_seed":0,"relics":["Burning Blood","Mango","Anchor","Bag of Preparation","Velvet Choker","Art of War","Blood Vial","Omamori","Fusion Hammer","Incense Burner","Charon\u0027s Ashes","Mummified Hand","War Paint","Smiling Mask","Boot","Happy Flower"],"potions_floor_usage":[16,16,21,30,33,50,50],"damage_taken":[{"damage":6.0,"enemies":"Cultist","floor":1.0,"turns":3.0},{"damage":9.0,"enemies":"Jaw Worm","floor":5.0,"turns":3.0},{"damage":5,"enemies":"Small Slimes","floor":11,"turns":3},{"damage":24,"enemies":"3 Sentries","floor":12,"turns":8},{"damage":31,"enemies":"Exordium Thugs","floor":14,"turns":6},{"damage":18,"enemies":"Slime Boss","floor":16,"turns":10},{"damage":0,"enemies":"Chosen","floor":18,"turns":3},{"damage":12,"enemies":"Shell Parasite","floor":19,"turns":5},{"damage":0,"enemies":"Sentry and Sphere","floor":21,"turns":3},{"damage":24,"enemies":"Centurion and Healer","floor":22,"turns":8},{"damage":16,"enemies":"Gremlin Leader","floor":24,"turns":6},{"damage":30,"enemies":"Slavers","floor":30,"turns":5},{"damage":40,"enemies":"Champ","floor":33,"turns":7},{"damage":20,"enemies":"3 Shapes","floor":35,"turns":4},{"damage":17,"enemies":"Mind Bloom Boss Battle","floor":38,"turns":7},{"damage":29,"enemies":"Reptomancer","floor":44,"turns":5},{"damage":0,"enemies":"Orb Walker","floor":45,"turns":2},{"damage":0,"enemies":"4 Shapes","floor":46,"turns":4},{"damage":43,"enemies":"Awakened One","floor":50,"turns":11}],"seed_played":"239646464764822161","potions_obtained":[{"floor":11,"key":"AttackPotion"},{"floor":12,"key":"PowerPotion"},{"floor":14,"key":"Weak Potion"},{"floor":16,"key":"BloodPotion"},{"floor":18,"key":"Fire Potion"},{"floor":24,"key":"Weak Potion"},{"floor":38,"key":"Dexterity Potion"},{"floor":45,"key":"Weak Potion"},{"floor":46,"key":"Weak Potion"}],"is_trial":false,"path_per_floor":["M","?","?","$","M","R","$","R","T","R","M","E","$","M","R","B",null,"M","M","?","M","M","R","E","R","T","R","?","?","E","?","R","B",null,"M","?","$","?","$","T","T","R","T","E","M","M","R","$","R","B",null],"character_chosen":"IRONCLAD","items_purchased":["Corruption","Incense Burner","Flame Barrier","Happy Flower"],"campfire_rested":3,"item_purchase_floors":[13,37,37,48],"current_hp_per_floor":[80,94,94,94,91,91,91,91,91,91,92,74,74,52,52,40,89,95,89,89,95,80,80,70,70,70,70,106,100,78,56,89,57,99,90,90,90,81,81,81,81,115,115,97,105,116,123,123,123,89],"gold":0,"neow_bonus":"TEN_PERCENT_HP_BONUS","is_prod":false,"is_daily":false,"chose_seed":false,"campfire_upgraded":7,"win_rate":0,"timestamp":1563923310,"path_taken":["M","?","?","$","?","R","?","R","T","R","M","E","$","M","R","BOSS","M","M","?","M","?","R","E","R","T","R","?","?","E","?","R","BOSS","M","?","$","?","?","?","?","R","T","E","?","M","R","$","R","BOSS"],"build_version":"2019-07-18","purchased_purges":4,"victory":true,"max_hp_per_floor":[88,102,102,102,102,102,102,102,102,102,102,102,102,105,105,105,105,105,105,105,105,108,108,108,108,108,108,108,108,108,113,113,113,113,116,116,116,116,116,116,116,116,116,120,120,123,123,123,123,126],"card_choices":[{"not_picked":["True Grit","Havoc"],"picked":"Heavy Blade","floor":1.0},{"not_picked":["Intimidate","Warcry"],"picked":"Iron Wave","floor":5.0},{"not_picked":["Shrug It Off","Thunderclap"],"picked":"Uppercut","floor":11},{"not_picked":["Clash","Combust"],"picked":"Feed","floor":12},{"not_picked":["Cleave","Warcry"],"picked":"Flex","floor":14},{"not_picked":["Berserk","Fiend Fire"],"picked":"Limit Break","floor":16},{"not_picked":["Cleave","Corruption"],"picked":"Armaments+1","floor":18},{"not_picked":["Twin Strike","Clothesline","Sever Soul"],"picked":"SKIP","floor":19},{"not_picked":["Havoc","Dropkick","Pommel Strike"],"picked":"SKIP","floor":21},{"not_picked":["Searing Blow","Shockwave","Heavy Blade"],"picked":"SKIP","floor":22},{"not_picked":["Combust","Pommel Strike"],"picked":"Demon Form","floor":24},{"not_picked":["Clothesline","Corruption"],"picked":"Shrug It Off","floor":30},{"not_picked":["Heavy Blade+1","Armaments+1"],"picked":"Headbutt+1","floor":35},{"not_picked":["Entrench","Intimidate"],"picked":"Power Through+1","floor":44},{"not_picked":["Fire Breathing+1","Rampage+1"],"picked":"Spot Weakness","floor":45},{"not_picked":["Inflame","Pommel Strike+1"],"picked":"Headbutt","floor":46}],"player_experience":139032,"relics_obtained":[{"floor":9.0,"key":"Anchor"},{"floor":12,"key":"Bag of Preparation"},{"floor":24,"key":"Art of War"},{"floor":26,"key":"Blood Vial"},{"floor":30,"key":"Omamori"},{"floor":38,"key":"Charon\u0027s Ashes"},{"floor":40,"key":"Mummified Hand"},{"floor":41,"key":"War Paint"},{"floor":43,"key":"Smiling Mask"},{"floor":44,"key":"Boot"}],"event_choices":[{"damage_healed":0.0,"max_hp_gain":0.0,"max_hp_loss":0.0,"gold_gain":0.0,"event_name":"Big Fish","player_choice":"Box","floor":2.0,"gold_loss":0.0,"damage_taken":0.0,"relics_obtained":["Mango"],"cards_obtained":["Regret"]},{"damage_healed":0.0,"max_hp_gain":0.0,"max_hp_loss":0.0,"gold_gain":0.0,"event_name":"Upgrade Shrine","player_choice":"Upgraded","floor":3.0,"gold_loss":0.0,"damage_taken":0.0,"cards_upgraded":["Bash"]},{"damage_healed":0,"gold_gain":100,"player_choice":"Pray","damage_taken":0,"max_hp_gain":0,"max_hp_loss":0,"event_name":"Golden Shrine","floor":20,"gold_loss":0},{"damage_healed":36,"gold_gain":0,"player_choice":"Heal","damage_taken":0,"max_hp_gain":0,"max_hp_loss":0,"event_name":"The Library","floor":28,"gold_loss":0},{"damage_healed":0,"gold_gain":0,"player_choice":"Joined the Cult","damage_taken":6,"max_hp_gain":0,"max_hp_loss":0,"event_name":"Nest","floor":29,"gold_loss":0,"cards_obtained":["RitualDagger"]},{"damage_healed":0,"gold_gain":0,"player_choice":"Shed Blood","damage_taken":27,"max_hp_gain":5,"max_hp_loss":0,"event_name":"Forgotten Altar","floor":31,"gold_loss":0},{"damage_healed":0,"gold_gain":0,"player_choice":"Memory 1","damage_taken":0,"max_hp_gain":0,"max_hp_loss":0,"event_name":"SensoryStone","floor":36,"gold_loss":0},{"damage_healed":0,"gold_gain":0,"player_choice":"Fight","damage_taken":0,"max_hp_gain":0,"max_hp_loss":0,"event_name":"MindBloom","floor":38,"gold_loss":0}],"is_beta":true,"boss_relics":[{"not_picked":["Lizard Tail","Orrery"],"picked":"Velvet Choker"},{"not_picked":["Busted Crown","Astrolabe"],"picked":"Fusion Hammer"}],"items_purged_floors":[4,37,39,48],"is_endless":false,"potions_floor_spawned":[11,12,14,16,18,24,38,45,46],"ascension_level":8}