{"gold_per_floor":[115,163,177,17,37,63,63,63,63,89,54,70,82,95,95,95],"floor_reached":16,"playtime":817,"items_purged":["Strike_R"],"score":112,"play_id":"426d3f4e-dac5-42dc-abe9-4485bf998ca8","local_time":"20190502212225","is_ascension_mode":false,"campfire_choices":[{"data":"Burning Pact","floor":7,"key":"SMITH"},{"floor":15,"key":"REST"}],"neow_cost":"NONE","seed_source_timestamp":431825161487699,"circlet_count":0,"master_deck":["Strike_R","Strike_R","Strike_R+1","Strike_R","Defend_R","Defend_R","Defend_R","Defend_R+1","Bash","Dropkick","Rage","Headbutt","Finesse","Whirlwind","Burning Pact+1","Spot Weakness+1","Whirlwind","Flex+1"],"relics":["Burning Blood","Dodecahedron","Torii","Toxic Egg 2"],"potions_floor_usage":[6,12,14,16],"damage_taken":[{"damage":9,"enemies":"Cultist","floor":1,"turns":4},{"damage":0,"enemies":"Small Slimes","floor":3,"turns":4},{"damage":5,"enemies":"Jaw Worm","floor":5,"turns":4},{"damage":30,"enemies":"Gremlin Nob","floor":6,"turns":5},{"damage":39,"enemies":"Lagavulin","floor":10,"turns":6},{"damage":4,"enemies":"Gremlin Gang","floor":12,"turns":5},{"damage":15,"enemies":"Exordium Thugs","floor":13,"turns":4},{"damage":7,"enemies":"2 Fungi Beasts","floor":14,"turns":2},{"damage":45,"enemies":"The Guardian","floor":16,"turns":11}],"seed_played":"-3105756916353164048","potions_obtained":[{"floor":1,"key":"GamblersBrew"},{"floor":10,"key":"EssenceOfSteel"},{"floor":13,"key":"FearPotion"},{"floor":14,"key":"Energy Potion"}],"is_trial":false,"path_per_floor":["M","T","M","$","M","E","R","?","T","E","?","M","M","M","R","B"],"character_chosen":"IRONCLAD","items_purchased":["Finesse"],"campfire_rested":1,"item_purchase_floors":[4],"current_hp_per_floor":[77,77,80,80,80,56,56,40,40,7,27,29,20,19,43,0],"gold":95,"neow_bonus":"THREE_CARDS","is_prod":false,"is_daily":false,"chose_seed":false,"campfire_upgraded":1,"win_rate":0,"timestamp":1556850145,"path_taken":["M","?","M","$","M","E","R","?","T","E","?","M","M","M","R","BOSS"],"build_version":"2019-01-23","purchased_purges":1,"victory":false,"max_hp_per_floor":[80,80,80,80,80,80,80,80,80,80,80,80,80,80,80,80],"card_choices":[{"not_picked":["Dual Wield","Body Slam"],"picked":"Dropkick","floor":0},{"not_picked":["Battle Trance","Sever Soul"],"picked":"Rage","floor":1},{"not_picked":["Body Slam","Burning Pact"],"picked":"Headbutt","floor":3},{"not_picked":["Feel No Pain","Searing Blow"],"picked":"Whirlwind","floor":5},{"not_picked":["Clothesline","Intimidate"],"picked":"Burning Pact","floor":6},{"not_picked":["Anger","Battle Trance"],"picked":"Spot Weakness","floor":10},{"not_picked":["Combust","Bloodletting+1"],"picked":"Whirlwind","floor":12},{"not_picked":["Perfected Strike","Sword Boomerang","Searing Blow"],"picked":"SKIP","floor":13},{"not_picked":["Entrench+1","Wild Strike"],"picked":"Flex+1","floor":14}],"player_experience":806554,"relics_obtained":[{"floor":6,"key":"Dodecahedron"},{"floor":9,"key":"Torii"},{"floor":10,"key":"Toxic Egg 2"}],"event_choices":[{"damage_healed":0,"gold_gain":0,"player_choice":"Entered Light","damage_taken":16,"max_hp_gain":0,"max_hp_loss":0,"event_name":"Shining Light","floor":8,"gold_loss":0,"cards_upgraded":["Defend_R","Strike_R"]},{"damage_healed":20,"gold_gain":0,"player_choice":"Healed","damage_taken":0,"max_hp_gain":0,"max_hp_loss":0,"event_name":"The Cleric","floor":11,"gold_loss":35}],"is_beta":false,"boss_relics":[],"items_purged_floors":[4],"is_endless":false,"potions_floor_spawned":[1,10,13,14],"killed_by":"The Guardian","ascension_level":0}