{"gold_per_floor":[111,111,14,31,31,31,66,66,66,66,80,95,95,110,110,199,199,222,0,0,21,21,21],"floor_reached":23,"playtime":592,"items_purged":[],"score":428,"play_id":"cb5a2f6b-6b7a-47c9-9f0d-517be6f582ad","local_time":"20190226104900","is_ascension_mode":true,"campfire_choices":[{"data":"Zap","floor":6.0,"key":"SMITH"},{"data":"Defragment","floor":8.0,"key":"SMITH"},{"data":"Coolheaded","floor":10.0,"key":"SMITH"},{"data":"Redo","floor":13.0,"key":"SMITH"},{"data":"Defragment","floor":15.0,"key":"SMITH"}],"neow_cost":"NONE","seed_source_timestamp":1551675661247597,"circlet_count":0,"master_deck":["AscendersBane","Strike_B","Strike_B","Strike_B","Defend_B","Defend_B","Defend_B","Defend_B","Zap+1","Dualcast","Compile Driver","Defragment+1","Coolheaded+1","Glacier","Redo+1","Defragment+1","Coolheaded","Amplify","Melter"],"special_seed":0,"relics":["Cracked Core","Golden Idol","Juzu Bracelet","Bottled Lightning","Inserter","Nloth\u0027s Gift"],"potions_floor_usage":[],"damage_taken":[{"damage":0.0,"enemies":"Jaw Worm","floor":1.0,"turns":1.0},{"damage":0.0,"enemies":"Small Slimes","floor":4.0,"turns":1.0},{"damage":0.0,"enemies":"3 Sentries","floor":7.0,"turns":1.0},{"damage":0.0,"enemies":"Cultist","floor":11.0,"turns":3.0},{"damage":2.0,"enemies":"Blue Slaver","floor":12.0,"turns":4.0},{"damage":9.0,"enemies":"Gremlin Gang","floor":14.0,"turns":2.0},{"damage":21.0,"enemies":"The Guardian","floor":16.0,"turns":11.0},{"damage":5.0,"enemies":"Shell Parasite","floor":18.0,"turns":7.0},{"damage":0.0,"enemies":"Chosen","floor":21.0,"turns":7.0},{"damage":52,"enemies":"Slavers","floor":23,"turns":3}],"seed_played":"-6213784211289570933","potions_obtained":[{"floor":4.0,"key":"PowerPotion"},{"floor":12.0,"key":"SteroidPotion"},{"floor":16.0,"key":"Weak Potion"}],"is_trial":false,"path_per_floor":["M","?","$","M","?","R","E","R","T","R","M","M","R","M","R","B",null,"M","?","?","M","?","E"],"character_chosen":"DEFECT","items_purchased":["Defragment","Coolheaded"],"campfire_rested":0,"item_purchase_floors":[3,3],"current_hp_per_floor":[64,57,57,57,57,57,57,57,57,57,57,55,55,46,46,25,54,49,49,49,49,49,0],"gold":21,"neow_bonus":"THREE_ENEMY_KILL","is_prod":false,"is_daily":false,"chose_seed":false,"campfire_upgraded":5,"win_rate":0,"timestamp":1551174540,"path_taken":["M","?","$","M","?","R","E","R","T","R","M","M","R","M","R","BOSS","M","?","?","M","?","E"],"build_version":"2019-01-23","purchased_purges":0,"victory":false,"max_hp_per_floor":[71,71,71,71,64,64,64,64,64,64,64,64,64,64,64,64,64,64,64,64,64,64,64],"card_choices":[{"not_picked":["Turbo","Streamline"],"picked":"Compile Driver","floor":1.0},{"not_picked":["Redo","Skim"],"picked":"Glacier","floor":4.0},{"not_picked":["Beam Cell","Leap"],"picked":"Redo","floor":7.0},{"not_picked":["Lockon","Cold Snap"],"picked":"Defragment","floor":11.0},{"not_picked":["Steam","Genetic Algorithm"],"picked":"Coolheaded","floor":12.0},{"not_picked":["Double Energy","Undo"],"picked":"Amplify","floor":14.0},{"not_picked":["Streamline","Doom and Gloom"],"picked":"Melter","floor":18.0},{"not_picked":["Chill","Steam","Leap"],"picked":"SKIP","floor":21.0}],"player_experience":906667,"relics_obtained":[{"floor":7.0,"key":"Juzu Bracelet"},{"floor":9.0,"key":"Bottled Lightning"}],"event_choices":[{"cards_removed":["Strike_B"],"damage_healed":0.0,"max_hp_gain":0.0,"max_hp_loss":0.0,"gold_gain":0.0,"event_name":"Golden Wing","player_choice":"Card Removal","floor":2.0,"gold_loss":0.0,"damage_taken":7.0},{"damage_healed":0.0,"max_hp_gain":0.0,"max_hp_loss":7.0,"gold_gain":0.0,"event_name":"Golden Idol","player_choice":"Lose Max HP","floor":5.0,"gold_loss":0.0,"damage_taken":0.0,"relics_obtained":["Golden Idol"]},{"damage_healed":0.0,"max_hp_gain":0.0,"max_hp_loss":0.0,"gold_gain":0.0,"event_name":"Masked Bandits","player_choice":"Paid Fearfully","floor":19.0,"gold_loss":222.0,"damage_taken":0.0},{"damage_healed":0.0,"max_hp_gain":0.0,"max_hp_loss":0.0,"gold_gain":0.0,"event_name":"The Mausoleum","player_choice":"Ignored","floor":20.0,"gold_loss":0.0,"damage_taken":0.0},{"damage_healed":0.0,"max_hp_gain":0.0,"max_hp_loss":0.0,"gold_gain":0.0,"event_name":"N\u0027loth","player_choice":"Traded Relic","floor":22.0,"relics_lost":["NeowsBlessing"],"gold_loss":0.0,"damage_taken":0.0,"relics_obtained":["Nloth\u0027s Gift"]}],"is_beta":false,"boss_relics":[{"not_picked":["Runic Pyramid","Lizard Tail"],"picked":"Inserter"}],"items_purged_floors":[],"is_endless":false,"potions_floor_spawned":[4,12,16],"killed_by":"Slavers","ascension_level":20}