{"gold_per_floor":[110,110,125,139,35,35,53,53,53,53,53,53,69,102,102,102],"floor_reached":16,"playtime":728,"items_purged":["Strike_G"],"score":200,"play_id":"98b5dfcf-38f0-43cf-a176-b19fdbb5ff13","local_time":"20190303132333","is_ascension_mode":true,"campfire_choices":[{"data":"Neutralize","floor":6.0,"key":"SMITH"},{"data":"Well Laid Plans","floor":8.0,"key":"SMITH"},{"data":"Quick Slash","floor":10.0,"key":"SMITH"},{"floor":15,"key":"REST"}],"neow_cost":"NONE","seed_source_timestamp":185372858461153,"circlet_count":0,"master_deck":["AscendersBane","Defend_G","Defend_G","Defend_G","Defend_G","Defend_G","Strike_G","Strike_G","Strike_G","Strike_G","Survivor","Neutralize+1","PiercingWail","Well Laid Plans+1","Dash","Quick Slash+1","Cloak And Dagger","Tactician","Backflip"],"special_seed":0,"relics":["Ring of the Snake","Centennial Puzzle","Matryoshka","Dream Catcher","Bottled Tornado","Dodecahedron"],"potions_floor_usage":[14],"damage_taken":[{"damage":3.0,"enemies":"Small Slimes","floor":1.0,"turns":5.0},{"damage":1.0,"enemies":"Jaw Worm","floor":3.0,"turns":4.0},{"damage":0.0,"enemies":"2 Louse","floor":4.0,"turns":6.0},{"damage":0.0,"enemies":"2 Fungi Beasts","floor":7.0,"turns":4.0},{"damage":6,"enemies":"Exordium Wildlife","floor":13,"turns":6},{"damage":21,"enemies":"Gremlin Nob","floor":14,"turns":5},{"damage":34,"enemies":"Hexaghost","floor":16,"turns":14}],"seed_played":"1975700251940674580","potions_obtained":[{"floor":7.0,"key":"Dexterity Potion"},{"floor":13,"key":"GamblersBrew"}],"is_trial":false,"path_per_floor":["M","?","M","M","$","R","M","R","T","R","?","?","M","E","R","B"],"character_chosen":"THE_SILENT","items_purchased":["Quick Slash"],"campfire_rested":1,"item_purchase_floors":[5],"current_hp_per_floor":[56,38,37,37,37,37,37,37,37,37,37,37,31,10,29,0],"gold":102,"neow_bonus":"RANDOM_COMMON_RELIC","is_prod":false,"is_daily":false,"chose_seed":false,"campfire_upgraded":3,"win_rate":0,"timestamp":1551615813,"path_taken":["M","?","M","M","$","R","M","R","T","R","?","?","M","E","R","BOSS"],"build_version":"2019-01-23","purchased_purges":1,"victory":false,"max_hp_per_floor":[66,66,66,66,66,66,66,66,66,66,66,66,66,66,66,66],"card_choices":[{"not_picked":["Sucker Punch","Dodge and Roll"],"picked":"PiercingWail","floor":1.0},{"not_picked":["Acrobatics","Outmaneuver"],"picked":"Well Laid Plans","floor":3.0},{"not_picked":["Sucker Punch","Endless Agony"],"picked":"Dash","floor":4.0},{"not_picked":["Flechettes","Skewer"],"picked":"Cloak And Dagger","floor":7.0},{"not_picked":["Choke","PiercingWail"],"picked":"Tactician","floor":13},{"not_picked":["Setup","Slice","Quick Slash"],"picked":"SKIP","floor":14},{"not_picked":["Reflex","Dagger Throw"],"picked":"Backflip","floor":15}],"player_experience":930235,"relics_obtained":[{"floor":9.0,"key":"Dream Catcher"},{"floor":9.0,"key":"Bottled Tornado"},{"floor":14,"key":"Dodecahedron"}],"event_choices":[{"damage_healed":0.0,"max_hp_gain":0.0,"max_hp_loss":0.0,"gold_gain":0.0,"event_name":"Scrap Ooze","player_choice":"Success","floor":2.0,"gold_loss":0.0,"damage_taken":18.0,"relics_obtained":["Matryoshka"]},{"damage_healed":0,"gold_gain":0,"player_choice":"Searched \u00270\u0027 times","damage_taken":0,"max_hp_gain":0,"max_hp_loss":0,"event_name":"Dead Adventurer","floor":11,"gold_loss":0},{"damage_healed":0,"gold_gain":0,"player_choice":"Ignored","damage_taken":0,"max_hp_gain":0,"max_hp_loss":0,"event_name":"Liars Game","floor":12,"gold_loss":0}],"is_beta":false,"boss_relics":[],"items_purged_floors":[5],"is_endless":false,"potions_floor_spawned":[7,13],"killed_by":"Hexaghost","ascension_level":20}