{"gold_per_floor":[11,11,186,200,6,6,21,84,108,108,58,58,58,82,82,82],"floor_reached":16,"playtime":686,"items_purged":[],"score":101,"play_id":"37298b84-022b-49b7-8c5f-b8e05eb49786","local_time":"20190729160509","is_ascension_mode":true,"campfire_choices":[{"data":"Grand Finale","floor":6,"key":"SMITH"},{"floor":10,"key":"RECALL"},{"floor":13,"key":"REST"},{"data":"Terror","floor":15,"key":"SMITH"}],"neow_cost":"NO_GOLD","seed_source_timestamp":1546663527555175,"circlet_count":0,"master_deck":["Strike_G","Strike_G","Strike_G","Strike_G","Strike_G","Defend_G","Defend_G","Defend_G","Defend_G","Defend_G","Survivor","Neutralize","Terror+1","Grand Finale+1","Well Laid Plans"],"relics":["Ring of the Snake","Dead Branch","Golden Idol","Toxic Egg 2"],"potions_floor_usage":[14],"damage_taken":[{"damage":0,"enemies":"Cultist","floor":1,"turns":5},{"damage":3,"enemies":"2 Louse","floor":4,"turns":3},{"damage":7,"enemies":"Small Slimes","floor":7,"turns":3},{"damage":7,"enemies":"3 Sentries","floor":8,"turns":3},{"damage":6,"enemies":"Exordium Thugs","floor":14,"turns":5},{"damage":86,"enemies":"The Guardian","floor":16,"turns":20}],"seed_played":"-4818959223332312466","potions_obtained":[{"floor":4,"key":"Swift Potion"}],"is_trial":false,"path_per_floor":["M","?","?","M","$","R","M","?","T","R","?","?","R","M","R","B"],"character_chosen":"THE_SILENT","items_purchased":["Grand Finale","Well Laid Plans"],"campfire_rested":1,"item_purchase_floors":[5,5],"current_hp_per_floor":[70,70,70,67,67,67,60,53,53,53,53,46,67,61,61,0],"gold":82,"neow_bonus":"ONE_RARE_RELIC","is_prod":false,"is_daily":false,"chose_seed":false,"campfire_upgraded":2,"win_rate":0,"timestamp":1564430709,"path_taken":["M","?","?","M","$","R","M","?","T","R","?","?","R","?","R","BOSS"],"build_version":"2019-07-17","purchased_purges":0,"victory":false,"max_hp_per_floor":[70,70,70,70,70,70,70,70,70,70,70,70,70,70,70,70],"card_choices":[{"not_picked":["Outmaneuver","Dagger Spray"],"picked":"Terror","floor":1},{"not_picked":["Riddle With Holes","Well Laid Plans","Expertise"],"picked":"SKIP","floor":4},{"not_picked":["Poisoned Stab","Wraith Form v2","Flying Knee"],"picked":"SKIP","floor":7},{"not_picked":["Quick Slash","Distraction+1","Dodge and Roll+1"],"picked":"SKIP","floor":14}],"player_experience":203795,"relics_obtained":[{"floor":8,"key":"Toxic Egg 2"}],"event_choices":[{"damage_healed":0,"gold_gain":0,"player_choice":"Take Wound","damage_taken":0,"relics_obtained":["Golden Idol"],"max_hp_gain":0,"max_hp_loss":0,"event_name":"Golden Idol","floor":2,"gold_loss":0,"cards_obtained":["Injury"]},{"damage_healed":0,"gold_gain":175,"player_choice":"AGREE","damage_taken":0,"max_hp_gain":0,"max_hp_loss":0,"event_name":"Liars Game","floor":3,"gold_loss":0,"cards_obtained":["Doubt"]},{"damage_healed":0,"gold_gain":30,"player_choice":"Searched \u00272\u0027 times","damage_taken":0,"max_hp_gain":0,"max_hp_loss":0,"event_name":"Dead Adventurer","floor":8,"gold_loss":0},{"cards_removed":["Doubt"],"damage_healed":0,"gold_gain":0,"player_choice":"Card Removal","damage_taken":0,"max_hp_gain":0,"max_hp_loss":0,"event_name":"The Cleric","floor":11,"gold_loss":50},{"cards_removed":["Injury"],"damage_healed":0,"gold_gain":0,"player_choice":"Card Removal","damage_taken":7,"max_hp_gain":0,"max_hp_loss":0,"event_name":"Golden Wing","floor":12,"gold_loss":0}],"is_beta":false,"boss_relics":[],"items_purged_floors":[],"is_endless":false,"potions_floor_spawned":[4],"killed_by":"The Guardian","ascension_level":3}