{"path_per_floor":["M","?","?","M","$","E","R","E","T","R","M","R","M","M","R","B",null,"M","M","$","?","M","R","E","R","T","R"],"character_chosen":"IRONCLAD","items_purchased":["Bottled Lightning"],"gold_per_floor":[114,114,114,133,133,167,167,201,201,201,221,221,235,249,249,350,350,362,379,138,138,154,154,188,188,188,188],"floor_reached":28,"campfire_rested":2,"playtime":1364,"current_hp_per_floor":[78,71,71,77,77,80,80,63,63,63,58,58,48,50,50,21,65,58,51,51,35,25,25,12,36,36,60],"items_purged":[],"gold":188,"score":366,"play_id":"2c7d92e5-c2c7-4a67-ad1e-38b4e62ee1db","is_prod":false,"is_daily":false,"is_ascension_mode":true,"campfire_upgraded":5,"path_taken":["M","?","?","M","$","E","R","E","T","R","?","R","M","M","R","BOSS","M","M","$","?","M","R","E","R","T","R","E"],"build_version":"2018-02-12-PROD1","purchased_purges":0,"victory":false,"master_deck":["Strike_R","Strike_R","Strike_R","Defend_R","Defend_R","Bash+1","Rampage+1","Brutality+1","Inflame+1","Battle Trance+1","Limit Break+1","Exhume+1","Headbutt+1","Disarm+1","Rupture","Rupture+1"],"max_hp_per_floor":[80,80,80,80,80,80,80,80,80,80,80,80,80,80,80,80,80,80,80,80,80,80,80,80,80,80,80],"relics":["Burning Blood","NeowsBlessing","Self Forming Clay","Torii","Red Skull","Astrolabe","Bottled Lightning","Enchiridion","Frozen Egg 2","Unceasing Top"],"card_choices":[{"not_picked":["Perfected Strike","Wild Strike"],"picked":"Rampage"},{"not_picked":["Body Slam","Heavy Blade"],"picked":"Brutality"},{"not_picked":["Ghostly Armor","Intimidate"],"picked":"Inflame"},{"not_picked":["Pommel Strike","Iron Wave"],"picked":"Battle Trance"},{"not_picked":["Reaper","Double Tap"],"picked":"Limit Break"},{"not_picked":["True Grit","Pommel Strike"],"picked":"Rupture"},{"not_picked":["Dual Wield","Clash"],"picked":"Rupture"}],"player_experience":291801,"potions_floor_usage":[28],"damage_taken":[{"damage":0.0,"enemies":"2 Louse","floor":1.0,"turns":1.0},{"damage":0.0,"enemies":"Small Slimes","floor":4.0,"turns":1.0},{"damage":0.0,"enemies":"Lagavulin","floor":6.0,"turns":1.0},{"damage":23.0,"enemies":"3 Sentries","floor":8.0,"turns":9.0},{"damage":11.0,"enemies":"Blue Slaver","floor":11.0,"turns":4.0},{"damage":16.0,"enemies":"Gremlin Gang","floor":13.0,"turns":5.0},{"damage":4.0,"enemies":"Large Slime","floor":14.0,"turns":5.0},{"damage":35.0,"enemies":"Hexaghost","floor":16.0,"turns":7.0},{"damage":13.0,"enemies":"Shell Parasite","floor":18.0,"turns":5.0},{"damage":13,"enemies":"Spheric Guardian","floor":19,"turns":3},{"damage":16,"enemies":"Centurion and Healer","floor":22,"turns":4},{"damage":19,"enemies":"Book of Stabbing","floor":24,"turns":5},{"damage":60,"enemies":"Slavers","floor":28,"turns":5}],"event_choices":[{"event_name":"Golden Wing","player_choice":"Card Removal","floor":2.0,"damage_taken":0.0},{"event_name":"Upgrade Shrine","player_choice":"Upgraded","floor":3.0,"damage_taken":0.0},{"event_name":"Cursed Tome","player_choice":"Obtained Book","floor":21,"damage_taken":0}],"boss_relics":[],"potions_floor_spawned":[11,13,16,22],"seed_played":"-7963028207979954290","killed_by":"Slavers","ascension_level":7,"is_trial":false}