{"path_per_floor":["M","?","?","M","?","R","E","M","T","M","T","?","$","?","R"],"character_chosen":"DEFECT","items_purchased":[],"gold_per_floor":[12,87,87,104,104,104,139,149,149,169,169,169,94,94,94,94],"floor_reached":16,"campfire_rested":0,"playtime":305,"item_purchase_floors":[],"current_hp_per_floor":[75,64,64,64,49,49,18,18,18,14,14,14,14,14,14,0],"items_purged":["Defend_B"],"gold":94,"score":103,"play_id":"595410d0-41ac-437a-a3a8-360b2366f866","local_time":"20180616120453","is_prod":false,"is_daily":false,"chose_seed":false,"is_ascension_mode":true,"campfire_upgraded":2,"win_rate":0,"timestamp":1529143493,"campfire_choices":[{"data":"Zap","floor":6.0,"key":"SMITH"},{"data":"Sunder","floor":15,"key":"SMITH"}],"path_taken":["M","?","?","M","?","R","E","?","T","M","?","?","?","?","R","BOSS"],"build_version":"2018-06-14v2","seed_source_timestamp":57509617660300,"purchased_purges":1,"victory":false,"master_deck":["Strike_B","Strike_B","Defend_B","Defend_B","Defend_B","Zap+1","Dualcast","Streamline+1","Blizzard+1","Sunder+1","Compile Driver","Redo+1","Cold Snap"],"max_hp_per_floor":[75,75,75,75,75,75,75,75,75,75,75,75,75,75,75,75],"special_seed":0,"relics":["Cracked Core","Oddly Smooth Stone","Kunai","Dodecahedron"],"card_choices":[{"not_picked":["Turbo","Redo"],"picked":"Sunder","floor":1.0},{"not_picked":["Sweeping Beam","Force Field"],"picked":"Compile Driver","floor":4.0},{"not_picked":["Reprogram","Ball Lightning"],"picked":"Redo","floor":7.0},{"not_picked":["Steam","Double Energy"],"picked":"Cold Snap","floor":8},{"not_picked":["Redo","Sweeping Beam","Compile Driver"],"picked":"SKIP","floor":10}],"player_experience":722995,"potions_floor_usage":[],"damage_taken":[{"damage":0.0,"enemies":"Small Slimes","floor":1.0,"turns":4.0},{"damage":0.0,"enemies":"2 Louse","floor":4.0,"turns":1.0},{"damage":31.0,"enemies":"Lagavulin","floor":7.0,"turns":5.0},{"damage":0,"enemies":"Cultist","floor":8,"turns":2},{"damage":4,"enemies":"Looter","floor":10,"turns":2},{"damage":16,"enemies":"The Guardian","floor":16,"turns":7}],"relics_obtained":[{"floor":7.0,"key":"Oddly Smooth Stone"},{"floor":9,"key":"Kunai"},{"floor":11,"key":"Dodecahedron"}],"event_choices":[{"event_name":"World of Goop","player_choice":"Gather Gold","floor":2.0,"damage_taken":0.0},{"event_name":"The Woman in Blue","player_choice":"Bought 0 Potions","floor":3.0,"damage_taken":0.0},{"event_name":"Shining Light","player_choice":"Entered Light","floor":5.0,"damage_taken":0.0},{"event_name":"Living Wall","player_choice":"Grow","floor":12,"damage_taken":0},{"event_name":"Golden Idol","player_choice":"Ignored","floor":14,"damage_taken":0}],"boss_relics":[],"items_purged_floors":[13],"is_endless":true,"potions_floor_spawned":[4,10],"seed_played":"9034498976837966909","killed_by":"The Guardian","ascension_level":1,"potions_obtained":[{"floor":4.0,"key":"Poison Potion"},{"floor":10,"key":"SpeedPotion"}],"is_trial":false}