{"gold_per_floor":[118,136,155,4,4,38,38,51,51,63,63,77,77,110,110,203,203,186,186,186],"floor_reached":20,"playtime":823,"items_purged":["Strike_G"],"score":468,"play_id":"d5a6f2db-1769-4b0e-b691-cd65a24f774b","local_time":"20190728134258","is_ascension_mode":true,"campfire_choices":[{"floor":7.0,"key":"REST"},{"floor":11.0,"key":"REST"},{"data":"Footwork","floor":15.0,"key":"SMITH"}],"neow_cost":"NONE","seed_source_timestamp":549959371942366,"circlet_count":0,"master_deck":["AscendersBane","Strike_G","Strike_G","Strike_G","Strike_G","Defend_G","Defend_G","Defend_G","Defend_G","Defend_G","Survivor","Neutralize+1","Flying Knee","Dagger Spray","Dash","Well Laid Plans+1","Deflect","Choke","Slice","Footwork+1","Unload","Blur"],"special_seed":0,"relics":["Ring of the Snake","NeowsBlessing","Bottled Tornado","Paper Crane","Golden Idol","Girya","Philosopher\u0027s Stone","Sundial"],"potions_floor_usage":[],"damage_taken":[{"damage":0.0,"enemies":"Cultist","floor":1.0,"turns":1.0},{"damage":0.0,"enemies":"2 Louse","floor":2.0,"turns":1.0},{"damage":0.0,"enemies":"Small Slimes","floor":3.0,"turns":1.0},{"damage":35.0,"enemies":"Lagavulin","floor":6.0,"turns":8.0},{"damage":7.0,"enemies":"Red Slaver","floor":8.0,"turns":5.0},{"damage":2.0,"enemies":"Looter","floor":10.0,"turns":3.0},{"damage":8.0,"enemies":"Large Slime","floor":12.0,"turns":4.0},{"damage":8.0,"enemies":"Gremlin Nob","floor":14.0,"turns":4.0},{"damage":0.0,"enemies":"The Guardian","floor":16.0,"turns":15.0},{"damage":14,"enemies":"2 Thieves","floor":18,"turns":4},{"damage":37,"enemies":"3 Byrds","floor":20,"turns":4}],"seed_played":"6922726038579680289","potions_obtained":[{"floor":3.0,"key":"Poison Potion"},{"floor":10.0,"key":"SkillPotion"},{"floor":16.0,"key":"Strength Potion"},{"floor":18,"key":"Strength Potion"}],"is_trial":false,"path_per_floor":["M","M","M","$","?","E","R","M","T","M","R","M","?","E","R","B",null,"M","?","M"],"character_chosen":"THE_SILENT","items_purchased":["Well Laid Plans"],"campfire_rested":2,"item_purchase_floors":[4],"current_hp_per_floor":[59,59,59,59,39,4,23,16,16,14,33,25,25,17,17,17,49,35,35,0],"gold":186,"neow_bonus":"THREE_ENEMY_KILL","is_prod":false,"is_daily":false,"chose_seed":false,"campfire_upgraded":1,"win_rate":0,"timestamp":1564288978,"path_taken":["M","?","M","$","?","E","R","M","T","M","R","M","?","E","R","BOSS","BOSS","M","?","?"],"build_version":"2019-07-17","purchased_purges":1,"victory":false,"max_hp_per_floor":[66,66,66,66,66,66,66,66,66,66,66,66,60,60,60,60,60,60,60,60],"card_choices":[{"not_picked":["Blade Dance","Sucker Punch"],"picked":"Flying Knee","floor":1.0},{"not_picked":["Outmaneuver","Slice"],"picked":"Dagger Spray","floor":2.0},{"not_picked":["Deflect","Slice"],"picked":"Dash","floor":3.0},{"not_picked":["Heel Hook","Slice"],"picked":"Deflect","floor":6.0},{"not_picked":["Wraith Form v2","Setup"],"picked":"Choke","floor":8.0},{"not_picked":["Crippling Poison","PiercingWail"],"picked":"Slice","floor":10.0},{"not_picked":["Quick Slash","Accuracy","Deadly Poison"],"picked":"SKIP","floor":12.0},{"not_picked":["Backflip","Terror"],"picked":"Footwork","floor":14.0},{"not_picked":["Burst","Storm of Steel"],"picked":"Unload","floor":16.0},{"not_picked":["Deflect+1","PiercingWail"],"picked":"Blur","floor":18}],"player_experience":1038800,"relics_obtained":[{"floor":6.0,"key":"Bottled Tornado"},{"floor":9.0,"key":"Paper Crane"},{"floor":14.0,"key":"Girya"},{"floor":19,"key":"Sundial"}],"event_choices":[{"damage_healed":0.0,"max_hp_gain":0.0,"max_hp_loss":0.0,"gold_gain":0.0,"event_name":"Shining Light","player_choice":"Entered Light","floor":5.0,"gold_loss":0.0,"damage_taken":20.0,"cards_upgraded":["Neutralize","Well Laid Plans"]},{"damage_healed":0.0,"max_hp_gain":0.0,"max_hp_loss":6.0,"gold_gain":0.0,"event_name":"Golden Idol","player_choice":"Lose Max HP","floor":13.0,"gold_loss":0.0,"damage_taken":0.0,"relics_obtained":["Golden Idol"]},{"damage_healed":0,"gold_gain":0,"player_choice":"Relic","damage_taken":0,"max_hp_gain":0,"max_hp_loss":0,"event_name":"Wheel of Change","floor":19,"gold_loss":0}],"is_beta":false,"boss_relics":[{"not_picked":["Busted Crown","Calling Bell"],"picked":"Philosopher\u0027s Stone"}],"items_purged_floors":[4],"is_endless":false,"potions_floor_spawned":[3,10,16,18],"killed_by":"3 Byrds","ascension_level":20}