{"path_per_floor":["M","?","?","?","$","E","R","E","T","M","M","R","M","M","R","B",null,"M","$","M","M","M","R","M","R","T","E","R","M","M","$","R","B",null,"M","?","?"],"character_chosen":"DEFECT","items_purchased":["Cold Snap","Coolheaded","Defragment+1","Blizzard"],"gold_per_floor":[117,117,67,67,17,44,44,69,94,110,122,122,137,155,155,253,253,270,147,166,184,202,202,217,217,298,330,330,344,356,139,139,238,238,250,250,305,305],"floor_reached":38,"campfire_rested":3,"playtime":2177,"item_purchase_floors":[],"current_hp_per_floor":[66,59,59,56,56,29,29,30,30,30,29,29,24,25,66,57,80,76,76,76,67,53,53,30,73,73,53,96,85,76,76,76,76,94,76,63,40,0],"items_purged":["Defend_B","Defend_B"],"gold":305,"score":709,"play_id":"eaf2eb76-a0ec-44f9-b949-6efa4ec1d2d5","local_time":"20180522235914","is_prod":false,"is_daily":false,"chose_seed":false,"is_ascension_mode":true,"campfire_upgraded":4,"timestamp":1527026354,"campfire_choices":[{"data":"Zap","floor":7.0,"key":"SMITH"},{"data":"Dualcast","floor":12.0,"key":"SMITH"},{"floor":15.0,"key":"REST"},{"data":"Coolheaded","floor":23,"key":"SMITH"},{"floor":25,"key":"REST"},{"floor":28,"key":"REST"},{"data":"Blizzard","floor":32,"key":"SMITH"}],"path_taken":["M","?","?","?","$","E","R","E","T","?","M","R","M","M","R","BOSS","M","$","M","M","M","R","M","R","T","E","R","M","M","$","R","BOSS","M","?","?","M"],"build_version":"2018-05-21v2","seed_source_timestamp":275668629808084,"purchased_purges":2,"victory":false,"master_deck":["Defend_B","Zap+1","Dualcast+1","AscendersBane","Rebound","Cold Snap","Glacier","Capacitor+1","Ball Lightning","Creative AI+1","Recycle+1","Rainbow+1","Reinforced Body+1","Coolheaded+1","BootSequence","Hologram+1","Defragment+1","Blizzard+1","Reboot","Madness","Madness","Skim+1"],"max_hp_per_floor":[75,75,75,75,75,77,77,86,86,86,86,86,86,88,88,88,88,90,90,90,90,92,92,94,94,94,96,96,98,100,100,100,100,100,102,102,102,102],"relics":["Cracked Core","Orichalcum","Singing Bowl","Frozen Egg 2","Strawberry","Regal Pillow","Astrolabe","Gremlin Horn","Happy Flower","Inserter","Turnip"],"card_choices":[{"not_picked":["Capacitor","Axe Kick"],"picked":"Rebound","floor":1.0},{"not_picked":["Steam","Doom and Gloom","Barrage"],"picked":"Singing Bowl","floor":6.0},{"not_picked":["Scrape","Force Field","Hologram"],"picked":"Singing Bowl","floor":8.0},{"not_picked":["Defragment+1","Streamline"],"picked":"Glacier","floor":10.0},{"not_picked":["Sweeping Beam","Go for the Eyes"],"picked":"Capacitor+1","floor":11.0},{"not_picked":["Steam","Aggregate"],"picked":"Ball Lightning","floor":13.0},{"not_picked":["Biased Cognition+1","Cold Snap","Chaos"],"picked":"Singing Bowl","floor":14.0},{"not_picked":["Biased Cognition+1","Amplify"],"picked":"Creative AI+1","floor":16.0},{"not_picked":["Go for the Eyes","Darkness+1","Recycle"],"picked":"Singing Bowl","floor":18.0},{"not_picked":["Auto Shields","Barrage"],"picked":"BootSequence","floor":20.0},{"not_picked":["Steam Power","Steam"],"picked":"Hologram+1","floor":21.0},{"not_picked":["Scrape","Axe Kick","Aggregate"],"picked":"Singing Bowl","floor":22},{"not_picked":["Capacitor+1","Hologram","Hello World+1"],"picked":"Singing Bowl","floor":24},{"not_picked":["Redo","Amplify","Leap"],"picked":"Singing Bowl","floor":27},{"not_picked":["Skim","Beam Cell","Tempest"],"picked":"Singing Bowl","floor":29},{"not_picked":["Rebound","Glacier","Doom and Gloom+1"],"picked":"Singing Bowl","floor":30},{"not_picked":["Biased Cognition+1","Multi-Cast"],"picked":"Reboot","floor":33},{"not_picked":["BootSequence+1","Sweeping Beam","Rebound"],"picked":"Singing Bowl","floor":35},{"not_picked":["Steam+1","Conserve Battery"],"picked":"Skim+1","floor":37}],"player_experience":704927,"potions_floor_usage":[22,24,24,33,33,37],"damage_taken":[{"damage":2.0,"enemies":"2 Louse","floor":1.0,"turns":2.0},{"damage":29.0,"enemies":"Gremlin Nob","floor":6.0,"turns":5.0},{"damage":23.0,"enemies":"Lagavulin","floor":8.0,"turns":6.0},{"damage":0.0,"enemies":"Jaw Worm","floor":10.0,"turns":3.0},{"damage":1.0,"enemies":"Small Slimes","floor":11.0,"turns":3.0},{"damage":5.0,"enemies":"3 Louse","floor":13.0,"turns":4.0},{"damage":1.0,"enemies":"Exordium Wildlife","floor":14.0,"turns":5.0},{"damage":9.0,"enemies":"The Guardian","floor":16.0,"turns":12.0},{"damage":6.0,"enemies":"Shell Parasite","floor":18.0,"turns":5.0},{"damage":0.0,"enemies":"Chosen","floor":20.0,"turns":5.0},{"damage":9.0,"enemies":"Sentry and Sphere","floor":21.0,"turns":12.0},{"damage":16,"enemies":"Snake Plant","floor":22,"turns":6},{"damage":25,"enemies":"3 Cultists","floor":24,"turns":5},{"damage":22,"enemies":"Book of Stabbing","floor":27,"turns":10},{"damage":13,"enemies":"Sentry and Sphere","floor":29,"turns":6},{"damage":11,"enemies":"Snake Plant","floor":30,"turns":6},{"damage":0,"enemies":"Automaton","floor":33,"turns":12},{"damage":20,"enemies":"3 Darklings","floor":35,"turns":6},{"damage":23,"enemies":"Mysterious Sphere","floor":37,"turns":6},{"damage":54,"enemies":"3 Shapes","floor":38,"turns":3}],"relics_obtained":[{"floor":6.0,"key":"Frozen Egg 2"},{"floor":8.0,"key":"Strawberry"},{"floor":9.0,"key":"Regal Pillow"},{"floor":26,"key":"Gremlin Horn"},{"floor":27,"key":"Happy Flower"},{"floor":37,"key":"Turnip"}],"event_choices":[{"event_name":"Golden Wing","player_choice":"Card Removal","floor":2.0,"damage_taken":0.0},{"event_name":"The Cleric","player_choice":"Card Removal","floor":3.0,"damage_taken":0.0},{"event_name":"Scrap Ooze","player_choice":"success","floor":4.0,"damage_taken":3.0},{"event_name":"Winding Halls","player_choice":"Embrace Madness","floor":36,"damage_taken":0},{"event_name":"Mysterious Sphere","player_choice":"Fight","floor":37,"damage_taken":0}],"boss_relics":[{"not_picked":["Black Star","Philosopher\u0027s Stone"],"picked":"Inserter"}],"items_purged_floors":[],"potions_floor_spawned":[6,11,14,16,18,22,27,29,30,37],"seed_played":"3573643763663768434","killed_by":"3 Shapes","ascension_level":10,"potions_obtained":[{"floor":6.0,"key":"Regen Potion"},{"floor":11.0,"key":"SteroidPotion"},{"floor":14.0,"key":"Fire Potion"},{"floor":16.0,"key":"AttackPotion"},{"floor":18.0,"key":"PowerPotion"},{"floor":22,"key":"SteroidPotion"},{"floor":27,"key":"Fire Potion"},{"floor":29,"key":"AttackPotion"},{"floor":30,"key":"PowerPotion"},{"floor":37,"key":"Swift Potion"}],"is_trial":false}