{"gold_per_floor":[113,38,38,55,55,55,86,86,86,86,99,99,119,152,152,226,226,177,177,188,188,188,188,222,41,41,55,69,69],"floor_reached":29,"playtime":1156,"items_purged":[],"score":552,"play_id":"e4048dca-d55a-4de9-b00f-c5c6bfd4cc64","local_time":"20190228004203","is_ascension_mode":true,"campfire_choices":[{"data":"Bash","floor":6.0,"key":"SMITH"},{"data":"Rage","floor":8.0,"key":"SMITH"},{"data":"Metallicize","floor":15.0,"key":"SMITH"},{"data":"Body Slam","floor":23.0,"key":"SMITH"}],"neow_cost":"NONE","seed_source_timestamp":7203867487544,"circlet_count":0,"master_deck":["AscendersBane","Defend_R","Defend_R","Bash+1","Dropkick","Rage+1","Ghostly Armor","Iron Wave","Metallicize+1","Metallicize","Barricade","Body Slam+1","Shrug It Off","Rampage","Evolve","Entrench+1"],"special_seed":0,"relics":["Burning Blood","NeowsBlessing","Juzu Bracelet","Self Forming Clay","Gambling Chip","Singing Bowl","Empty Cage","Art of War","Tiny Chest","The Courier"],"potions_floor_usage":[29,29,29,29],"damage_taken":[{"damage":0.0,"enemies":"Jaw Worm","floor":1.0,"turns":1.0},{"damage":0.0,"enemies":"2 Louse","floor":4.0,"turns":1.0},{"damage":0.0,"enemies":"3 Sentries","floor":7.0,"turns":1.0},{"damage":0.0,"enemies":"Small Slimes","floor":11.0,"turns":4.0},{"damage":0.0,"enemies":"2 Fungi Beasts","floor":13.0,"turns":3.0},{"damage":6.0,"enemies":"Lagavulin","floor":14.0,"turns":10.0},{"damage":19.0,"enemies":"The Guardian","floor":16.0,"turns":17.0},{"damage":29.0,"enemies":"2 Thieves","floor":18.0,"turns":5.0},{"damage":17.0,"enemies":"Shell Parasite","floor":20.0,"turns":12.0},{"damage":37,"enemies":"Book of Stabbing","floor":24,"turns":7},{"damage":6,"enemies":"Cultist and Chosen","floor":27,"turns":7},{"damage":7,"enemies":"Snake Plant","floor":28,"turns":5},{"damage":37,"enemies":"3 Cultists","floor":29,"turns":6}],"seed_played":"4775578842210687855","potions_obtained":[{"floor":1.0,"key":"Explosive Potion"},{"floor":14.0,"key":"EntropicBrew"},{"floor":16.0,"key":"FearPotion"},{"floor":24,"key":"Dexterity Potion"}],"is_trial":false,"path_per_floor":["M","?","$","M","?","R","E","R","T","?","M","?","M","E","R","B",null,"M","?","M","?","$","R","E","$","T","M","M","M"],"character_chosen":"IRONCLAD","items_purchased":["Tiny Chest","Evolve"],"campfire_rested":0,"item_purchase_floors":[25,25],"current_hp_per_floor":[74,74,74,75,75,75,75,75,75,57,63,63,69,71,71,58,72,51,51,40,40,40,40,11,11,11,13,12,0],"gold":69,"neow_bonus":"THREE_ENEMY_KILL","is_prod":false,"is_daily":false,"chose_seed":false,"campfire_upgraded":4,"win_rate":0,"timestamp":1551310923,"path_taken":["M","?","$","M","?","R","E","R","T","?","M","?","M","E","R","BOSS","M","?","M","?","$","R","E","$","T","M","M","M"],"build_version":"2019-01-23","purchased_purges":0,"victory":false,"max_hp_per_floor":[75,75,75,75,75,75,75,75,75,75,75,75,75,77,77,77,77,79,79,79,79,79,79,81,81,81,83,83,83],"card_choices":[{"not_picked":["Combust","Perfected Strike"],"picked":"Dropkick","floor":1.0},{"not_picked":["Pommel Strike","Clothesline"],"picked":"Rage","floor":4.0},{"not_picked":["Warcry","Fire Breathing"],"picked":"Ghostly Armor","floor":7.0},{"not_picked":["Perfected Strike","Metallicize"],"picked":"Iron Wave","floor":11.0},{"not_picked":["Ghostly Armor","Flex"],"picked":"Metallicize","floor":13.0},{"not_picked":["Uppercut","Perfected Strike","Warcry"],"picked":"Singing Bowl","floor":14.0},{"not_picked":["Immolate","Demon Form"],"picked":"Barricade","floor":16.0},{"not_picked":["Perfected Strike","Anger","Armaments"],"picked":"Singing Bowl","floor":18.0},{"not_picked":["Iron Wave","Armaments"],"picked":"Body Slam","floor":20.0},{"not_picked":["Sentinel","Havoc+1","Ghostly Armor"],"picked":"Singing Bowl","floor":24},{"not_picked":["Heavy Blade","Combust+1","Burning Pact"],"picked":"Singing Bowl","floor":27},{"not_picked":["Anger","Heavy Blade"],"picked":"Entrench+1","floor":28}],"player_experience":913400,"relics_obtained":[{"floor":7.0,"key":"Juzu Bracelet"},{"floor":9.0,"key":"Self Forming Clay"},{"floor":14.0,"key":"Singing Bowl"},{"floor":24,"key":"Art of War"},{"floor":26,"key":"The Courier"}],"event_choices":[{"cards_removed":["Strike_R"],"damage_healed":0.0,"max_hp_gain":0.0,"max_hp_loss":0.0,"gold_gain":0.0,"event_name":"The Cleric","player_choice":"Card Removal","floor":2.0,"gold_loss":75.0,"damage_taken":0.0},{"cards_removed":["Strike_R"],"damage_healed":0.0,"max_hp_gain":0.0,"max_hp_loss":0.0,"gold_gain":0.0,"event_name":"Living Wall","player_choice":"Forget","floor":5.0,"gold_loss":0.0,"damage_taken":0.0},{"damage_healed":0.0,"max_hp_gain":0.0,"max_hp_loss":0.0,"gold_gain":0.0,"event_name":"Scrap Ooze","player_choice":"Success","floor":10.0,"gold_loss":0.0,"damage_taken":18.0,"relics_obtained":["Gambling Chip"]},{"damage_healed":0.0,"max_hp_gain":0.0,"max_hp_loss":0.0,"gold_gain":0.0,"cards_transformed":["Strike_R"],"event_name":"Transmorgrifier","player_choice":"Transformed","floor":12.0,"gold_loss":0.0,"damage_taken":0.0,"cards_obtained":["Metallicize"]},{"damage_healed":0.0,"max_hp_gain":0.0,"max_hp_loss":0.0,"gold_gain":0.0,"event_name":"Cursed Tome","player_choice":"Ignored","floor":19.0,"gold_loss":0.0,"damage_taken":0.0},{"damage_healed":0.0,"max_hp_gain":0.0,"max_hp_loss":0.0,"gold_gain":0.0,"cards_transformed":["Strike_R","Defend_R"],"event_name":"Drug Dealer","player_choice":"Became Test Subject","floor":21.0,"gold_loss":0.0,"damage_taken":0.0,"cards_obtained":["Shrug It Off","Rampage"]}],"is_beta":false,"boss_relics":[{"not_picked":["Busted Crown","Fusion Hammer"],"picked":"Empty Cage"}],"items_purged_floors":[],"is_endless":false,"potions_floor_spawned":[1,14,16,24],"killed_by":"3 Cultists","ascension_level":20}