{"gold_per_floor":[114,114,133,151,40,40,53,53,53,53,70,89,109,137,137,233,233,249,236,268,72,84,102,102,23,46,61,61,61],"floor_reached":29,"playtime":884,"items_purged":[],"score":254,"play_id":"aab1a2e6-6248-4ade-994a-386a538f07dd","local_time":"20190715181033","is_ascension_mode":false,"campfire_choices":[{"data":"Dualcast","floor":6,"key":"SMITH"},{"data":"Chaos","floor":8,"key":"SMITH"},{"data":"Chaos","floor":10,"key":"SMITH"},{"data":"Rainbow","floor":15,"key":"SMITH"},{"data":"Chill","floor":24,"key":"SMITH"},{"data":"Defragment","floor":28,"key":"SMITH"}],"neow_cost":"NONE","seed_source_timestamp":366035953592192,"circlet_count":0,"master_deck":["Strike_B","Strike_B","Strike_B","Strike_B","Defend_B","Defend_B","Defend_B","Defend_B","Dualcast+1","Coolheaded","Chaos+1","Ball Lightning","BootSequence","Storm","Chaos+1","Sweeping Beam","Leap","Rainbow+1","Ball Lightning","Core Surge","Redo","Chill+1","Conserve Battery","Ball Lightning","Conserve Battery+1","Coolheaded+1","Self Repair","Defragment+1"],"relics":["Cracked Core","Pear","Smiling Mask","White Beast Statue","Red Mask","Strawberry","Dream Catcher"],"potions_floor_usage":[18,20,23,27,29,29,29],"damage_taken":[{"damage":2,"enemies":"Cultist","floor":1,"turns":5},{"damage":0,"enemies":"Small Slimes","floor":3,"turns":4},{"damage":6,"enemies":"Jaw Worm","floor":4,"turns":5},{"damage":0,"enemies":"2 Fungi Beasts","floor":7,"turns":4},{"damage":0,"enemies":"Blue Slaver","floor":11,"turns":3},{"damage":2,"enemies":"Gremlin Gang","floor":12,"turns":4},{"damage":1,"enemies":"Exordium Wildlife","floor":13,"turns":4},{"damage":4,"enemies":"Lagavulin","floor":14,"turns":5},{"damage":18,"enemies":"The Guardian","floor":16,"turns":10},{"damage":6,"enemies":"3 Byrds","floor":18,"turns":4},{"damage":12,"enemies":"2 Thieves","floor":19,"turns":4},{"damage":24,"enemies":"Masked Bandits","floor":20,"turns":5},{"damage":2,"enemies":"Centurion and Healer","floor":22,"turns":7},{"damage":1,"enemies":"Snake Plant","floor":23,"turns":3},{"damage":31,"enemies":"Cultist and Chosen","floor":27,"turns":8},{"damage":24,"enemies":"Gremlin Leader","floor":29,"turns":6}],"seed_played":"7766499390740826876","potions_obtained":[{"floor":7,"key":"Poison Potion"},{"floor":11,"key":"Fire Potion"},{"floor":12,"key":"Weak Potion"},{"floor":14,"key":"SpeedPotion"},{"floor":18,"key":"Strength Potion"},{"floor":19,"key":"Explosive Potion"},{"floor":20,"key":"FearPotion"},{"floor":23,"key":"Ancient Potion"},{"floor":27,"key":"EssenceOfSteel"}],"is_trial":false,"path_per_floor":["M","?","M","M","$","R","M","R","T","R","M","M","M","E","R","B",null,"M","M","?","$","M","M","R","$","T","M","R","E"],"character_chosen":"DEFECT","items_purchased":["BootSequence","Storm","Ball Lightning","Strawberry","Self Repair"],"campfire_rested":0,"item_purchase_floors":[5,5,21,21,25],"current_hp_per_floor":[73,75,75,69,69,69,69,69,79,79,79,77,76,72,72,54,85,79,67,43,50,48,47,47,47,47,23,23,0],"gold":61,"neow_bonus":"REMOVE_CARD","is_prod":false,"is_daily":false,"chose_seed":false,"campfire_upgraded":6,"win_rate":0.0,"timestamp":1563232233,"path_taken":["M","?","M","M","$","R","M","R","T","R","?","M","?","E","R","BOSS","M","M","?","$","M","M","R","$","T","M","R","E"],"build_version":"2019-07-05","purchased_purges":0,"victory":false,"max_hp_per_floor":[75,75,75,75,75,75,75,75,85,85,85,85,85,85,85,85,85,85,85,85,92,92,92,92,92,92,92,92,92],"card_choices":[{"not_picked":["Cold Snap","Leap"],"picked":"Coolheaded","floor":1},{"not_picked":["Hologram","Capacitor"],"picked":"Chaos","floor":3},{"not_picked":["Conserve Battery","Barrage"],"picked":"Ball Lightning","floor":4},{"not_picked":["Double Energy","Barrage"],"picked":"Chaos","floor":7},{"not_picked":["Gash","Recycle"],"picked":"Sweeping Beam","floor":11},{"not_picked":["Sweeping Beam","Streamline"],"picked":"Leap","floor":12},{"not_picked":["Ball Lightning","Beam Cell"],"picked":"Rainbow","floor":13},{"not_picked":["Auto Shields","Fusion"],"picked":"Ball Lightning","floor":14},{"not_picked":["Seek","Machine Learning"],"picked":"Core Surge","floor":16},{"not_picked":["Go for the Eyes","Consume+1"],"picked":"Redo","floor":18},{"not_picked":["Gash","Steam Power+1"],"picked":"Chill","floor":19},{"not_picked":["Ball Lightning","Gash"],"picked":"Conserve Battery","floor":20},{"not_picked":["Stack","Storm"],"picked":"Conserve Battery+1","floor":22},{"not_picked":["Glacier","Cold Snap"],"picked":"Coolheaded+1","floor":23},{"not_picked":["Reinforced Body","Compile Driver"],"picked":"Defragment","floor":27}],"player_experience":88065,"relics_obtained":[{"floor":9,"key":"Pear"},{"floor":14,"key":"Smiling Mask"},{"floor":20,"key":"Red Mask"},{"floor":26,"key":"Dream Catcher"}],"event_choices":[{"damage_healed":2,"gold_gain":0,"player_choice":"Full Heal","damage_taken":0,"max_hp_gain":0,"max_hp_loss":0,"event_name":"Wheel of Change","floor":2,"gold_loss":0},{"damage_healed":0,"gold_gain":0,"player_choice":"Fought Bandits","damage_taken":0,"max_hp_gain":0,"max_hp_loss":0,"event_name":"Masked Bandits","floor":20,"gold_loss":0}],"is_beta":false,"boss_relics":[{"not_picked":["Runic Pyramid","Snecko Eye"],"picked":"White Beast Statue"}],"items_purged_floors":[],"is_endless":false,"potions_floor_spawned":[7,11,12,14,18,19,20,22,23,27],"killed_by":"Gremlin Leader","ascension_level":0}