{"path_per_floor":["M","?","?","M","M","R","$","M","T","?","R","E","M","M","R"],"character_chosen":"THE_SILENT","items_purchased":["Regal Pillow"],"gold_per_floor":[112,187,157,169,183,183,26,42,42,42,42,72,85,103,103,103],"floor_reached":16,"campfire_rested":2,"playtime":537,"current_hp_per_floor":[48,37,37,36,36,36,36,29,29,22,56,38,28,29,64,0],"items_purged":[],"gold":103,"score":173,"play_id":"26a78fbe-7e4a-4b93-af55-46a9394d615b","local_time":"20180407183040","is_prod":false,"is_daily":false,"is_ascension_mode":true,"campfire_upgraded":1,"timestamp":1523118640,"path_taken":["M","?","?","M","M","R","$","M","T","?","R","E","M","M","R","BOSS"],"build_version":"2018-04-05v2","purchased_purges":0,"victory":false,"master_deck":["Defend_G","Defend_G","Defend_G","Defend_G","Defend_G","Strike_G","Strike_G","Strike_G","Strike_G","Survivor","Neutralize+1","AscendersBane","Backflip","Dagger Throw","Slice","Slice","Acrobatics","Acrobatics"],"max_hp_per_floor":[66,66,66,66,66,66,66,66,66,66,66,66,66,68,68,68],"relics":["Ring of the Snake","Happy Flower","Regal Pillow","The Specimen","Singing Bowl"],"card_choices":[{"not_picked":["Dodge and Roll","Underhanded Strike"],"picked":"Backflip","floor":1.0},{"not_picked":["Endless Agony","Bane"],"picked":"Dagger Throw","floor":4.0},{"not_picked":["Deflect","Bane"],"picked":"Slice","floor":5.0},{"not_picked":["Flying Knee","Accuracy"],"picked":"Slice","floor":8.0},{"not_picked":["Endless Agony","Poisoned Stab"],"picked":"Acrobatics","floor":12.0},{"not_picked":["Terror","Deadly Poison"],"picked":"Acrobatics","floor":13}],"player_experience":513764,"potions_floor_usage":[],"damage_taken":[{"damage":11.0,"enemies":"Small Slimes","floor":1.0,"turns":4.0},{"damage":1.0,"enemies":"2 Louse","floor":4.0,"turns":3.0},{"damage":0.0,"enemies":"Cultist","floor":5.0,"turns":3.0},{"damage":7.0,"enemies":"3 Louse","floor":8.0,"turns":3.0},{"damage":18.0,"enemies":"3 Sentries","floor":12.0,"turns":11.0},{"damage":10,"enemies":"Exordium Thugs","floor":13,"turns":5},{"damage":1,"enemies":"Blue Slaver","floor":14,"turns":3},{"damage":76,"enemies":"Slime Boss","floor":16,"turns":6}],"event_choices":[{"event_name":"World of Goop","player_choice":"Gather Gold","floor":2.0,"damage_taken":0.0},{"event_name":"The Woman in Blue","player_choice":"Bought 2 Potions","floor":3.0,"damage_taken":0.0},{"event_name":"Golden Wing","player_choice":"Card Removal","floor":10.0,"damage_taken":0.0}],"boss_relics":[],"potions_floor_spawned":[8,13],"seed_played":"-2520499338275459036","killed_by":"Slime Boss","ascension_level":14,"is_trial":false}