{"path_per_floor":["M","$","?","M","$","R","E","$","T","M","?","?","R","M","R"],"character_chosen":"THE_SILENT","items_purchased":["Slice"],"gold_per_floor":[114,39,39,49,49,49,83,35,58,71,101,101,101,120,120,120],"floor_reached":16,"campfire_rested":1,"playtime":480,"item_purchase_floors":[],"current_hp_per_floor":[57,57,50,50,50,50,11,11,11,10,10,10,29,22,22,0],"items_purged":["Strike_G"],"gold":120,"score":167,"play_id":"fc72e6c7-ca6e-4e31-b0a0-9ab666a34b10","local_time":"20180603233825","is_prod":false,"is_daily":false,"chose_seed":false,"is_ascension_mode":true,"campfire_upgraded":2,"win_rate":0,"timestamp":1528061905,"campfire_choices":[{"data":"Neutralize","floor":6.0,"key":"SMITH"},{"floor":13,"key":"REST"},{"data":"Tools of the Trade","floor":15,"key":"SMITH"}],"path_taken":["M","$","?","?","?","R","E","$","T","M","?","?","R","M","R","BOSS"],"build_version":"2018-05-31","seed_source_timestamp":271525700004762,"purchased_purges":1,"victory":false,"master_deck":["Defend_G","Defend_G","Defend_G","Defend_G","Defend_G","Strike_G","Strike_G","Strike_G","Survivor","Neutralize+1","AscendersBane","Dagger Throw","Cloak And Dagger","Tools of the Trade+1","Slice"],"max_hp_per_floor":[66,66,66,66,66,66,66,66,66,66,66,66,66,66,66,66],"relics":["Ring of the Snake","Bronze Scales","Smiling Mask","Bag of Preparation"],"card_choices":[{"not_picked":["Prepared","Bane"],"picked":"Dagger Throw","floor":1.0},{"not_picked":["Deadly Poison","Quick Slash"],"picked":"Cloak And Dagger","floor":4.0},{"not_picked":["Accuracy","Masterful Stab"],"picked":"Tools of the Trade","floor":7.0},{"not_picked":["Outmaneuver","Dagger Throw","Quick Slash"],"picked":"SKIP","floor":10.0},{"not_picked":["Dagger Throw","Dodge and Roll","Flying Knee"],"picked":"SKIP","floor":14}],"player_experience":541624,"potions_floor_usage":[],"damage_taken":[{"damage":2.0,"enemies":"Cultist","floor":1.0,"turns":4.0},{"damage":0.0,"enemies":"Small Slimes","floor":4.0,"turns":3.0},{"damage":39.0,"enemies":"Gremlin Nob","floor":7.0,"turns":6.0},{"damage":1.0,"enemies":"Jaw Worm","floor":10.0,"turns":4.0},{"damage":7,"enemies":"3 Louse","floor":14,"turns":3},{"damage":29,"enemies":"Hexaghost","floor":16,"turns":11}],"relics_obtained":[{"floor":7.0,"key":"Smiling Mask"},{"floor":9.0,"key":"Bag of Preparation"}],"event_choices":[{"event_name":"Golden Wing","player_choice":"Card Removal","floor":3.0,"damage_taken":0.0},{"event_name":"Dead Adventurer","player_choice":"Searched \u00271\u0027 times","floor":11,"damage_taken":0},{"event_name":"Golden Idol","player_choice":"Ignored","floor":12,"damage_taken":0}],"boss_relics":[],"items_purged_floors":[],"potions_floor_spawned":[4,10],"seed_played":"4548830585400880708","killed_by":"Hexaghost","ascension_level":14,"potions_obtained":[{"floor":4.0,"key":"Dexterity Potion"},{"floor":10.0,"key":"Poison Potion"}],"is_trial":false}