{"gold_per_floor":[115,40,40,54,54,54,64,94,118,43,43,78,78,96,96,173,173,190,110,35,85,99,99,117,117],"floor_reached":25,"playtime":1105,"items_purged":["Strike_R"],"score":387,"play_id":"d8b7ced9-41ff-40c9-ae69-d22cbfa05cbe","local_time":"20190727182103","is_ascension_mode":true,"campfire_choices":[{"data":"Uppercut","floor":6.0,"key":"SMITH"},{"floor":11.0,"key":"REST"},{"floor":15.0,"key":"REST"},{"floor":23.0,"key":"REST"}],"neow_cost":"NONE","seed_source_timestamp":858097279868228,"circlet_count":0,"master_deck":["AscendersBane","Defend_R","Defend_R","Defend_R","Bash","Uppercut+1","Armaments","Immolate","Uppercut","Shockwave","Shrug It Off","Limit Break","Entrench","Pommel Strike","Thunderclap","Double Tap","Spot Weakness","Corruption","Headbutt+1","Ghostly Armor","Disarm"],"special_seed":0,"relics":["Burning Blood","NeowsBlessing","Dream Catcher","Centennial Puzzle","Anchor","Art of War","Empty Cage"],"potions_floor_usage":[24,25],"damage_taken":[{"damage":0.0,"enemies":"Jaw Worm","floor":1.0,"turns":1.0},{"damage":0.0,"enemies":"Small Slimes","floor":4.0,"turns":1.0},{"damage":0.0,"enemies":"2 Louse","floor":7.0,"turns":1.0},{"damage":35.0,"enemies":"Lagavulin","floor":8.0,"turns":5.0},{"damage":15.0,"enemies":"3 Sentries","floor":12.0,"turns":6.0},{"damage":2.0,"enemies":"Red Slaver","floor":14.0,"turns":4.0},{"damage":50.0,"enemies":"The Guardian","floor":16.0,"turns":15.0},{"damage":33.0,"enemies":"2 Thieves","floor":18.0,"turns":4.0},{"damage":9.0,"enemies":"Spheric Guardian","floor":22.0,"turns":4.0},{"damage":3,"enemies":"Centurion and Healer","floor":24,"turns":3},{"damage":60,"enemies":"Book of Stabbing","floor":25,"turns":8}],"seed_played":"6004372454481374247","potions_obtained":[{"floor":7.0,"key":"SkillPotion"},{"floor":8.0,"key":"Poison Potion"},{"floor":12.0,"key":"Energy Potion"},{"floor":16.0,"key":"SteroidPotion"},{"floor":18.0,"key":"Fruit Juice"},{"floor":24,"key":"Energy Potion"}],"is_trial":false,"path_per_floor":["M","?","?","M","?","R","M","E","T","$","R","E","?","M","R","B",null,"M","$","?","?","M","R","M","E"],"character_chosen":"IRONCLAD","items_purchased":["Corruption"],"campfire_rested":3,"item_purchase_floors":[19],"current_hp_per_floor":[74,74,67,73,38,38,44,15,15,15,37,28,28,32,54,10,59,32,32,32,32,29,51,59,0],"gold":117,"neow_bonus":"THREE_ENEMY_KILL","is_prod":false,"is_daily":false,"chose_seed":false,"campfire_upgraded":1,"win_rate":0,"timestamp":1564276863,"path_taken":["M","?","?","M","?","R","?","E","T","$","R","E","?","?","R","BOSS","M","$","?","?","?","R","?","E"],"build_version":"2019-07-18","purchased_purges":1,"victory":false,"max_hp_per_floor":[75,75,75,75,75,75,75,75,75,75,75,75,75,75,75,75,75,75,75,75,75,75,75,80,80],"card_choices":[{"not_picked":["Perfected Strike","Blood for Blood"],"picked":"Uppercut","floor":1.0},{"not_picked":["Rage","Thunderclap"],"picked":"Armaments","floor":4.0},{"not_picked":["Warcry","Cleave"],"picked":"Immolate","floor":7.0},{"not_picked":["Infernal Blade","Warcry"],"picked":"Uppercut","floor":8.0},{"not_picked":["Uppercut","Infernal Blade"],"picked":"Shockwave","floor":11.0},{"not_picked":["True Grit","Wild Strike"],"picked":"Shrug It Off","floor":12.0},{"not_picked":["Armaments","Twin Strike"],"picked":"Pommel Strike","floor":14.0},{"not_picked":["True Grit","Evolve"],"picked":"Thunderclap","floor":15.0},{"not_picked":["Dark Embrace","Juggernaut"],"picked":"Double Tap","floor":16.0},{"not_picked":["Uppercut+1","Perfected Strike"],"picked":"Spot Weakness","floor":18.0},{"not_picked":["Reckless Charge","Intimidate"],"picked":"Headbutt+1","floor":22.0},{"not_picked":["Perfected Strike","Sentinel"],"picked":"Ghostly Armor","floor":23.0},{"not_picked":["Body Slam","Blood for Blood"],"picked":"Disarm","floor":24}],"player_experience":231650,"relics_obtained":[{"floor":8.0,"key":"Centennial Puzzle"},{"floor":9.0,"key":"Anchor"},{"floor":12.0,"key":"Art of War"}],"event_choices":[{"cards_removed":["Strike_R"],"damage_healed":0.0,"max_hp_gain":0.0,"max_hp_loss":0.0,"gold_gain":0.0,"event_name":"The Cleric","player_choice":"Card Removal","floor":2.0,"gold_loss":75.0,"damage_taken":0.0},{"cards_removed":["Strike_R"],"damage_healed":0.0,"max_hp_gain":0.0,"max_hp_loss":0.0,"gold_gain":0.0,"event_name":"Golden Wing","player_choice":"Card Removal","floor":3.0,"gold_loss":0.0,"damage_taken":7.0},{"damage_healed":0.0,"max_hp_gain":0.0,"max_hp_loss":0.0,"gold_gain":0.0,"event_name":"Scrap Ooze","player_choice":"Success","floor":5.0,"gold_loss":0.0,"damage_taken":35.0,"relics_obtained":["Dream Catcher"]},{"damage_healed":0.0,"max_hp_gain":0.0,"max_hp_loss":0.0,"gold_gain":0.0,"event_name":"Match and Keep!","player_choice":"2 cards matched","floor":13.0,"gold_loss":0.0,"damage_taken":0.0,"cards_obtained":["Limit Break","Entrench"]},{"cards_removed":["Defend_R"],"damage_healed":0.0,"max_hp_gain":0.0,"max_hp_loss":0.0,"gold_gain":0.0,"event_name":"Beggar","player_choice":"Gave Gold","floor":20.0,"gold_loss":75.0,"damage_taken":0.0},{"damage_healed":0.0,"max_hp_gain":0.0,"max_hp_loss":0.0,"gold_gain":50.0,"event_name":"Golden Shrine","player_choice":"Pray","floor":21.0,"gold_loss":0.0,"damage_taken":0.0}],"is_beta":true,"boss_relics":[{"not_picked":["Runic Dome","Coffee Dripper"],"picked":"Empty Cage"}],"items_purged_floors":[10],"is_endless":false,"potions_floor_spawned":[7,8,12,16,18,24],"killed_by":"Book of Stabbing","ascension_level":17}