{"path_per_floor":["M","?","M","?","M","R","E","R","T","R","$","R","M","M","R","B",null,"M","?","?","M","?","R","M","R","T","$","?","M","$","E","R","B",null,"M","?","M","$","M","R","M","R","T","E","M"],"character_chosen":"DEFECT","items_purchased":["Coolheaded","Mummified Hand","Loop","Blizzard"],"gold_per_floor":[143,143,168,168,193,193,228,228,228,228,128,128,152,173,173,303,303,324,324,424,438,438,438,457,457,457,18,18,39,39,79,79,198,198,218,218,241,111,132,132,145,145,145,188,211,211],"floor_reached":46,"campfire_rested":1,"playtime":2352,"item_purchase_floors":[11,27,27,38],"current_hp_per_floor":[61,43,43,48,46,46,44,44,44,44,44,44,40,36,36,33,79,72,72,72,62,62,62,62,90,90,90,90,86,86,93,93,94,94,94,94,77,77,87,87,88,88,88,41,12,0],"items_purged":["Strike_B","Injury","Defend_B"],"gold":211,"score":776,"play_id":"605643f4-7888-462d-981e-29eac0617358","local_time":"20180521113639","is_prod":false,"is_daily":false,"chose_seed":false,"is_ascension_mode":true,"campfire_upgraded":9,"timestamp":1526895399,"campfire_choices":[{"data":"Zap","floor":6,"key":"SMITH"},{"data":"Defragment","floor":8,"key":"SMITH"},{"data":"Beam Cell","floor":10,"key":"SMITH"},{"data":"Coolheaded","floor":12,"key":"SMITH"},{"data":"Coolheaded","floor":15,"key":"SMITH"},{"data":"Dualcast","floor":23,"key":"SMITH"},{"floor":25,"key":"REST"},{"data":"Defragment","floor":32,"key":"SMITH"},{"data":"Thinking Ahead","floor":40,"key":"SMITH"},{"data":"Coolheaded","floor":42,"key":"SMITH"}],"path_taken":["M","?","M","?","?","R","E","R","T","R","$","R","M","M","R","BOSS","M","?","?","M","?","R","M","R","T","$","?","?","$","E","R","BOSS","M","?","?","$","M","R","M","R","T","E","?","M"],"build_version":"2018-05-18","seed_source_timestamp":181155305287623,"purchased_purges":3,"victory":false,"master_deck":["Strike_B","Strike_B","Strike_B","Defend_B","Defend_B","Defend_B","Zap+1","Dualcast+1","Sweeping Beam","Beam Cell+1","Defragment+1","Coolheaded+1","Coolheaded+1","Buffer+1","Cold Snap","Capacitor+1","Loop","Defragment+1","Seek","Thinking Ahead+1","Coolheaded+1","Blizzard","Streamline","Skim","Clumsy","Recycle+1"],"max_hp_per_floor":[75,75,75,80,80,80,94,94,94,94,94,94,94,94,94,94,94,94,94,94,94,94,94,94,94,94,94,94,94,94,94,94,94,94,94,94,94,94,94,94,94,94,94,94,94,94],"relics":["Cracked Core","Tiny Chest","Golden Idol","Mango","Bird Faced Urn","Cursed Key","Question Card","Mummified Hand","The Courier","Sozu","Shuriken","Sundial"],"card_choices":[{"not_picked":["Heatsinks","Scrape"],"picked":"Sweeping Beam","floor":1},{"not_picked":["Stack","Skim","Turbo"],"picked":"SKIP","floor":3},{"not_picked":["Skim","Rebound"],"picked":"Beam Cell","floor":5},{"not_picked":["Doom and Gloom","FTL"],"picked":"Defragment","floor":7},{"not_picked":["Stack","Streamline","Consume"],"picked":"SKIP","floor":13},{"not_picked":["Cold Snap","Barrage"],"picked":"Coolheaded","floor":14},{"not_picked":["Seek","Thunder Strike"],"picked":"Buffer","floor":16},{"not_picked":["Ball Lightning","Sunder"],"picked":"Cold Snap","floor":18},{"not_picked":["Skim","Force Field","Cold Snap"],"picked":"SKIP","floor":21},{"not_picked":["Reinforced Body","Force Field"],"picked":"Capacitor+1","floor":24},{"not_picked":["Axe Kick","Doom and Gloom+1","Chaos","Loop"],"picked":"SKIP","floor":29},{"not_picked":["Doom and Gloom+1","Auto Shields","Coolheaded"],"picked":"Defragment","floor":31},{"not_picked":["Thunder Strike","Creative AI","Meteor Strike"],"picked":"Seek","floor":33},{"not_picked":["Leap+1","Go for the Eyes+1","Recycle","Turbo+1"],"picked":"SKIP","floor":35},{"not_picked":["Secret Technique","Jack Of All Trades","Panacea"],"picked":"Thinking Ahead","floor":36},{"not_picked":["Sweeping Beam","Axe Kick","Rebound+1"],"picked":"Coolheaded","floor":37},{"not_picked":["FTL","Auto Shields+1","Turbo"],"picked":"Streamline","floor":39},{"not_picked":["Hello World","Turbo+1","Rebound+1"],"picked":"Skim","floor":41},{"not_picked":["Echo Form","Steam","Go for the Eyes+1","Lockon+1"],"picked":"SKIP","floor":44},{"not_picked":["Skim","Capacitor","Hologram"],"picked":"Recycle+1","floor":45}],"player_experience":697100,"potions_floor_usage":[14,21,31,39],"damage_taken":[{"damage":7,"enemies":"Jaw Worm","floor":1,"turns":3},{"damage":0,"enemies":"Small Slimes","floor":3,"turns":3},{"damage":2,"enemies":"2 Louse","floor":5,"turns":2},{"damage":16,"enemies":"Gremlin Nob","floor":7,"turns":3},{"damage":6,"enemies":"Exordium Thugs","floor":13,"turns":3},{"damage":6,"enemies":"Gremlin Gang","floor":14,"turns":4},{"damage":5,"enemies":"The Guardian","floor":16,"turns":12},{"damage":11,"enemies":"Shell Parasite","floor":18,"turns":5},{"damage":14,"enemies":"2 Thieves","floor":21,"turns":3},{"damage":4,"enemies":"Centurion and Healer","floor":24,"turns":7},{"damage":12,"enemies":"Slaver and Parasite","floor":29,"turns":7},{"damage":1,"enemies":"Book of Stabbing","floor":31,"turns":7},{"damage":0,"enemies":"Collector","floor":33,"turns":14},{"damage":0,"enemies":"Flame Bruiser 1 Orb","floor":35,"turns":7},{"damage":21,"enemies":"3 Darklings","floor":37,"turns":7},{"damage":0,"enemies":"Flame Bruiser 2 Orb","floor":39,"turns":9},{"damage":9,"enemies":"Sphere and 2 Shapes","floor":41,"turns":7},{"damage":55,"enemies":"2 Orb Walkers","floor":44,"turns":7},{"damage":39,"enemies":"4 Shapes","floor":45,"turns":5},{"damage":27,"enemies":"Flame Bruiser 2 Orb","floor":46,"turns":2}],"relics_obtained":[{"floor":7,"key":"Mango"},{"floor":9,"key":"Bird Faced Urn"},{"floor":26,"key":"Question Card"},{"floor":31,"key":"The Courier"},{"floor":43,"key":"Shuriken"},{"floor":44,"key":"Sundial"}],"event_choices":[{"event_name":"Golden Idol","player_choice":"Take Damage","floor":2,"damage_taken":0},{"event_name":"Big Fish","player_choice":"Donut","floor":4,"damage_taken":0},{"event_name":"Accursed Blacksmith","player_choice":"Forge","floor":19,"damage_taken":0},{"event_name":"Golden Shrine","player_choice":"Pray","floor":20,"damage_taken":0},{"event_name":"Vampires","player_choice":"Ignored","floor":22,"damage_taken":0},{"event_name":"N\u0027loth","player_choice":"Ignored","floor":28,"damage_taken":0},{"event_name":"SensoryStone","player_choice":"Memory 1","floor":36,"damage_taken":0}],"boss_relics":[{"not_picked":["Velvet Choker","Runic Pyramid"],"picked":"Cursed Key"},{"not_picked":["Lizard Tail","Black Star"],"picked":"Sozu"}],"items_purged_floors":[11,27,38],"potions_floor_spawned":[1,14,16,18,33,37,41],"seed_played":"6519080254715221524","killed_by":"Flame Bruiser 2 Orb","ascension_level":9,"potions_obtained":[{"floor":1,"key":"Block Potion"},{"floor":14,"key":"LiquidBronze"},{"floor":16,"key":"Explosive Potion"},{"floor":18,"key":"Swift Potion"},{"floor":33,"key":"SteroidPotion"}],"is_trial":false}