{"gold_per_floor":[113,8,26,46,46,46,63,63,111,111,111,22,22,32,32,32],"floor_reached":16,"playtime":400,"items_purged":[],"score":171,"play_id":"287a2078-e7a6-411d-a4ce-e5877d9271ad","local_time":"20190222134702","is_ascension_mode":true,"campfire_choices":[{"data":"Neutralize","floor":6,"key":"SMITH"},{"data":"Impatience","floor":8,"key":"SMITH"},{"data":"Acrobatics","floor":11,"key":"SMITH"},{"data":"Footwork","floor":15,"key":"SMITH"}],"neow_cost":"NONE","seed_source_timestamp":1321570115969822,"circlet_count":0,"master_deck":["AscendersBane","Defend_G","Defend_G","Defend_G","Defend_G","Defend_G","Strike_G","Strike_G","Strike_G","Strike_G","Survivor","Neutralize+1","Corpse Explosion","Impatience+1","Leg Sweep","Flying Knee","Acrobatics+1","Footwork+1","Quick Slash"],"relics":["Ring of the Snake","Pocketwatch","Dream Catcher"],"potions_floor_usage":[7,16],"damage_taken":[{"damage":6,"enemies":"Cultist","floor":1,"turns":3},{"damage":11,"enemies":"Small Slimes","floor":3,"turns":3},{"damage":4,"enemies":"Jaw Worm","floor":4,"turns":4},{"damage":18,"enemies":"Large Slime","floor":7,"turns":5},{"damage":7,"enemies":"Exordium Wildlife","floor":14,"turns":3},{"damage":16,"enemies":"Hexaghost","floor":16,"turns":11}],"seed_played":"3559302637130883385","potions_obtained":[{"floor":1,"key":"Poison Potion"},{"floor":3,"key":"Swift Potion"},{"floor":7,"key":"SpeedPotion"},{"floor":14,"key":"PowerPotion"}],"is_trial":false,"path_per_floor":["M","$","M","M","T","R","M","R","T","?","R","$","?","M","R","B"],"character_chosen":"THE_SILENT","items_purchased":["Impatience","Footwork"],"campfire_rested":0,"item_purchase_floors":[2,12],"current_hp_per_floor":[53,53,42,38,38,38,20,20,20,20,20,20,20,13,13,0],"gold":32,"neow_bonus":"ONE_RANDOM_RARE_CARD","is_prod":false,"is_daily":false,"chose_seed":false,"campfire_upgraded":4,"win_rate":0,"timestamp":1550839622,"path_taken":["M","?","M","?","?","R","M","R","T","?","R","$","?","M","R","BOSS"],"build_version":"2019-01-23","purchased_purges":0,"victory":false,"max_hp_per_floor":[66,66,66,66,66,66,66,66,66,66,66,66,66,66,66,66],"card_choices":[{"not_picked":["Distraction","Poisoned Stab","Dodge and Roll"],"picked":"SKIP","floor":1},{"not_picked":["Calculated Gamble","Acrobatics"],"picked":"Leg Sweep","floor":3},{"not_picked":["Dagger Throw","Sucker Punch"],"picked":"Flying Knee","floor":4},{"not_picked":["Masterful Stab","Endless Agony"],"picked":"Acrobatics","floor":7},{"not_picked":["Deadly Poison","Slice"],"picked":"Quick Slash","floor":14}],"player_experience":860920,"relics_obtained":[{"floor":5,"key":"Pocketwatch"},{"floor":9,"key":"Dream Catcher"}],"event_choices":[{"cards_removed":["Strike_G"],"damage_healed":0,"gold_gain":0,"player_choice":"Forget","damage_taken":0,"max_hp_gain":0,"max_hp_loss":0,"event_name":"Living Wall","floor":10,"gold_loss":0},{"damage_healed":0,"gold_gain":0,"player_choice":"Leave","damage_taken":0,"max_hp_gain":0,"max_hp_loss":0,"event_name":"The Cleric","floor":13,"gold_loss":0}],"is_beta":false,"boss_relics":[],"items_purged_floors":[],"is_endless":false,"potions_floor_spawned":[1,3,7,14],"killed_by":"Hexaghost","ascension_level":18}