{"path_per_floor":["M","M","M","?","$","R","E","R","T","?","R","M","$","E","R","B",null,"M","$","?","M","?"],"character_chosen":"DEFECT","items_purchased":["Mango","Capacitor","Toxic Egg 2"],"gold_per_floor":[361,372,391,391,31,31,92,92,115,115,115,136,110,143,143,273,273,288,32,32,48,48,48],"floor_reached":23,"campfire_rested":0,"playtime":896,"current_hp_per_floor":[68,67,65,48,62,62,33,33,33,60,60,51,51,42,42,23,67,57,57,57,57,41,0],"items_purged":["Strike_B"],"gold":48,"score":276,"play_id":"28a10108-4213-409a-8cad-a2da0341db62","local_time":"20180512154824","is_prod":false,"is_daily":false,"chose_seed":false,"is_ascension_mode":true,"campfire_upgraded":4,"timestamp":1526132904,"path_taken":["M","M","M","?","$","R","E","R","T","?","R","?","$","E","R","BOSS","M","$","?","M","?","E"],"build_version":"2018-05-11","seed_source_timestamp":37521726586499,"purchased_purges":1,"victory":false,"master_deck":["Strike_B","Strike_B","Strike_B","Defend_B","Defend_B","Defend_B","Defend_B","Zap+1","Dualcast+1","Cold Snap","Barrage+1","Static Discharge","Sweeping Beam","Capacitor+1","Skim","Rainbow","Rebound+1","Necronomicurse"],"max_hp_per_floor":[68,68,68,68,82,82,82,82,82,82,82,82,82,82,82,82,82,82,82,82,82,82,82],"relics":["Cracked Core","Golden Idol","Mango","Tiny Chest","Oddly Smooth Stone","Sundial","Velvet Choker","Toxic Egg 2","Necronomicon"],"card_choices":[{"not_picked":["Stack","Reprogram"],"picked":"Cold Snap","floor":1},{"not_picked":["Gash","Leap"],"picked":"Barrage","floor":2},{"not_picked":["Darkness","Hologram"],"picked":"Static Discharge","floor":3},{"not_picked":["All For One","Rip and Tear","Cold Snap"],"picked":"SKIP","floor":7},{"not_picked":["BootSequence","White Noise"],"picked":"Sweeping Beam","floor":12},{"not_picked":["Scrape","Lockon"],"picked":"Skim","floor":14},{"not_picked":["Reboot","Echo Form"],"picked":"Rainbow","floor":16},{"not_picked":["Cold Snap","Stack+1"],"picked":"Rebound+1","floor":18},{"not_picked":["Sweeping Beam+1","Axe Kick","Cold Snap"],"picked":"SKIP","floor":21}],"player_experience":649707,"potions_floor_usage":[14,16,23,23],"damage_taken":[{"damage":0,"enemies":"Small Slimes","floor":1,"turns":3},{"damage":1,"enemies":"2 Louse","floor":2,"turns":2},{"damage":2,"enemies":"Jaw Worm","floor":3,"turns":2},{"damage":29,"enemies":"Gremlin Nob","floor":7,"turns":4},{"damage":9,"enemies":"Looter","floor":12,"turns":3},{"damage":9,"enemies":"3 Sentries","floor":14,"turns":4},{"damage":19,"enemies":"Slime Boss","floor":16,"turns":11},{"damage":10,"enemies":"3 Byrds","floor":18,"turns":2},{"damage":0,"enemies":"Spheric Guardian","floor":21,"turns":3},{"damage":46,"enemies":"Gremlin Leader","floor":23,"turns":4}],"event_choices":[{"event_name":"Golden Idol","player_choice":"Take Damage","floor":4,"damage_taken":0},{"event_name":"Big Fish","player_choice":"Banana","floor":10,"damage_taken":0},{"event_name":"Beggar","player_choice":"Ignored","floor":20,"damage_taken":0},{"event_name":"Cursed Tome","player_choice":"Obtained Book","floor":22,"damage_taken":0}],"boss_relics":[{"not_picked":["Runic Pyramid","Philosopher\u0027s Stone"],"picked":"Velvet Choker"}],"potions_floor_spawned":[12,14,16,21],"seed_played":"524588751104286523","killed_by":"Gremlin Leader","ascension_level":8,"is_trial":false}