{"gold_per_floor":[113,42,42,55,55,55,84,84,84,98,98,118,146,146,146,269,269,289,289,303,228,249,249,249,249,274,274,31,49,63,63],"floor_reached":31,"playtime":1288,"items_purged":[],"score":377,"play_id":"91428b21-c15f-4beb-b1a7-c44f91a5b59c","local_time":"20180805173756","is_ascension_mode":true,"campfire_choices":[{"data":"Zap","floor":6.0,"key":"SMITH"},{"data":"Dualcast","floor":8.0,"key":"SMITH"},{"floor":11.0,"key":"REST"},{"floor":15.0,"key":"REST"},{"data":"Defragment","floor":23,"key":"SMITH"},{"data":"Multi-Cast","floor":25,"key":"SMITH"},{"data":"Capacitor","floor":27,"key":"SMITH"}],"neow_cost":"","seed_source_timestamp":297423444035579,"circlet_count":0,"master_deck":["Strike_B","Strike_B","Strike_B","Defend_B","Defend_B","Defend_B","Zap+1","Dualcast+1","AscendersBane","Compile Driver","Glacier","Capacitor+1","Static Discharge","Compile Driver","Go for the Eyes","Multi-Cast+1","Coolheaded+1","Defragment+1","Conserve Battery+1","Redo+1","Consume+1"],"special_seed":0,"relics":["Cracked Core","Ancient Tea Set","Question Card","Emotion Chip","Golden Idol","Nuclear Battery","Oddly Smooth Stone","Toxic Egg 2"],"potions_floor_usage":[30],"damage_taken":[{"damage":2.0,"enemies":"Jaw Worm","floor":1.0,"turns":3.0},{"damage":1.0,"enemies":"Cultist","floor":4.0,"turns":4.0},{"damage":34.0,"enemies":"Gremlin Nob","floor":7.0,"turns":5.0},{"damage":0.0,"enemies":"2 Louse","floor":10.0,"turns":2.0},{"damage":2.0,"enemies":"Red Slaver","floor":12.0,"turns":3.0},{"damage":14.0,"enemies":"3 Sentries","floor":13.0,"turns":7.0},{"damage":10.0,"enemies":"The Guardian","floor":16.0,"turns":12.0},{"damage":4.0,"enemies":"Chosen","floor":18.0,"turns":6.0},{"damage":3,"enemies":"Shell Parasite","floor":20,"turns":8},{"damage":19,"enemies":"Snake Plant","floor":22,"turns":6},{"damage":22,"enemies":"Slaver and Parasite","floor":29,"turns":5},{"damage":30,"enemies":"Centurion and Healer","floor":30,"turns":6},{"damage":6,"enemies":"Snake Plant","floor":31,"turns":2}],"seed_played":"1874924687779682148","potions_obtained":[{"floor":1.0,"key":"FearPotion"},{"floor":4.0,"key":"SteroidPotion"}],"is_trial":false,"path_per_floor":["M","$","?","M","$","R","E","R","T","M","R","M","E","?","R","B",null,"M","?","M","?","M","R","?","R","T","R","$","M","M"],"character_chosen":"DEFECT","items_purchased":["Glacier","Toxic Egg 2"],"campfire_rested":2,"item_purchase_floors":[2,28],"current_hp_per_floor":[66,66,66,65,65,65,31,31,31,31,53,51,37,19,41,31,64,60,53,50,50,31,31,56,56,56,56,56,34,4,0],"gold":63,"neow_bonus":"","is_prod":false,"is_daily":false,"chose_seed":false,"campfire_upgraded":5,"win_rate":0,"timestamp":1533483476,"path_taken":["M","$","?","M","?","R","E","R","T","M","R","?","E","?","R","BOSS","M","?","?","?","M","R","?","R","T","R","$","M","M","?"],"build_version":"2018-08-01","purchased_purges":0,"victory":false,"max_hp_per_floor":[75,75,75,75,75,75,75,75,75,75,75,75,75,75,75,75,75,75,75,75,75,75,75,75,75,75,75,75,75,75,75],"card_choices":[{"not_picked":["Turbo","Steam"],"picked":"Compile Driver","floor":1.0},{"not_picked":["Cold Snap","Genetic Algorithm"],"picked":"Capacitor","floor":4.0},{"not_picked":["Creative AI","Sunder"],"picked":"Static Discharge","floor":7.0},{"not_picked":["Sweeping Beam","Steam Power","Stack"],"picked":"Compile Driver","floor":10.0},{"not_picked":["Doom and Gloom","Aggregate","Hologram"],"picked":"Go for the Eyes","floor":12.0},{"not_picked":["Compile Driver","Undo","Ball Lightning","Reprogram"],"picked":"SKIP","floor":13.0},{"not_picked":["Amplify","All For One","Fission"],"picked":"Multi-Cast","floor":16.0},{"not_picked":["Chaos+1","Leap","Fusion"],"picked":"Coolheaded+1","floor":18.0},{"not_picked":["Hello World","Auto Shields","Rebound+1"],"picked":"Defragment","floor":20},{"not_picked":["Ball Lightning","Reboot","Capacitor"],"picked":"Conserve Battery+1","floor":22},{"not_picked":["Sweeping Beam","Compile Driver","Beam Cell+1"],"picked":"Redo+1","floor":29},{"not_picked":["Reprogram+1","Beam Cell","Static Discharge"],"picked":"Consume+1","floor":30}],"player_experience":751086,"relics_obtained":[{"floor":7.0,"key":"Ancient Tea Set"},{"floor":9.0,"key":"Question Card"},{"floor":13.0,"key":"Emotion Chip"},{"floor":26,"key":"Oddly Smooth Stone"}],"event_choices":[{"event_name":"Bonfire Elementals","player_choice":"BASIC","floor":3.0,"damage_taken":0.0},{"event_name":"Golden Idol","player_choice":"Take Damage","floor":14.0,"damage_taken":0.0},{"event_name":"Wheel of Change","player_choice":"Damage","floor":19.0,"damage_taken":0.0},{"event_name":"Beggar","player_choice":"Gave Gold","floor":21,"damage_taken":0},{"event_name":"The Library","player_choice":"Heal","floor":24,"damage_taken":0}],"is_beta":true,"boss_relics":[{"not_picked":["Cursed Key","White Beast Statue"],"picked":"Nuclear Battery"}],"items_purged_floors":[],"is_endless":false,"potions_floor_spawned":[1,4,7,16,18,29],"killed_by":"Snake Plant","ascension_level":11}