{"gold_per_floor":[117,117,60,74,46,78,28,28,28,28,54,70,89,14,14,14],"floor_reached":16,"playtime":382,"items_purged":[],"score":266,"play_id":"56fd1490-1b2a-47e3-a9f4-fdf0296f4641","local_time":"20190728163626","is_ascension_mode":true,"campfire_choices":[{"data":"Noxious Fumes","floor":8.0,"key":"SMITH"},{"data":"Footwork","floor":10.0,"key":"SMITH"},{"data":"Crippling Poison","floor":15.0,"key":"SMITH"}],"neow_cost":"NONE","seed_source_timestamp":561542734541247,"circlet_count":0,"master_deck":["AscendersBane","Strike_G","Strike_G","Strike_G","Defend_G","Defend_G","Defend_G","Defend_G","Defend_G","Survivor","Neutralize","Footwork+1","Quick Slash","Noxious Fumes+1","Poisoned Stab","Backflip","Backflip","PiercingWail","Acrobatics","Crippling Poison+1"],"special_seed":0,"relics":["Ring of the Snake","NeowsBlessing","Ginger","The Courier","Juzu Bracelet"],"potions_floor_usage":[],"damage_taken":[{"damage":0.0,"enemies":"Small Slimes","floor":1.0,"turns":1.0},{"damage":0.0,"enemies":"Cultist","floor":4.0,"turns":1.0},{"damage":0.0,"enemies":"3 Sentries","floor":6.0,"turns":2.0},{"damage":13.0,"enemies":"Lagavulin","floor":11.0,"turns":9.0},{"damage":0.0,"enemies":"Jaw Worm","floor":12.0,"turns":5.0},{"damage":16.0,"enemies":"Exordium Thugs","floor":13.0,"turns":6.0},{"damage":39,"enemies":"Slime Boss","floor":16,"turns":8}],"seed_played":"2402660299313173538","potions_obtained":[{"floor":6.0,"key":"Dexterity Potion"},{"floor":13.0,"key":"Explosive Potion"}],"is_trial":false,"path_per_floor":["M","?","$","M","$","E","$","R","T","R","E","M","M","?","R","B"],"character_chosen":"THE_SILENT","items_purchased":["Quick Slash","Poisoned Stab","Backflip"],"campfire_rested":0,"item_purchase_floors":[3,5,7],"current_hp_per_floor":[59,59,59,59,59,59,59,59,59,59,46,46,30,30,30,0],"gold":14,"neow_bonus":"THREE_ENEMY_KILL","is_prod":false,"is_daily":false,"chose_seed":false,"campfire_upgraded":3,"win_rate":0,"timestamp":1564299386,"path_taken":["M","?","?","M","$","E","?","R","T","R","E","M","M","?","R","BOSS"],"build_version":"2019-07-17","purchased_purges":0,"victory":false,"max_hp_per_floor":[66,66,66,66,66,66,66,66,66,66,66,66,66,66,66,66],"card_choices":[{"not_picked":["Cloak And Dagger","Sucker Punch"],"picked":"Footwork","floor":1.0},{"not_picked":["Prepared","Expertise"],"picked":"Noxious Fumes","floor":4.0},{"not_picked":["Prepared","Flechettes"],"picked":"Backflip","floor":6.0},{"not_picked":["Reflex","Quick Slash"],"picked":"PiercingWail","floor":11.0},{"not_picked":["Infinite Blades","Deflect"],"picked":"Acrobatics","floor":12.0},{"not_picked":["Quick Slash","Blur"],"picked":"Crippling Poison","floor":13.0}],"player_experience":1042946,"relics_obtained":[{"floor":6.0,"key":"Ginger"},{"floor":9.0,"key":"The Courier"},{"floor":11.0,"key":"Juzu Bracelet"}],"event_choices":[{"cards_removed":["Strike_G"],"damage_healed":0.0,"max_hp_gain":0.0,"max_hp_loss":0.0,"gold_gain":0.0,"event_name":"Bonfire Elementals","player_choice":"Offered Basic","floor":2.0,"gold_loss":0.0,"damage_taken":0.0},{"cards_removed":["Strike_G"],"damage_healed":0.0,"max_hp_gain":0.0,"max_hp_loss":0.0,"gold_gain":0.0,"event_name":"The Cleric","player_choice":"Card Removal","floor":14.0,"gold_loss":75.0,"damage_taken":0.0}],"is_beta":false,"boss_relics":[],"items_purged_floors":[],"is_endless":false,"potions_floor_spawned":[6,13],"killed_by":"Slime Boss","ascension_level":20}