{"path_per_floor":["M","?","M","?","$","E","R","?","T","E","?","E","?","E","R","B",null,"M","$","?","M","M","R","E","M","T","M","E","?","$","?","R","B",null,"M","M","M","M","M","E","R","E","T","R","E","?","R","T","R","B"],"character_chosen":"IRONCLAD","items_purchased":["Strength Potion","Kunai","Infernal Blade","Shuriken","Singing Bowl"],"gold_per_floor":[115,115,133,208,160,189,189,189,189,218,218,243,243,275,275,370,370,390,131,131,149,169,169,199,219,288,303,338,338,15,15,15,119,119,137,156,168,181,199,231,231,264,264,264,291,291,291,291,291,291],"floor_reached":51,"campfire_rested":0,"playtime":2947,"current_hp_per_floor":[76,76,75,64,64,57,57,62,62,68,68,66,85,85,85,62,79,74,74,74,78,80,80,84,73,73,85,84,84,84,60,60,54,80,85,92,94,94,96,90,90,94,94,94,96,96,96,96,96,78],"items_purged":[],"gold":291,"score":892,"play_id":"962108b0-8f6a-451f-b2cd-7721c07c52ae","is_prod":false,"is_daily":false,"is_ascension_mode":true,"campfire_upgraded":5,"path_taken":["M","?","?","?","$","E","R","?","T","E","?","E","?","E","R","BOSS","M","$","?","M","M","R","E","M","T","M","E","?","$","?","R","BOSS","M","M","M","M","?","E","R","E","T","R","E","?","R","?","R","BOSS"],"build_version":"2018-02-12-PROD1","purchased_purges":1,"victory":true,"master_deck":["Strike_R","Strike_R","Defend_R","Bash+1","Fiend Fire+1","Dropkick+1","Inflame+1","Seeing Red+1","Offering+1","Disarm+1","Double Tap+1","Exhume+1","Havoc+1","Combust+1","Iron Wave+1","Infernal Blade+1","Warcry+1","True Grit+1","Reaper+1","Shrug It Off+1","Good Instincts+1","Jack Of All Trades+1","Exhume+1","Offering+1"],"max_hp_per_floor":[80,80,80,80,80,80,80,85,85,85,85,85,85,85,85,85,85,85,85,85,85,85,85,85,85,85,85,88,88,88,88,88,88,88,90,92,94,96,96,98,98,98,98,98,100,100,100,100,100,100],"relics":["Burning Blood","Charon\u0027s Ashes","Girya","Toxic Egg 2","Meat on the Bone","The Courier","Astrolabe","Kunai","Blood Vial","Art of War","Centennial Puzzle","Omamori","Shuriken","Singing Bowl","Mark of Pain","Bag of Preparation","Bronze Scales","Torii","Pantograph","Unceasing Top"],"card_choices":[{"not_picked":["Rupture","Combust"],"picked":"Dropkick"},{"not_picked":["Sword Boomerang","Whirlwind"],"picked":"Inflame"},{"not_picked":["Hemokinesis","Anger"],"picked":"Seeing Red"},{"not_picked":["Perfected Strike","Battle Trance"],"picked":"Disarm"},{"not_picked":["Offering","Bludgeon"],"picked":"Double Tap"},{"not_picked":["Anger","Inflame"],"picked":"Iron Wave"},{"not_picked":["Seeing Red","Armaments"],"picked":"Warcry"},{"not_picked":["Heavy Blade","Corruption"],"picked":"True Grit"},{"not_picked":["Headbutt","Shockwave"],"picked":"Reaper"},{"not_picked":["Reckless Charge","Clothesline"],"picked":"Shrug It Off"},{"not_picked":["Fiend Fire","Demon Form"],"picked":"Exhume"},{"not_picked":["Combust","Havoc"],"picked":"Offering"}],"player_experience":294411,"potions_floor_usage":[6,16,24,37,50,50,50],"damage_taken":[{"damage":2,"enemies":"2 Louse","floor":1,"turns":3},{"damage":7,"enemies":"Jaw Worm","floor":3,"turns":2},{"damage":13,"enemies":"3 Sentries","floor":6,"turns":7},{"damage":0,"enemies":"Gremlin Nob","floor":10,"turns":2},{"damage":8,"enemies":"3 Sentries","floor":12,"turns":4},{"damage":4,"enemies":"Gremlin Nob","floor":14,"turns":2},{"damage":29,"enemies":"Hexaghost","floor":16,"turns":7},{"damage":11,"enemies":"Chosen","floor":18,"turns":3},{"damage":4,"enemies":"Shell Parasite","floor":21,"turns":1},{"damage":6,"enemies":"Cultist and Chosen","floor":22,"turns":3},{"damage":4,"enemies":"Gremlin Leader","floor":24,"turns":1},{"damage":18,"enemies":"Slaver and Parasite","floor":25,"turns":2},{"damage":18,"enemies":"Centurion and Healer","floor":27,"turns":2},{"damage":10,"enemies":"Book of Stabbing","floor":28,"turns":3},{"damage":24,"enemies":"Champ","floor":33,"turns":7},{"damage":5,"enemies":"Orb Walker","floor":35,"turns":2},{"damage":4,"enemies":"3 Shapes","floor":36,"turns":2},{"damage":8,"enemies":"3 Darklings","floor":37,"turns":2},{"damage":12,"enemies":"Maw","floor":38,"turns":3},{"damage":12,"enemies":"4 Shapes","floor":39,"turns":2},{"damage":26,"enemies":"Giant Head","floor":40,"turns":5},{"damage":8,"enemies":"2 Orb Walkers","floor":42,"turns":1},{"damage":8,"enemies":"Giant Head","floor":45,"turns":1},{"damage":42,"enemies":"Time Eater","floor":50,"turns":5}],"event_choices":[{"event_name":"Living Wall","player_choice":"Forget","floor":2,"damage_taken":0},{"event_name":"World of Goop","player_choice":"Gather Gold","floor":4,"damage_taken":0},{"event_name":"Big Fish","player_choice":"Donut","floor":8,"damage_taken":0},{"event_name":"Transmorgrifier","player_choice":"Transform","floor":11,"damage_taken":0},{"event_name":"Wheel of Change","player_choice":"Full Heal","floor":13,"damage_taken":0},{"event_name":"The Mausoleum","player_choice":"Yes","floor":20,"damage_taken":0},{"event_name":"Back to Basics","player_choice":"Elegance","floor":29,"damage_taken":0},{"event_name":"Knowing Skull","player_choice":"CARD CARD ","floor":31,"damage_taken":0},{"event_name":"The Lab","player_choice":"Got Potions","floor":46,"damage_taken":0}],"boss_relics":[{"not_picked":["Pandora\u0027s Box","Runic Dome"],"picked":"Astrolabe"},{"not_picked":["Snecko Eye","Question Card"],"picked":"Mark of Pain"}],"potions_floor_spawned":[10,12,14,16,22,25,33,37,39,42,45],"seed_played":"-9210562928858878333","ascension_level":7,"is_trial":false}