{"path_per_floor":["M","M","?","M","$","R","?","E","T","$","M","R","E","M","R","B",null,"M","$","?","$","?","R","M","R","T","R","E","M","?","M","R"],"character_chosen":"DEFECT","items_purchased":["Runic Capacitor","Capacitor"],"gold_per_floor":[109,123,198,212,16,16,16,50,74,51,65,65,94,108,108,213,213,225,150,75,75,75,75,93,93,93,93,126,137,137,152,152,152],"floor_reached":33,"campfire_rested":3,"playtime":1149,"current_hp_per_floor":[68,64,53,45,45,45,45,19,19,19,19,39,3,3,23,3,52,31,31,31,31,31,31,31,31,31,31,11,7,7,7,27,0],"items_purged":["Strike_B"],"gold":152,"score":341,"play_id":"8e50fc6a-187b-4dca-b4d8-31997426aa08","local_time":"20180506135741","is_prod":false,"is_daily":false,"chose_seed":false,"is_ascension_mode":true,"campfire_upgraded":4,"timestamp":1525607861,"path_taken":["M","M","?","M","?","R","?","E","T","$","M","R","E","M","R","BOSS","M","?","?","$","?","R","M","R","T","R","E","M","?","M","R","BOSS"],"build_version":"2018-05-03","seed_source_timestamp":109988881860637,"purchased_purges":1,"victory":false,"master_deck":["Strike_B","Strike_B","Defend_B","Defend_B","Defend_B","Defend_B","Zap+1","Dualcast","Fusion+1","Streamline","Coolheaded+1","Sweeping Beam","Sunder+1","Capacitor","Defragment+1","Cold Snap","Rainbow+1","Barrage","Coolheaded","Double Energy","White Noise+1","Decay"],"max_hp_per_floor":[68,68,68,68,68,68,68,68,68,68,68,68,68,68,68,68,68,68,68,68,68,68,68,68,68,68,68,68,68,68,68,68,68],"relics":["Cracked Core","Runic Capacitor","War Paint","Vajra","Oddly Smooth Stone","Nuclear Battery","Dead Branch","Symbiotic Virus"],"card_choices":[{"not_picked":["Thunder Strike","Biased Cognition"],"picked":"Fusion","floor":0.0},{"not_picked":["Rebound","Axe Kick"],"picked":"Streamline","floor":1.0},{"not_picked":["Turbo","Go for the Eyes"],"picked":"Coolheaded","floor":2.0},{"not_picked":["Rip and Tear","Loop"],"picked":"Sweeping Beam","floor":4.0},{"not_picked":["Nova","Aggregate"],"picked":"Sunder","floor":8.0},{"not_picked":["Hologram","Hello World"],"picked":"Defragment","floor":13.0},{"not_picked":["Streamline","Beam Cell"],"picked":"Cold Snap","floor":14.0},{"not_picked":["Echo Form","All For One"],"picked":"Rainbow","floor":16.0},{"not_picked":["Skim","Axe Kick"],"picked":"Barrage","floor":18.0},{"not_picked":["Streamline","Hologram"],"picked":"Coolheaded","floor":24.0},{"not_picked":["Turbo","Hello World"],"picked":"Double Energy","floor":28},{"not_picked":["Force Field","Beam Cell"],"picked":"White Noise","floor":29}],"player_experience":616910,"potions_floor_usage":[28,33,33],"damage_taken":[{"damage":0.0,"enemies":"2 Louse","floor":1.0,"turns":3.0},{"damage":4.0,"enemies":"Jaw Worm","floor":2.0,"turns":4.0},{"damage":8.0,"enemies":"Small Slimes","floor":4.0,"turns":2.0},{"damage":26.0,"enemies":"3 Sentries","floor":8.0,"turns":7.0},{"damage":0.0,"enemies":"Exordium Thugs","floor":11.0,"turns":2.0},{"damage":36.0,"enemies":"Lagavulin","floor":13.0,"turns":5.0},{"damage":0.0,"enemies":"Looter","floor":14.0,"turns":2.0},{"damage":20.0,"enemies":"Slime Boss","floor":16.0,"turns":9.0},{"damage":21.0,"enemies":"3 Byrds","floor":18.0,"turns":4.0},{"damage":0.0,"enemies":"Spheric Guardian","floor":24.0,"turns":3.0},{"damage":20,"enemies":"Gremlin Leader","floor":28,"turns":7},{"damage":4,"enemies":"Centurion and Healer","floor":29,"turns":4},{"damage":0,"enemies":"Chosen and Byrds","floor":31,"turns":5},{"damage":44,"enemies":"Automaton","floor":33,"turns":6}],"event_choices":[{"event_name":"World of Goop","player_choice":"Gather Gold","floor":3.0,"damage_taken":0.0},{"event_name":"The Cleric","player_choice":"Leave","floor":7.0,"damage_taken":0.0},{"event_name":"Beggar","player_choice":"Gave Gold","floor":20.0,"damage_taken":0.0},{"event_name":"Drug Dealer","player_choice":"Ignored","floor":22.0,"damage_taken":0.0},{"event_name":"Forgotten Altar","player_choice":"Smashed Altar","floor":30,"damage_taken":0}],"boss_relics":[],"potions_floor_spawned":[8,11,13,14,16,18,24],"seed_played":"7252825314168112858","killed_by":"Automaton","ascension_level":5,"is_trial":false}