{"gold_per_floor":[118,118,128,15,41,66,85,85,109,124,124,124,24,55,55,158,158,171,96,96,195,209,209,221,221,221,23,0,12,12,37,37,140,140,157,257,257,274,274,274,274,13,39,51,81,81,81,81,81,81],"floor_reached":51,"playtime":2749,"items_purged":["Strike_B","Strike_B"],"score":747,"play_id":"fe661fd5-94d6-46a3-b147-0ba436a33271","local_time":"20190716144748","is_ascension_mode":false,"campfire_choices":[{"data":"Electrodynamics","floor":11,"key":"SMITH"},{"data":"Static Discharge","floor":15,"key":"SMITH"},{"data":"Seek","floor":23,"key":"SMITH"},{"data":"Turbo","floor":25,"key":"SMITH"},{"data":"Leap","floor":30,"key":"SMITH"},{"data":"Chaos","floor":32,"key":"SMITH"},{"data":"Electrodynamics","floor":40,"key":"SMITH"},{"data":"Madness","floor":41,"key":"SMITH"},{"data":"Defragment","floor":46,"key":"SMITH"},{"data":"Madness","floor":47,"key":"SMITH"},{"data":"Panache","floor":49,"key":"SMITH"}],"neow_cost":"NONE","seed_source_timestamp":416736827699038,"circlet_count":0,"master_deck":["Defend_B+1","Defend_B+1","Defend_B+1","Defend_B+1","Zap","Dualcast+1","Static Discharge+1","Rip and Tear","Electrodynamics+1","Seek+1","Reprogram+1","Chaos+1","Leap+1","Go for the Eyes+1","Electrodynamics+1","Rip and Tear","Madness+1","Madness+1","Defragment+1","Melter","Self Repair","Defragment+1","Panache+1","Enlightenment","Bandage Up"],"relics":["FrozenCore","War Paint","Bottled Tornado","Unceasing Top","Happy Flower","Centennial Puzzle","Coffee Dripper","Dodecahedron","Toy Ornithopter","Omamori","WingedGreaves","PreservedInsect","Orichalcum","Bag of Preparation"],"potions_floor_usage":[6,14,18,33,50,50],"damage_taken":[{"damage":0,"enemies":"Small Slimes","floor":1,"turns":4},{"damage":1,"enemies":"Cultist","floor":3,"turns":3},{"damage":9,"enemies":"3 Sentries","floor":6,"turns":8},{"damage":0,"enemies":"2 Louse","floor":7,"turns":2},{"damage":9,"enemies":"2 Fungi Beasts","floor":10,"turns":3},{"damage":14,"enemies":"Gremlin Nob","floor":14,"turns":4},{"damage":18,"enemies":"The Guardian","floor":16,"turns":9},{"damage":0,"enemies":"Spheric Guardian","floor":18,"turns":3},{"damage":12,"enemies":"2 Thieves","floor":22,"turns":2},{"damage":13,"enemies":"Snake Plant","floor":24,"turns":3},{"damage":6,"enemies":"Snecko","floor":29,"turns":6},{"damage":15,"enemies":"Slavers","floor":31,"turns":2},{"damage":36,"enemies":"Champ","floor":33,"turns":13},{"damage":0,"enemies":"3 Darklings","floor":35,"turns":2},{"damage":0,"enemies":"Mind Bloom Boss Battle","floor":36,"turns":6},{"damage":7,"enemies":"Orb Walker","floor":38,"turns":3},{"damage":0,"enemies":"3 Darklings","floor":44,"turns":2},{"damage":0,"enemies":"Giant Head","floor":45,"turns":8},{"damage":48,"enemies":"Time Eater","floor":50,"turns":11}],"seed_played":"-4030722767878054004","potions_obtained":[{"floor":2,"key":"Energy Potion"},{"floor":2,"key":"Weak Potion"},{"floor":2,"key":"SkillPotion"},{"floor":6,"key":"Strength Potion"},{"floor":16,"key":"Explosive Potion"},{"floor":18,"key":"Strength Potion"},{"floor":29,"key":"Dexterity Potion"},{"floor":31,"key":"Fire Potion"},{"floor":36,"key":"AttackPotion"},{"floor":45,"key":"Dexterity Potion"}],"is_trial":false,"path_per_floor":["M","?","M","$","T","E","M","?","T","M","R","?","$","E","R","B",null,"M","?","?","?","M","R","M","R","T","$","?","M","R","E","R","B",null,"M","?","?","M","?","R","R","$","T","M","E","R","R","?","R","B",null],"character_chosen":"DEFECT","items_purchased":["Static Discharge","Toy Ornithopter","Defragment","PreservedInsect","Melter"],"campfire_rested":0,"item_purchase_floors":[4,27,42,42,42],"current_hp_per_floor":[82,82,81,81,81,72,72,54,54,45,45,38,38,24,24,6,82,82,82,82,82,70,70,57,57,57,57,57,51,51,36,36,5,82,82,82,72,65,65,65,65,65,65,65,72,72,72,62,62,35],"gold":81,"neow_bonus":"TEN_PERCENT_HP_BONUS","is_prod":false,"is_daily":false,"chose_seed":false,"campfire_upgraded":11,"win_rate":0,"timestamp":1563302868,"path_taken":["M","?","?","?","?","E","M","?","T","M","R","?","$","E","R","BOSS","M","?","?","?","?","R","M","R","T","$","?","M","R","E","R","BOSS","M","?","?","M","?","R","R","$","T","M","E","R","R","?","R","BOSS"],"build_version":"2019-07-05","purchased_purges":2,"victory":true,"max_hp_per_floor":[82,82,82,82,82,82,82,82,82,82,82,82,82,82,82,82,82,82,82,82,82,82,82,82,82,82,82,82,82,82,82,82,82,82,82,82,82,82,82,82,82,82,82,82,82,82,82,82,82,82],"card_choices":[{"not_picked":["Rebound","Heatsinks","Coolheaded"],"picked":"SKIP","floor":1},{"not_picked":["Chaos","Recycle","Ball Lightning"],"picked":"SKIP","floor":3},{"not_picked":["Cold Snap","Streamline"],"picked":"Rip and Tear","floor":6},{"not_picked":["Sweeping Beam","Barrage","Darkness"],"picked":"SKIP","floor":7},{"not_picked":["Chaos","Force Field"],"picked":"Electrodynamics","floor":10},{"not_picked":["Coolheaded","Beam Cell","Aggregate"],"picked":"SKIP","floor":14},{"not_picked":["All For One","Core Surge"],"picked":"Seek","floor":16},{"not_picked":["White Noise","Go for the Eyes"],"picked":"Reprogram+1","floor":18},{"not_picked":["Coolheaded","Compile Driver"],"picked":"Chaos","floor":22},{"not_picked":["Leap","Sweeping Beam"],"picked":"Turbo","floor":24},{"not_picked":["Cold Snap","Amplify"],"picked":"Leap","floor":29},{"not_picked":["Hello World","Loop"],"picked":"Go for the Eyes+1","floor":31},{"not_picked":["Meteor Strike","Reboot"],"picked":"Electrodynamics","floor":33},{"not_picked":["Cold Snap+1","Beam Cell+1","Doom and Gloom"],"picked":"SKIP","floor":35},{"not_picked":["Redo","Hologram"],"picked":"Rip and Tear","floor":36},{"not_picked":["Blizzard+1","Turbo","Hologram"],"picked":"SKIP","floor":38},{"not_picked":["Compile Driver","Hologram+1"],"picked":"Self Repair","floor":44},{"not_picked":["Heatsinks+1","Reboot"],"picked":"Defragment+1","floor":45},{"not_picked":["Magnetism","Madness"],"picked":"Panache","floor":48},{"not_picked":["The Bomb","Blind"],"picked":"Enlightenment","floor":48},{"not_picked":["Jack Of All Trades","Purity"],"picked":"Bandage Up","floor":48}],"player_experience":152715,"relics_obtained":[{"floor":5,"key":"War Paint"},{"floor":6,"key":"Bottled Tornado"},{"floor":9,"key":"Happy Flower"},{"floor":14,"key":"Centennial Puzzle"},{"floor":26,"key":"Dodecahedron"},{"floor":31,"key":"Omamori"},{"floor":36,"key":"WingedGreaves"},{"floor":43,"key":"Orichalcum"},{"floor":45,"key":"Bag of Preparation"}],"event_choices":[{"damage_healed":0,"gold_gain":0,"player_choice":"Got Potions","damage_taken":0,"max_hp_gain":0,"max_hp_loss":0,"event_name":"Lab","floor":2,"gold_loss":0},{"damage_healed":0,"gold_gain":0,"player_choice":"Success","damage_taken":18,"relics_obtained":["Unceasing Top"],"max_hp_gain":0,"max_hp_loss":0,"event_name":"Scrap Ooze","floor":8,"gold_loss":0},{"cards_removed":["Strike_B"],"damage_healed":0,"gold_gain":0,"player_choice":"Card Removal","damage_taken":7,"max_hp_gain":0,"max_hp_loss":0,"event_name":"Golden Wing","floor":12,"gold_loss":0},{"cards_removed":["Strike_B"],"damage_healed":0,"gold_gain":0,"player_choice":"Gave Gold","damage_taken":0,"max_hp_gain":0,"max_hp_loss":0,"event_name":"Beggar","floor":19,"gold_loss":75},{"damage_healed":0,"gold_gain":0,"player_choice":"Simplicity","damage_taken":0,"max_hp_gain":0,"max_hp_loss":0,"event_name":"Back to Basics","floor":20,"gold_loss":0,"cards_upgraded":["Defend_B","Defend_B","Defend_B"]},{"damage_healed":0,"gold_gain":99,"player_choice":"Stole From Cult","damage_taken":0,"max_hp_gain":0,"max_hp_loss":0,"event_name":"Nest","floor":21,"gold_loss":0},{"damage_healed":0,"gold_gain":0,"player_choice":"Paid Fearfully","damage_taken":0,"max_hp_gain":0,"max_hp_loss":0,"event_name":"Masked Bandits","floor":28,"gold_loss":23},{"damage_healed":0,"gold_gain":0,"player_choice":"Fight","damage_taken":0,"max_hp_gain":0,"max_hp_loss":0,"event_name":"MindBloom","floor":36,"gold_loss":0},{"damage_healed":0,"gold_gain":0,"player_choice":"Embrace Madness","damage_taken":10,"max_hp_gain":0,"max_hp_loss":0,"event_name":"Winding Halls","floor":37,"gold_loss":0,"cards_obtained":["Madness","Madness"]},{"cards_removed":["Turbo"],"damage_healed":0,"gold_gain":0,"player_choice":"Removed Skill","damage_taken":0,"max_hp_gain":0,"max_hp_loss":0,"event_name":"Falling","floor":39,"gold_loss":0},{"damage_healed":0,"gold_gain":0,"player_choice":"Memory 3","damage_taken":10,"max_hp_gain":0,"max_hp_loss":0,"event_name":"SensoryStone","floor":48,"gold_loss":0}],"is_beta":false,"boss_relics":[{"not_picked":["Calling Bell","White Beast Statue"],"picked":"Coffee Dripper"},{"not_picked":["Astrolabe","Philosopher\u0027s Stone"],"picked":"FrozenCore"}],"items_purged_floors":[4,13],"is_endless":false,"potions_floor_spawned":[3,6,16,18,24,29,31,36,38,45],"ascension_level":0}