{"gold_per_floor":[13,0,0,18,193,223,223,235,320,285,285,299,319,10,10,114,114,134,134],"floor_reached":19,"playtime":775,"items_purged":[],"score":167,"play_id":"15ca4170-ac27-4706-a5f7-cccaa48668a3","local_time":"20190630043152","is_ascension_mode":false,"campfire_choices":[{"data":"Loop","floor":11,"key":"SMITH"},{"data":"Loop","floor":15,"key":"SMITH"}],"neow_cost":"NO_GOLD","seed_source_timestamp":1422027061388616,"circlet_count":0,"master_deck":["Strike_B","Strike_B","Strike_B+1","Strike_B","Defend_B","Defend_B+1","Defend_B","Defend_B","Zap","Dualcast","Rip and Tear","Darkness","Doubt","Tempest","Loop+1","BootSequence","Reinforced Body","Loop+1","Machine Learning","Static Discharge"],"relics":["Cracked Core","Centennial Puzzle","Tiny Chest","Bottled Tornado","Philosopher\u0027s Stone"],"potions_floor_usage":[16,18,18,19],"damage_taken":[{"damage":7,"enemies":"2 Louse","floor":1,"turns":3},{"damage":6,"enemies":"Jaw Worm","floor":4,"turns":2},{"damage":24,"enemies":"Gremlin Nob","floor":6,"turns":4},{"damage":1,"enemies":"Cultist","floor":8,"turns":3},{"damage":8,"enemies":"Large Slime","floor":12,"turns":4},{"damage":2,"enemies":"2 Fungi Beasts","floor":13,"turns":3},{"damage":9,"enemies":"The Guardian","floor":16,"turns":7},{"damage":8,"enemies":"2 Thieves","floor":18,"turns":3},{"damage":38,"enemies":"Colosseum Slavers","floor":19,"turns":4},{"damage":56,"enemies":"Colosseum Nobs","floor":19,"turns":4}],"seed_played":"3962338464302454721","potions_obtained":[{"floor":1,"key":"SkillPotion"},{"floor":8,"key":"Energy Potion"},{"floor":13,"key":"FearPotion"},{"floor":18,"key":"Strength Potion"}],"is_trial":false,"path_per_floor":["M","?","?","M","?","E","?","M","T","?","R","M","M","$","R","B",null,"M","?"],"character_chosen":"DEFECT","items_purchased":["Loop","Bottled Tornado"],"campfire_rested":0,"item_purchase_floors":[14,14],"current_hp_per_floor":[82,82,64,58,58,34,34,33,33,55,55,47,45,45,45,36,89,81,0],"gold":134,"neow_bonus":"TWENTY_PERCENT_HP_BONUS","is_prod":false,"is_daily":false,"chose_seed":false,"campfire_upgraded":2,"win_rate":0.0,"timestamp":1561883512,"path_taken":["M","?","?","M","?","E","?","?","T","?","R","M","M","$","R","BOSS","M","?"],"build_version":"2019-01-23","purchased_purges":0,"victory":false,"max_hp_per_floor":[89,89,89,89,89,89,89,89,89,89,89,89,89,89,89,89,89,89,89],"card_choices":[{"not_picked":["Melter","Redo"],"picked":"Rip and Tear","floor":1},{"not_picked":["Redo","Consume"],"picked":"Darkness","floor":4},{"not_picked":["Beam Cell","Steam"],"picked":"Tempest","floor":6},{"not_picked":["Streamline","Cold Snap"],"picked":"Loop","floor":8},{"not_picked":["Barrage","Cold Snap"],"picked":"BootSequence","floor":12},{"not_picked":["Turbo","Blizzard"],"picked":"Reinforced Body","floor":13},{"not_picked":["Seek","Thunder Strike"],"picked":"Machine Learning","floor":16},{"not_picked":["Scrape","Compile Driver+1"],"picked":"Static Discharge","floor":18}],"player_experience":43795,"relics_obtained":[{"floor":6,"key":"Centennial Puzzle"},{"floor":9,"key":"Tiny Chest"}],"event_choices":[{"damage_healed":0,"gold_gain":0,"player_choice":"Left Gold","damage_taken":0,"max_hp_gain":0,"max_hp_loss":0,"event_name":"World of Goop","floor":2,"gold_loss":13},{"damage_healed":0,"gold_gain":0,"player_choice":"Entered Light","damage_taken":18,"max_hp_gain":0,"max_hp_loss":0,"event_name":"Shining Light","floor":3,"gold_loss":0,"cards_upgraded":["Defend_B","Strike_B"]},{"damage_healed":0,"gold_gain":175,"player_choice":"AGREE","damage_taken":0,"max_hp_gain":0,"max_hp_loss":0,"event_name":"Liars Game","floor":5,"gold_loss":0,"cards_obtained":["Doubt"]},{"damage_healed":0,"gold_gain":0,"player_choice":"Ignored","damage_taken":0,"max_hp_gain":0,"max_hp_loss":0,"event_name":"NoteForYourself","floor":7,"gold_loss":0},{"damage_healed":22,"gold_gain":0,"player_choice":"Healed","damage_taken":0,"max_hp_gain":0,"max_hp_loss":0,"event_name":"The Cleric","floor":10,"gold_loss":35},{"damage_healed":0,"gold_gain":0,"player_choice":"Fight","damage_taken":0,"max_hp_gain":0,"max_hp_loss":0,"event_name":"Colosseum","floor":19,"gold_loss":0},{"damage_healed":0,"gold_gain":0,"player_choice":"Fought Nobs","damage_taken":0,"max_hp_gain":0,"max_hp_loss":0,"event_name":"Colosseum","floor":19,"gold_loss":0}],"is_beta":false,"boss_relics":[{"not_picked":["Runic Pyramid","White Beast Statue"],"picked":"Philosopher\u0027s Stone"}],"items_purged_floors":[],"is_endless":false,"potions_floor_spawned":[1,8,13,18,19],"killed_by":"Colosseum Nobs","ascension_level":0}