{"gold_per_floor":[114,114,132,142,142,177,177,190,237,237,237,281,281,302,302,302],"floor_reached":16,"playtime":551,"items_purged":[],"score":116,"play_id":"5b61723f-741c-43c6-bdd1-9d8981c520ad","local_time":"20190110171339","is_ascension_mode":true,"campfire_choices":[{"data":"Neutralize","floor":7,"key":"SMITH"},{"data":"Burst","floor":10,"key":"SMITH"},{"data":"Poisoned Stab","floor":15,"key":"SMITH"}],"neow_cost":"NONE","seed_source_timestamp":0,"circlet_count":0,"master_deck":["Defend_G","Defend_G","Defend_G","Defend_G","Defend_G","Strike_G","Strike_G","Strike_G","Strike_G","Strike_G","Survivor","Neutralize+1","Burst+1","Backflip","Heel Hook","Poisoned Stab+1"],"relics":["Ring of the Snake","FaceOfCleric","Golden Idol","Meat on the Bone","PreservedInsect","Omamori"],"potions_floor_usage":[],"damage_taken":[{"damage":2,"enemies":"2 Louse","floor":1,"turns":3},{"damage":0,"enemies":"Cultist","floor":3,"turns":4},{"damage":1,"enemies":"Jaw Worm","floor":4,"turns":7},{"damage":49,"enemies":"Gremlin Nob","floor":6,"turns":6},{"damage":4,"enemies":"Looter","floor":8,"turns":4},{"damage":16,"enemies":"3 Sentries","floor":12,"turns":12},{"damage":4,"enemies":"Red Slaver","floor":14,"turns":5},{"damage":28,"enemies":"Slime Boss","floor":16,"turns":7}],"seed_played":"2554055143898102339","potions_obtained":[{"floor":3,"key":"Poison Potion"},{"floor":8,"key":"PowerPotion"}],"is_trial":false,"path_per_floor":["M","?","M","M","?","E","R","M","T","R","?","E","T","M","R","B"],"character_chosen":"THE_SILENT","items_purchased":[],"campfire_rested":0,"item_purchase_floors":[],"current_hp_per_floor":[68,68,69,69,67,19,19,28,28,28,28,25,25,34,34,6],"gold":302,"neow_bonus":"ONE_RANDOM_RARE_CARD","is_prod":false,"is_daily":false,"chose_seed":true,"campfire_upgraded":3,"win_rate":0,"timestamp":1547136819,"path_taken":["M","?","M","?","?","E","R","M","T","R","?","E","?","M","R","BOSS"],"build_version":"2019-01-03v4","purchased_purges":0,"victory":false,"max_hp_per_floor":[70,70,71,72,67,68,68,69,69,69,69,70,70,71,71,71],"card_choices":[{"not_picked":["Deadly Poison","Finisher","Quick Slash"],"picked":"SKIP","floor":1},{"not_picked":["Sucker Punch","Flying Knee"],"picked":"Backflip","floor":3},{"not_picked":["Blade Dance","Outmaneuver"],"picked":"Heel Hook","floor":4},{"not_picked":["Eviscerate","Terror","Poisoned Stab"],"picked":"SKIP","floor":6},{"not_picked":["Reflex","Sucker Punch","Bane"],"picked":"SKIP","floor":8},{"not_picked":["Caltrops","Calculated Gamble","Endless Agony"],"picked":"SKIP","floor":12},{"not_picked":["PiercingWail","Die Die Die"],"picked":"Poisoned Stab","floor":14}],"player_experience":679212,"relics_obtained":[{"floor":6,"key":"Meat on the Bone"},{"floor":9,"key":"PreservedInsect"},{"floor":12,"key":"Omamori"}],"event_choices":[{"damage_healed":0,"gold_gain":0,"player_choice":"Trade","damage_taken":0,"relics_obtained":["FaceOfCleric"],"max_hp_gain":0,"max_hp_loss":0,"event_name":"FaceTrader","floor":2,"gold_loss":0},{"damage_healed":0,"gold_gain":0,"player_choice":"Lose Max HP","damage_taken":0,"relics_obtained":["Golden Idol"],"max_hp_gain":0,"max_hp_loss":5,"event_name":"Golden Idol","floor":5,"gold_loss":0},{"damage_healed":0,"gold_gain":0,"player_choice":"Ignored","damage_taken":0,"max_hp_gain":0,"max_hp_loss":0,"event_name":"Liars Game","floor":11,"gold_loss":0}],"is_beta":false,"boss_relics":[],"items_purged_floors":[],"is_endless":false,"potions_floor_spawned":[3,8],"killed_by":"Slime Boss","ascension_level":1}