{"gold_per_floor":[109,109,109,120,130,130,164,164,215,233,233,163,163,177,177,272,272,282,282,282,294,311,338,338,348,371,371,371,371,391,725,725,725],"floor_reached":33,"playtime":2781,"items_purged":[],"score":285,"play_id":"cfbb08e4-a728-4999-827f-6d32eb1a7a2e","local_time":"20190716025122","is_ascension_mode":false,"campfire_choices":[{"floor":6,"key":"REST"},{"floor":8,"key":"REST"},{"floor":11,"key":"REST"},{"data":"Anger","floor":13,"key":"SMITH"},{"data":"Inflame","floor":15,"key":"SMITH"},{"floor":24,"key":"REST"},{"floor":29,"key":"REST"},{"floor":32,"key":"REST"}],"neow_cost":"NONE","seed_source_timestamp":366902728416950,"circlet_count":0,"master_deck":["Strike_R+1","Strike_R+1","Strike_R+1","Defend_R+1","Defend_R+1","Defend_R+1","Defend_R+1","Bash","Armaments","Inflame+1","Cleave","Anger+1","Pommel Strike","Seeing Red","Burning Pact","Demon Form","Second Wind+1","Rupture","Carnage","Burning Pact","Flex","Clash","Burning Pact+1","Cleave"],"relics":["Burning Blood","NeowsBlessing","Vajra","Centennial Puzzle","Busted Crown","Frozen Egg 2","Anchor","Old Coin"],"potions_floor_usage":[16,16,30,30,31],"damage_taken":[{"damage":0,"enemies":"2 Louse","floor":1,"turns":1},{"damage":0,"enemies":"Jaw Worm","floor":4,"turns":1},{"damage":0,"enemies":"Cultist","floor":5,"turns":2},{"damage":36,"enemies":"Lagavulin","floor":7,"turns":6},{"damage":15,"enemies":"Exordium Thugs","floor":10,"turns":4},{"damage":7,"enemies":"3 Louse","floor":14,"turns":2},{"damage":48,"enemies":"Hexaghost","floor":16,"turns":7},{"damage":10,"enemies":"3 Byrds","floor":18,"turns":4},{"damage":0,"enemies":"Chosen","floor":21,"turns":3},{"damage":30,"enemies":"Shelled Parasite and Fungi","floor":22,"turns":4},{"damage":30,"enemies":"Book of Stabbing","floor":23,"turns":4},{"damage":2,"enemies":"Snecko","floor":25,"turns":3},{"damage":19,"enemies":"3 Cultists","floor":30,"turns":5},{"damage":29,"enemies":"Slavers","floor":31,"turns":4},{"damage":81,"enemies":"Automaton","floor":33,"turns":6}],"seed_played":"-7853335872709651454","potions_obtained":[{"floor":1,"key":"SpeedPotion"},{"floor":5,"key":"Regen Potion"},{"floor":7,"key":"Explosive Potion"},{"floor":23,"key":"Explosive Potion"},{"floor":25,"key":"LiquidBronze"},{"floor":30,"key":"Strength Potion"},{"floor":31,"key":"Strength Potion"}],"is_trial":false,"path_per_floor":["M","?","?","M","M","R","E","R","T","M","R","$","R","M","R","B",null,"M","?","?","M","M","E","R","M","T","?","?","R","M","E","R","B"],"character_chosen":"IRONCLAD","items_purchased":["Seeing Red"],"campfire_rested":6,"item_purchase_floors":[12],"current_hp_per_floor":[80,64,64,70,76,80,50,74,74,65,80,80,80,79,79,51,80,76,76,76,80,56,32,56,60,60,45,45,70,57,34,59,0],"gold":725,"neow_bonus":"THREE_ENEMY_KILL","is_prod":false,"is_daily":false,"chose_seed":false,"campfire_upgraded":2,"win_rate":0.0,"timestamp":1563270682,"path_taken":["M","?","?","M","?","R","E","R","T","M","R","$","R","M","R","BOSS","M","?","?","?","M","E","R","M","T","?","?","R","M","E","R","BOSS"],"build_version":"2019-07-05","purchased_purges":0,"victory":false,"max_hp_per_floor":[80,80,80,80,80,80,80,80,80,80,80,80,80,80,80,80,80,80,80,80,80,80,80,80,80,80,85,85,85,85,85,85,85],"card_choices":[{"not_picked":["Anger","True Grit"],"picked":"Shockwave","floor":1},{"not_picked":["Perfected Strike","Ghostly Armor"],"picked":"Inflame","floor":4},{"not_picked":["Intimidate","Sword Boomerang"],"picked":"Cleave","floor":5},{"not_picked":["Fire Breathing","Feel No Pain"],"picked":"Anger","floor":7},{"not_picked":["Cleave","Twin Strike"],"picked":"Pommel Strike","floor":10},{"not_picked":["Sword Boomerang","Armaments"],"picked":"Burning Pact","floor":14},{"not_picked":["Bludgeon","Offering"],"picked":"Demon Form","floor":16},{"not_picked":[],"picked":"Second Wind+1","floor":18},{"not_picked":[],"picked":"Burning Pact","floor":21},{"not_picked":["Perfected Strike"],"picked":"SKIP","floor":22},{"not_picked":[],"picked":"Flex","floor":23},{"not_picked":[],"picked":"Clash","floor":25},{"not_picked":[],"picked":"Burning Pact+1","floor":30},{"not_picked":[],"picked":"Cleave","floor":31}],"player_experience":3354,"relics_obtained":[{"floor":7,"key":"Vajra"},{"floor":9,"key":"Centennial Puzzle"},{"floor":23,"key":"Frozen Egg 2"},{"floor":26,"key":"Anchor"},{"floor":31,"key":"Old Coin"}],"event_choices":[{"damage_healed":0,"gold_gain":0,"player_choice":"Entered Light","damage_taken":16,"max_hp_gain":0,"max_hp_loss":0,"event_name":"Shining Light","floor":2,"gold_loss":0,"cards_upgraded":["Strike_R","Defend_R"]},{"damage_healed":0,"gold_gain":0,"cards_transformed":["Shockwave"],"player_choice":"Transformed","damage_taken":0,"max_hp_gain":0,"max_hp_loss":0,"event_name":"Transmorgrifier","floor":3,"gold_loss":0,"cards_obtained":["Armaments"]},{"damage_healed":0,"gold_gain":0,"cards_transformed":["Strike_R","Strike_R"],"player_choice":"Became Test Subject","damage_taken":0,"max_hp_gain":0,"max_hp_loss":0,"event_name":"Drug Dealer","floor":19,"gold_loss":0,"cards_obtained":["Rupture","Carnage"]},{"damage_healed":0,"gold_gain":0,"player_choice":"Simplicity","damage_taken":0,"max_hp_gain":0,"max_hp_loss":0,"event_name":"Back to Basics","floor":20,"gold_loss":0,"cards_upgraded":["Strike_R","Strike_R","Defend_R","Defend_R","Defend_R"]},{"damage_healed":0,"gold_gain":0,"player_choice":"Shed Blood","damage_taken":20,"max_hp_gain":5,"max_hp_loss":0,"event_name":"Forgotten Altar","floor":27,"gold_loss":0},{"damage_healed":0,"gold_gain":0,"player_choice":"Ignored","damage_taken":0,"max_hp_gain":0,"max_hp_loss":0,"event_name":"The Mausoleum","floor":28,"gold_loss":0}],"is_beta":false,"boss_relics":[{"not_picked":["Astrolabe","White Beast Statue"],"picked":"Busted Crown"}],"items_purged_floors":[],"is_endless":false,"potions_floor_spawned":[1,5,7,23,25,30,31],"killed_by":"Automaton","ascension_level":0}