{"path_per_floor":["M","M","?","$","M","E","M","R","T","?","$","R","E","M","R","B",null,"M","$","?","M","M","E"],"character_chosen":"DEFECT","items_purchased":["Art of War","Capacitor","Blood Vial"],"gold_per_floor":[18,32,32,32,49,83,95,95,118,218,23,23,49,63,63,159,159,175,18,18,29,47,112,112],"floor_reached":24,"campfire_rested":0,"playtime":1653,"current_hp_per_floor":[75,75,80,80,80,53,47,47,47,47,47,47,52,49,49,52,89,70,70,70,71,65,23,0],"items_purged":[],"gold":112,"score":251,"play_id":"5a6127e0-9c5e-4ea5-a041-715b5dbd7d38","local_time":"20180501150048","is_prod":false,"is_daily":false,"chose_seed":false,"is_ascension_mode":false,"campfire_upgraded":3,"timestamp":1525179648,"path_taken":["M","M","?","?","?","E","?","R","T","?","$","R","E","M","R","BOSS","M","$","?","M","M","E","M"],"build_version":"2018-04-30","seed_source_timestamp":538200098257130,"purchased_purges":2,"victory":false,"master_deck":["Strike_B+1","Strike_B+1","Strike_B+1","Strike_B+1","Defend_B+1","Defend_B+1","Defend_B+1","Defend_B+1","Zap","Dualcast+1","Rainbow+1","Cold Snap","FTL","Glacier","Barrage","Self Repair","Capacitor+1","Blizzard","Redo","Undo","Skim"],"max_hp_per_floor":[75,75,80,80,80,80,80,80,80,80,80,80,89,89,89,89,89,91,91,91,91,91,93,93],"relics":["Cracked Core","Orichalcum","Singing Bowl","Art of War","Strawberry","Inserter","Blood Vial","Tiny Chest"],"card_choices":[{"not_picked":["All For One","Meteor Strike"],"picked":"Rainbow","floor":0.0},{"not_picked":["Coolheaded","Impulse"],"picked":"Cold Snap","floor":1.0},{"not_picked":["Tempest","Streamline"],"picked":"FTL","floor":2.0},{"not_picked":["Leap","Go for the Eyes"],"picked":"Glacier","floor":5.0},{"not_picked":["Stack","Sweeping Beam"],"picked":"Barrage","floor":6.0},{"not_picked":["Sweeping Beam","Impulse"],"picked":"Self Repair","floor":7.0},{"not_picked":["Self Repair","Capacitor"],"picked":"Blizzard","floor":14.0},{"not_picked":["Machine Learning","Fusion"],"picked":"Redo","floor":16.0},{"not_picked":["Blizzard","Coolheaded"],"picked":"Undo","floor":21.0},{"not_picked":["Capacitor","Tempest"],"picked":"Skim","floor":22.0}],"player_experience":561797,"potions_floor_usage":[],"damage_taken":[{"damage":0.0,"enemies":"Small Slimes","floor":1.0,"turns":3.0},{"damage":0.0,"enemies":"2 Louse","floor":2.0,"turns":3.0},{"damage":0.0,"enemies":"Cultist","floor":5.0,"turns":3.0},{"damage":27.0,"enemies":"Gremlin Nob","floor":6.0,"turns":4.0},{"damage":6.0,"enemies":"Exordium Thugs","floor":7.0,"turns":5.0},{"damage":4.0,"enemies":"3 Sentries","floor":13.0,"turns":5.0},{"damage":10.0,"enemies":"Gremlin Gang","floor":14.0,"turns":5.0},{"damage":4.0,"enemies":"The Guardian","floor":16.0,"turns":10.0},{"damage":21.0,"enemies":"3 Byrds","floor":18.0,"turns":4.0},{"damage":8.0,"enemies":"Shell Parasite","floor":21.0,"turns":5.0},{"damage":8.0,"enemies":"Centurion and Healer","floor":22.0,"turns":7.0},{"damage":79.0,"enemies":"Gremlin Leader","floor":23.0,"turns":11.0},{"damage":26,"enemies":"Sentry and Sphere","floor":24,"turns":7}],"event_choices":[{"event_name":"Big Fish","player_choice":"Donut","floor":3.0,"damage_taken":0.0},{"event_name":"Golden Shrine","player_choice":"Pray","floor":10.0,"damage_taken":0.0},{"event_name":"Back to Basics","player_choice":"Simplicity","floor":20.0,"damage_taken":0.0}],"boss_relics":[],"potions_floor_spawned":[1,5,6,14,16,22,23],"seed_played":"-6298774697794334747","killed_by":"Sentry and Sphere","ascension_level":0,"is_trial":false}