{"gold_per_floor":[113,124,143,159,64,98,98,19,19,35,35,55,74,90,90,191,191,203,223,238,238,27,27,43,43],"floor_reached":25,"playtime":1132,"items_purged":[],"score":209,"play_id":"c06f03be-7753-4e02-8dbb-fb22b9ea910f","local_time":"20190711153545","is_ascension_mode":false,"campfire_choices":[{"floor":7,"key":"REST"},{"floor":15,"key":"REST"},{"floor":23,"key":"REST"}],"neow_cost":"NONE","seed_source_timestamp":10877525673274,"circlet_count":0,"master_deck":["Strike_B","Strike_B","Strike_B","Defend_B","Defend_B","Defend_B","Defend_B","Zap","Dualcast","FTL","Hologram","Go for the Eyes","Self Repair","Go for the Eyes","Rebound","Rebound","Hello World","Steam","Seek","Beam Cell","Self Repair","Machine Learning","Steam","Skim","Genetic Algorithm","Hello World","Turbo+1"],"relics":["Fusion Hammer","Dodecahedron","Ornamental Fan","Black Star","Blood Vial"],"potions_floor_usage":[6,16,18,25,25,25],"damage_taken":[{"damage":8,"enemies":"2 Louse","floor":1,"turns":3},{"damage":1,"enemies":"Cultist","floor":2,"turns":3},{"damage":0,"enemies":"Small Slimes","floor":3,"turns":2},{"damage":11,"enemies":"Exordium Thugs","floor":4,"turns":4},{"damage":26,"enemies":"Lagavulin","floor":6,"turns":6},{"damage":1,"enemies":"Blue Slaver","floor":10,"turns":3},{"damage":8,"enemies":"Lots of Slimes","floor":12,"turns":4},{"damage":0,"enemies":"Large Slime","floor":13,"turns":5},{"damage":3,"enemies":"Looter","floor":14,"turns":3},{"damage":32,"enemies":"Hexaghost","floor":16,"turns":10},{"damage":16,"enemies":"2 Thieves","floor":18,"turns":4},{"damage":35,"enemies":"3 Byrds","floor":19,"turns":9},{"damage":36,"enemies":"Centurion and Healer","floor":20,"turns":11},{"damage":26,"enemies":"Sentry and Sphere","floor":24,"turns":8},{"damage":44,"enemies":"Snecko","floor":25,"turns":6}],"seed_played":"7416899965871160824","potions_obtained":[{"floor":3,"key":"Weak Potion"},{"floor":12,"key":"Explosive Potion"},{"floor":13,"key":"LiquidBronze"},{"floor":16,"key":"Ancient Potion"},{"floor":19,"key":"LiquidBronze"},{"floor":24,"key":"Poison Potion"}],"is_trial":false,"path_per_floor":["M","M","M","M","$","E","R","$","T","M","?","M","M","M","R","B",null,"M","M","M","?","$","R","M","M"],"character_chosen":"DEFECT","items_purchased":["Go for the Eyes","Rebound","Hello World","Blood Vial","Hello World"],"campfire_rested":3,"item_purchase_floors":[5,5,8,22,22],"current_hp_per_floor":[67,66,66,55,55,36,58,58,58,64,64,63,70,74,75,57,75,66,45,23,23,23,45,35,0],"gold":43,"neow_bonus":"BOSS_RELIC","is_prod":false,"is_daily":false,"chose_seed":false,"campfire_upgraded":0,"win_rate":0.0,"timestamp":1562877345,"path_taken":["M","M","M","M","$","E","R","$","T","M","?","M","M","M","R","BOSS","M","M","?","?","?","R","M","M"],"build_version":"2019-07-05","purchased_purges":0,"victory":false,"max_hp_per_floor":[75,75,75,75,75,75,75,75,75,75,75,75,75,75,75,75,75,75,75,75,75,75,75,75,75],"card_choices":[{"not_picked":["Ball Lightning","Barrage"],"picked":"FTL","floor":1},{"not_picked":["Rebound","Loop"],"picked":"Hologram","floor":2},{"not_picked":["Ball Lightning","Coolheaded"],"picked":"Go for the Eyes","floor":3},{"not_picked":["Stack","Beam Cell"],"picked":"Self Repair","floor":4},{"not_picked":["Streamline","Go for the Eyes"],"picked":"Rebound","floor":6},{"not_picked":["Double Energy","Stack"],"picked":"Steam","floor":10},{"not_picked":["Hello World","Ball Lightning"],"picked":"Seek","floor":12},{"not_picked":["Turbo","Hello World"],"picked":"Beam Cell","floor":13},{"not_picked":["Cold Snap","Compile Driver"],"picked":"Self Repair","floor":14},{"not_picked":["Biased Cognition","Echo Form"],"picked":"Machine Learning","floor":16},{"not_picked":["Lockon","Barrage"],"picked":"Steam","floor":18},{"not_picked":["Lockon","Turbo"],"picked":"Skim","floor":19},{"not_picked":["Recycle","Hologram"],"picked":"Genetic Algorithm","floor":20},{"not_picked":["Rebound","Auto Shields"],"picked":"Turbo+1","floor":24}],"player_experience":75810,"relics_obtained":[{"floor":6,"key":"Dodecahedron"},{"floor":9,"key":"Ornamental Fan"}],"event_choices":[{"cards_removed":["Strike_B"],"damage_healed":0,"gold_gain":0,"player_choice":"Purged","damage_taken":0,"max_hp_gain":0,"max_hp_loss":0,"event_name":"Purifier","floor":11,"gold_loss":0},{"damage_healed":0,"gold_gain":0,"player_choice":"Ignored","damage_taken":0,"max_hp_gain":0,"max_hp_loss":0,"event_name":"Vampires","floor":21,"gold_loss":0}],"is_beta":false,"boss_relics":[{"not_picked":["Empty Cage","Lizard Tail"],"picked":"Black Star"}],"items_purged_floors":[],"is_endless":false,"potions_floor_spawned":[3,12,13,16,19,24],"killed_by":"Snecko","ascension_level":0}