{"gold_per_floor":[11,31,306,317,90,120,120,138,138,165,165,186,186,203,203,300,300,315,315,328,37,47,47,59,59,59,59,76,107,107,124,124,221,271,285,285,285,33,51,51,51,99,99,199,215,215,250,250,250,250],"floor_reached":50,"playtime":6595,"items_purged":["Regret"],"score":598,"play_id":"39419824-39b9-4752-994c-f4f071c41e6f","local_time":"20190731134800","is_ascension_mode":true,"campfire_choices":[{"data":"Neutralize","floor":7,"key":"SMITH"},{"floor":11,"key":"REST"},{"data":"Noxious Fumes","floor":13,"key":"SMITH"},{"floor":15,"key":"REST"},{"floor":23,"key":"REST"},{"floor":27,"key":"REST"},{"data":"Wraith Form v2","floor":30,"key":"SMITH"},{"floor":32,"key":"REST"},{"data":"Storm of Steel","floor":40,"key":"SMITH"},{"floor":46,"key":"REST"},{"data":"Accuracy","floor":49,"key":"SMITH"}],"neow_cost":"NO_GOLD","seed_source_timestamp":6383502736900,"circlet_count":0,"master_deck":["Strike_G+1","Strike_G+1","Strike_G+1","Strike_G+1","Defend_G+1","Defend_G+1","Defend_G+1","Defend_G+1","Survivor","Neutralize+1","Dagger Spray","Backflip+1","Caltrops","Footwork","Accuracy+1","Noxious Fumes+1","Wraith Form v2+1","A Thousand Cuts","Riddle With Holes","Dagger Throw+1","Deadly Poison+1","Slice","Cloak And Dagger","Quick Slash","Storm of Steel+1","Bouncing Flask","Poisoned Stab+1","Madness","Madness","Cloak And Dagger","Finisher","Riddle With Holes+1"],"relics":["Ring of the Snake","PreservedInsect","Ancient Tea Set","Ninja Scroll","Mummified Hand","Odd Mushroom","WristBlade","The Specimen","Tough Bandages","Juzu Bracelet","Tiny House","Bottled Flame","Ginger","Anchor","Peace Pipe","Vajra","Bottled Tornado"],"potions_floor_usage":[6,16,18,20,24,33,42,50,50],"damage_taken":[{"damage":0,"enemies":"2 Louse","floor":1,"turns":3},{"damage":1,"enemies":"Cultist","floor":2,"turns":3},{"damage":6,"enemies":"Jaw Worm","floor":4,"turns":5},{"damage":14,"enemies":"3 Sentries","floor":6,"turns":6},{"damage":0,"enemies":"3 Louse","floor":8,"turns":2},{"damage":12,"enemies":"Gremlin Nob","floor":10,"turns":3},{"damage":4,"enemies":"The Mushroom Lair","floor":12,"turns":3},{"damage":0,"enemies":"Exordium Wildlife","floor":14,"turns":3},{"damage":24,"enemies":"Slime Boss","floor":16,"turns":11},{"damage":13,"enemies":"2 Thieves","floor":18,"turns":3},{"damage":2,"enemies":"Spheric Guardian","floor":20,"turns":5},{"damage":17,"enemies":"Snecko","floor":22,"turns":4},{"damage":3,"enemies":"Shelled Parasite and Fungi","floor":24,"turns":4},{"damage":0,"enemies":"3 Cultists","floor":28,"turns":3},{"damage":19,"enemies":"Slavers","floor":29,"turns":5},{"damage":1,"enemies":"Cultist and Chosen","floor":31,"turns":5},{"damage":52,"enemies":"Champ","floor":33,"turns":13},{"damage":3,"enemies":"3 Darklings","floor":35,"turns":4},{"damage":0,"enemies":"3 Shapes","floor":39,"turns":4},{"damage":0,"enemies":"2 Orb Walkers","floor":42,"turns":5},{"damage":10,"enemies":"Mind Bloom Boss Battle","floor":44,"turns":6},{"damage":2,"enemies":"Spire Growth","floor":45,"turns":5},{"damage":2,"enemies":"Reptomancer","floor":47,"turns":5},{"damage":99,"enemies":"Awakened One","floor":50,"turns":10}],"seed_played":"-1444759795173613129","potions_obtained":[{"floor":1,"key":"LiquidBronze"},{"floor":4,"key":"GhostInAJar"},{"floor":10,"key":"SpeedPotion"},{"floor":16,"key":"GhostInAJar"},{"floor":18,"key":"GhostInAJar"},{"floor":24,"key":"SpeedPotion"},{"floor":34,"key":"GhostInAJar"},{"floor":35,"key":"Poison Potion"},{"floor":39,"key":"Regen Potion"}],"is_trial":false,"path_per_floor":["M","M","?","M","$","E","R","M","T","E","R","?","R","M","R","B",null,"M","?","M","$","M","R","M","?","T","R","M","E","R","M","R","B",null,"M","$","?","$","M","R","?","?","T","?","M","R","E","T","R","B"],"character_chosen":"THE_SILENT","items_purchased":["PreservedInsect","The Specimen","Bottled Flame"],"campfire_rested":6,"item_purchase_floors":[5,21,38],"current_hp_per_floor":[70,69,69,63,63,49,49,49,49,37,58,54,54,54,70,46,70,57,44,42,42,25,47,44,44,44,66,66,47,47,46,68,16,80,77,77,77,77,77,77,67,67,67,57,55,79,77,77,77,0],"gold":250,"neow_bonus":"REMOVE_TWO","is_prod":false,"is_daily":false,"chose_seed":false,"campfire_upgraded":5,"win_rate":0,"timestamp":1564573680,"path_taken":["M","M","?","?","$","E","R","M","T","E","R","?","R","M","R","BOSS","M","?","M","$","M","R","M","?","T","R","M","E","R","M","R","BOSS","M","$","?","$","M","R","?","?","T","?","M","R","E","?","R","BOSS"],"build_version":"2019-07-17","purchased_purges":1,"victory":false,"max_hp_per_floor":[70,70,70,70,70,70,70,70,70,70,70,70,70,70,70,70,70,70,75,75,75,75,75,75,75,75,75,75,75,75,75,75,75,80,80,80,80,80,80,80,80,80,80,80,80,80,80,80,80,80],"card_choices":[{"not_picked":["Eviscerate","Cloak And Dagger"],"picked":"Dagger Spray","floor":1},{"not_picked":["Sucker Punch","Quick Slash"],"picked":"Backflip","floor":2},{"not_picked":["Expertise","Eviscerate"],"picked":"PiercingWail","floor":4},{"not_picked":["Dagger Throw","Dagger Spray"],"picked":"Caltrops","floor":6},{"not_picked":["PiercingWail","Well Laid Plans"],"picked":"Footwork","floor":8},{"not_picked":["Blade Dance","Bane"],"picked":"Accuracy","floor":10},{"not_picked":["Dagger Throw","Dash"],"picked":"Noxious Fumes","floor":12},{"not_picked":["Endless Agony","Cloak And Dagger"],"picked":"Wraith Form v2","floor":14},{"not_picked":["Bullet Time","Tools of the Trade"],"picked":"A Thousand Cuts","floor":16},{"not_picked":["Sucker Punch","Flying Knee+1"],"picked":"Riddle With Holes","floor":18},{"not_picked":["Deadly Poison","Backflip"],"picked":"Dagger Throw+1","floor":20},{"not_picked":["Terror","Backflip"],"picked":"Deadly Poison+1","floor":22},{"not_picked":["Poisoned Stab","Night Terror"],"picked":"Slice","floor":24},{"not_picked":["Underhanded Strike","Distraction","Prepared"],"picked":"SKIP","floor":28},{"not_picked":["Slice","Calculated Gamble"],"picked":"Cloak And Dagger","floor":29},{"not_picked":["Prepared","Slice"],"picked":"Quick Slash","floor":31},{"not_picked":["Phantasmal Killer","Die Die Die"],"picked":"Storm of Steel","floor":33},{"not_picked":["Flying Knee","Poisoned Stab"],"picked":"Bouncing Flask","floor":34},{"not_picked":["Dagger Throw","Deflect","Quick Slash"],"picked":"SKIP","floor":35},{"not_picked":["PiercingWail","Outmaneuver"],"picked":"Poisoned Stab+1","floor":39},{"not_picked":["Choke+1","Outmaneuver"],"picked":"Cloak And Dagger","floor":42},{"not_picked":["Deadly Poison+1","Dagger Throw+1"],"picked":"Finisher","floor":44},{"not_picked":["Expertise","Slice+1"],"picked":"Riddle With Holes+1","floor":45},{"not_picked":["Reflex","Dagger Throw","Quick Slash"],"picked":"SKIP","floor":47}],"player_experience":200999,"relics_obtained":[{"floor":6,"key":"Ancient Tea Set"},{"floor":9,"key":"Ninja Scroll"},{"floor":10,"key":"Mummified Hand"},{"floor":12,"key":"Odd Mushroom"},{"floor":26,"key":"Tough Bandages"},{"floor":29,"key":"Juzu Bracelet"},{"floor":42,"key":"Ginger"},{"floor":43,"key":"Anchor"},{"floor":44,"key":"Peace Pipe"},{"floor":47,"key":"Vajra"},{"floor":48,"key":"Bottled Tornado"}],"event_choices":[{"damage_healed":0,"gold_gain":275,"player_choice":"Desecrate","damage_taken":0,"max_hp_gain":0,"max_hp_loss":0,"event_name":"Golden Shrine","floor":3,"gold_loss":0,"cards_obtained":["Regret"]},{"damage_healed":0,"gold_gain":0,"player_choice":"Fought Mushrooms","damage_taken":0,"max_hp_gain":0,"max_hp_loss":0,"event_name":"Mushrooms","floor":12,"gold_loss":0},{"damage_healed":0,"gold_gain":0,"player_choice":"Shed Blood","damage_taken":18,"max_hp_gain":5,"max_hp_loss":0,"event_name":"Forgotten Altar","floor":19,"gold_loss":0},{"damage_healed":0,"gold_gain":0,"player_choice":"Simplicity","damage_taken":0,"max_hp_gain":0,"max_hp_loss":0,"event_name":"Back to Basics","floor":25,"gold_loss":0,"cards_upgraded":["Strike_G","Strike_G","Strike_G","Strike_G","Defend_G","Defend_G","Defend_G","Defend_G"]},{"cards_removed":["PiercingWail"],"damage_healed":0,"gold_gain":0,"player_choice":"Removed Skill","damage_taken":0,"max_hp_gain":0,"max_hp_loss":0,"event_name":"Falling","floor":37,"gold_loss":0},{"damage_healed":0,"gold_gain":0,"player_choice":"Embrace Madness","damage_taken":10,"max_hp_gain":0,"max_hp_loss":0,"event_name":"Winding Halls","floor":41,"gold_loss":0,"cards_obtained":["Madness","Madness"]},{"damage_healed":0,"gold_gain":0,"player_choice":"Fight","damage_taken":0,"max_hp_gain":0,"max_hp_loss":0,"event_name":"Mysterious Sphere","floor":42,"gold_loss":0},{"damage_healed":0,"gold_gain":0,"player_choice":"Fight","damage_taken":0,"max_hp_gain":0,"max_hp_loss":0,"event_name":"MindBloom","floor":44,"gold_loss":0}],"is_beta":false,"boss_relics":[{"not_picked":["White Beast Statue","Snecko Eye"],"picked":"WristBlade"},{"not_picked":["HoveringKite","Pandora\u0027s Box"],"picked":"Tiny House"}],"items_purged_floors":[5],"is_endless":false,"potions_floor_spawned":[1,4,10,16,18,24,35,39],"killed_by":"Awakened One","ascension_level":3}