{"gold_per_floor":[17,17,28,47,65,92,102,102],"floor_reached":8,"playtime":265,"items_purged":[],"score":120,"play_id":"ae0803e9-3a7e-4301-837d-01b3935dd871","local_time":"20190720180750","is_ascension_mode":true,"campfire_choices":[],"neow_cost":"NO_GOLD","seed_source_timestamp":199221763334212,"circlet_count":0,"master_deck":["AscendersBane","Strike_R","Strike_R","Strike_R","Strike_R","Defend_R","Defend_R","Defend_R","Bash","Carnage","Metallicize","Whirlwind","Sword Boomerang","Shrug It Off","Pommel Strike","Warcry"],"special_seed":0,"relics":["Burning Blood","Kunai"],"potions_floor_usage":[7],"damage_taken":[{"damage":21.0,"enemies":"Small Slimes","floor":1.0,"turns":3.0},{"damage":0.0,"enemies":"Cultist","floor":3.0,"turns":2.0},{"damage":11.0,"enemies":"Jaw Worm","floor":4.0,"turns":3.0},{"damage":10.0,"enemies":"Blue Slaver","floor":5.0,"turns":4.0},{"damage":26,"enemies":"3 Sentries","floor":6,"turns":5},{"damage":14,"enemies":"Large Slime","floor":7,"turns":4},{"damage":43,"enemies":"Lagavulin","floor":8,"turns":7}],"seed_played":"-892054337209971292","potions_obtained":[{"floor":2.0,"key":"Fruit Juice"},{"floor":2.0,"key":"Weak Potion"},{"floor":4.0,"key":"Weak Potion"},{"floor":6,"key":"Dexterity Potion"}],"is_trial":false,"path_per_floor":["M","?","M","M","M","E","M","E"],"character_chosen":"IRONCLAD","items_purchased":[],"campfire_rested":0,"item_purchase_floors":[],"current_hp_per_floor":[53,58,64,59,55,35,27,0],"gold":102,"neow_bonus":"TRANSFORM_TWO_CARDS","is_prod":false,"is_daily":false,"chose_seed":false,"campfire_upgraded":0,"win_rate":0,"timestamp":1563613670,"path_taken":["M","?","M","M","M","E","M","E"],"build_version":"2019-07-17","purchased_purges":0,"victory":false,"max_hp_per_floor":[75,80,80,80,80,80,80,80],"card_choices":[{"not_picked":["Twin Strike","Cleave"],"picked":"Whirlwind","floor":1.0},{"not_picked":["Pummel","Heavy Blade"],"picked":"Sword Boomerang","floor":3.0},{"not_picked":["Wild Strike","Sever Soul"],"picked":"Shrug It Off","floor":4.0},{"not_picked":["Wild Strike","Sword Boomerang"],"picked":"Pommel Strike","floor":5.0},{"not_picked":["Wild Strike","Pommel Strike"],"picked":"Warcry","floor":6}],"player_experience":997588,"relics_obtained":[{"floor":6,"key":"Kunai"}],"event_choices":[{"damage_healed":0.0,"max_hp_gain":0.0,"max_hp_loss":0.0,"gold_gain":0.0,"event_name":"Lab","player_choice":"Got Potions","floor":2.0,"gold_loss":0.0,"damage_taken":0.0}],"is_beta":false,"boss_relics":[],"items_purged_floors":[],"is_endless":false,"potions_floor_spawned":[4,6],"killed_by":"Lagavulin","ascension_level":20}