{"gold_per_floor":[118,134,153,164,176,205,219,219],"floor_reached":8,"playtime":339,"items_purged":[],"score":124,"play_id":"31bf7be0-eb9e-44f3-a616-4e15663c28c3","local_time":"20190728153034","is_ascension_mode":true,"campfire_choices":[],"neow_cost":"NONE","seed_source_timestamp":0,"circlet_count":0,"master_deck":["AscendersBane","Strike_G","Strike_G","Strike_G","Strike_G","Strike_G","Defend_G","Defend_G","Defend_G","Defend_G","Defend_G","Survivor","Neutralize","Flying Knee","Deflect","Poisoned Stab","A Thousand Cuts","Well Laid Plans","Acrobatics","Backflip"],"special_seed":0,"relics":["Ring of the Snake"],"potions_floor_usage":[6,6],"damage_taken":[{"damage":1.0,"enemies":"2 Louse","floor":1.0,"turns":4.0},{"damage":2.0,"enemies":"Jaw Worm","floor":2.0,"turns":5.0},{"damage":0.0,"enemies":"Cultist","floor":3.0,"turns":4.0},{"damage":6,"enemies":"Exordium Wildlife","floor":4,"turns":7},{"damage":8,"enemies":"Blue Slaver","floor":5,"turns":4},{"damage":24,"enemies":"Gremlin Nob","floor":6,"turns":4},{"damage":21,"enemies":"Red Slaver","floor":7,"turns":4},{"damage":11,"enemies":"2 Fungi Beasts","floor":8,"turns":3}],"seed_played":"477382426190904983","potions_obtained":[{"floor":2.0,"key":"Weak Potion"},{"floor":5,"key":"Fire Potion"}],"is_trial":false,"path_per_floor":["M","M","M","M","M","E","M","M"],"character_chosen":"THE_SILENT","items_purchased":[],"campfire_rested":0,"item_purchase_floors":[],"current_hp_per_floor":[64,62,62,56,48,24,3,0],"gold":219,"neow_bonus":"TEN_PERCENT_HP_BONUS","is_prod":false,"is_daily":false,"chose_seed":false,"campfire_upgraded":0,"win_rate":0,"timestamp":1564295434,"path_taken":["M","M","M","M","M","E","M","M"],"build_version":"2019-07-17","purchased_purges":0,"victory":false,"max_hp_per_floor":[72,72,72,72,72,72,72,72],"card_choices":[{"not_picked":["Quick Slash","Outmaneuver"],"picked":"Flying Knee","floor":1.0},{"not_picked":["Concentrate","Underhanded Strike"],"picked":"Deflect","floor":2.0},{"not_picked":["Underhanded Strike","Outmaneuver"],"picked":"Poisoned Stab","floor":3.0},{"not_picked":["Terror","Sucker Punch"],"picked":"A Thousand Cuts","floor":4},{"not_picked":["PiercingWail","Poisoned Stab"],"picked":"Well Laid Plans","floor":5},{"not_picked":["Quick Slash","Flying Knee"],"picked":"Acrobatics","floor":6},{"not_picked":["Outmaneuver","Reflex"],"picked":"Backflip","floor":7}],"player_experience":1040509,"relics_obtained":[],"event_choices":[],"is_beta":false,"boss_relics":[],"items_purged_floors":[],"is_endless":false,"potions_floor_spawned":[2,5],"killed_by":"2 Fungi Beasts","ascension_level":20}