{"gold_per_floor":[110,124,124,124,124,151,151,170,170,184,196,196,210,228,228,306,306,322,65,77,77],"floor_reached":21,"playtime":915,"items_purged":["Strike_G"],"score":320,"play_id":"b634bec5-61e3-4f19-ab01-65e606baa697","local_time":"20190117103904","is_ascension_mode":true,"campfire_choices":[{"floor":7.0,"key":"REST"},{"floor":12,"key":"REST"},{"data":"Prepared","floor":15,"key":"SMITH"}],"neow_cost":"NONE","seed_source_timestamp":717062258179226,"circlet_count":0,"master_deck":["AscendersBane","Defend_G","Defend_G","Defend_G","Defend_G","Defend_G","Strike_G+1","Strike_G","Strike_G","Survivor","Neutralize+1","Backflip","Poisoned Stab+1","Escape Plan","Dash","Heel Hook","Backflip","Prepared+1","Burst","Deflect","Reflex"],"special_seed":0,"relics":["Black Star","Tough Bandages","Bronze Scales","Whetstone","Tingsha","Runic Pyramid","PreservedInsect"],"potions_floor_usage":[],"damage_taken":[{"damage":11.0,"enemies":"Jaw Worm","floor":1.0,"turns":8.0},{"damage":1.0,"enemies":"2 Louse","floor":2.0,"turns":3.0},{"damage":34.0,"enemies":"3 Sentries","floor":6.0,"turns":12.0},{"damage":0.0,"enemies":"Small Slimes","floor":8.0,"turns":3.0},{"damage":5.0,"enemies":"Gremlin Gang","floor":10.0,"turns":4.0},{"damage":6,"enemies":"3 Louse","floor":11,"turns":3},{"damage":4,"enemies":"Red Slaver","floor":13,"turns":3},{"damage":1,"enemies":"Blue Slaver","floor":14,"turns":3},{"damage":2,"enemies":"Hexaghost","floor":16,"turns":10},{"damage":2,"enemies":"Spheric Guardian","floor":18,"turns":5},{"damage":1,"enemies":"Chosen","floor":20,"turns":5},{"damage":52,"enemies":"Snecko","floor":21,"turns":9}],"seed_played":"2724034205821258849","potions_obtained":[{"floor":2.0,"key":"EssenceOfSteel"},{"floor":10,"key":"Weak Potion"},{"floor":11,"key":"Swift Potion"}],"is_trial":false,"path_per_floor":["M","M","?","?","?","E","R","M","T","M","M","R","M","M","R","B",null,"M","$","M","M"],"character_chosen":"THE_SILENT","items_purchased":["Reflex","PreservedInsect"],"campfire_rested":2,"item_purchase_floors":[19,19],"current_hp_per_floor":[48,47,36,36,36,2,21,21,21,16,10,29,25,24,24,22,55,53,53,52,0],"gold":77,"neow_bonus":"BOSS_RELIC","is_prod":false,"is_daily":false,"chose_seed":false,"campfire_upgraded":1,"win_rate":0,"timestamp":1547717944,"path_taken":["M","M","?","?","?","E","R","M","T","M","M","R","?","M","R","BOSS","M","$","M","M"],"build_version":"2019-01-10","purchased_purges":1,"victory":false,"max_hp_per_floor":[66,66,66,66,66,66,66,66,66,66,66,66,66,66,66,66,66,66,66,66,66],"card_choices":[{"not_picked":["Deflect","Dagger Throw"],"picked":"Backflip","floor":1.0},{"not_picked":["Caltrops","Distraction"],"picked":"Poisoned Stab","floor":2.0},{"not_picked":["Venomology","Dodge and Roll","Tactician"],"picked":"SKIP","floor":6.0},{"not_picked":["Poisoned Stab","Concentrate"],"picked":"Escape Plan","floor":8.0},{"not_picked":["Bane","Setup"],"picked":"Dash","floor":10},{"not_picked":["Crippling Poison","Escape Plan"],"picked":"Heel Hook","floor":11},{"not_picked":["Quick Slash","Flying Knee"],"picked":"Backflip","floor":13},{"not_picked":["Deflect","Dodge and Roll"],"picked":"Prepared","floor":14},{"not_picked":["Glass Knife","Phantasmal Killer"],"picked":"Burst","floor":16},{"not_picked":["Cloak And Dagger","Caltrops"],"picked":"Deflect","floor":18},{"not_picked":["Dodge and Roll","Escape Plan","Cloak And Dagger"],"picked":"SKIP","floor":20}],"player_experience":761916,"relics_obtained":[{"floor":6.0,"key":"Bronze Scales"},{"floor":6.0,"key":"Whetstone"},{"floor":9.0,"key":"Tingsha"}],"event_choices":[{"damage_healed":0.0,"max_hp_gain":0.0,"max_hp_loss":0.0,"gold_gain":0.0,"event_name":"Scrap Ooze","player_choice":"Success","floor":3.0,"gold_loss":0.0,"damage_taken":11.0,"relics_obtained":["Tough Bandages"]},{"cards_removed":["Strike_G"],"damage_healed":0.0,"max_hp_gain":0.0,"max_hp_loss":0.0,"gold_gain":0.0,"event_name":"Living Wall","player_choice":"Forget","floor":4.0,"gold_loss":0.0,"damage_taken":0.0},{"damage_healed":0.0,"max_hp_gain":0.0,"max_hp_loss":0.0,"gold_gain":0.0,"event_name":"Accursed Blacksmith","player_choice":"Forge","floor":5.0,"gold_loss":0.0,"damage_taken":0.0,"cards_upgraded":["Poisoned Stab"]}],"is_beta":false,"boss_relics":[{"not_picked":["Empty Cage","Runic Dome"],"picked":"Runic Pyramid"}],"items_purged_floors":[19],"is_endless":false,"potions_floor_spawned":[2,10,11,13,14,18],"killed_by":"Snecko","ascension_level":15}