{"gold_per_floor":[116,127,147,72,84,84,113,113,113,129,129,143,174,194,194,293,293,313,8,26,26,26,55,73,73,99,150,175,193,193,207,207,303,303,317,332,332,1331,691,991,1006,77,77,124,191,203,225,253,265,277],"floor_reached":51,"playtime":10946,"items_purged":["Defend_G","Strike_G","Defend_G"],"score":1014,"play_id":"81d1f827-ec1b-4aac-ab26-52378aabaa24","local_time":"20190731221534","is_ascension_mode":true,"campfire_choices":[{"floor":6.0,"key":"REST"},{"data":"Sucker Punch","floor":8.0,"key":"SMITH"},{"data":"Dash","floor":11.0,"key":"SMITH"},{"data":"Infinite Blades","floor":15.0,"key":"SMITH"},{"floor":25,"key":"REST"},{"floor":32,"key":"REST"},{"floor":40,"key":"DIG"},{"floor":46,"key":"DIG"},{"floor":49,"key":"DIG"}],"neow_cost":"PERCENT_DAMAGE","seed_source_timestamp":356037638200,"circlet_count":0,"master_deck":["Strike_G","Strike_G","Strike_G+1","Strike_G","Defend_G","Defend_G","Defend_G","Survivor","Neutralize","Dodge and Roll","Infinite Blades+1","Dash+1","Sucker Punch+1","Well Laid Plans","Backstab","Unload+1","Backflip","PiercingWail","Tools of the Trade","Dash","Sucker Punch+1","Accuracy+1","Backflip+1","Glass Knife","Bouncing Flask+1","Mind Blast","Transmutation","Envenom"],"special_seed":0,"relics":["Ring of the Snake","Thread and Needle","Omamori","Kunai","Calipers","Snecko Eye","Gambling Chip","Oddly Smooth Stone","Whetstone","Potion Belt","Mummified Hand","MutagenicStrength","HoveringKite","Ornamental Fan","Shovel","Old Coin","Lee\u0027s Waffle","Snake Skull","Turnip","MawBank","Art of War","Mango","Anchor","Ninja Scroll"],"potions_floor_usage":[23,23,41,41,50,50,50],"damage_taken":[{"damage":0.0,"enemies":"2 Louse","floor":1.0,"turns":2.0},{"damage":0.0,"enemies":"Small Slimes","floor":2.0,"turns":3.0},{"damage":0.0,"enemies":"Jaw Worm","floor":3.0,"turns":4.0},{"damage":3.0,"enemies":"Gremlin Gang","floor":5.0,"turns":7.0},{"damage":2.0,"enemies":"Lagavulin","floor":7.0,"turns":9.0},{"damage":0.0,"enemies":"3 Louse","floor":10.0,"turns":3.0},{"damage":0.0,"enemies":"Blue Slaver","floor":12.0,"turns":3.0},{"damage":0.0,"enemies":"Gremlin Nob","floor":13.0,"turns":3.0},{"damage":0.0,"enemies":"2 Fungi Beasts","floor":14.0,"turns":4.0},{"damage":0.0,"enemies":"Slime Boss","floor":16.0,"turns":12.0},{"damage":0,"enemies":"Shell Parasite","floor":18,"turns":7},{"damage":5,"enemies":"Spheric Guardian","floor":20,"turns":4},{"damage":17,"enemies":"Gremlin Leader","floor":23,"turns":9},{"damage":11,"enemies":"Centurion and Healer","floor":24,"turns":11},{"damage":0,"enemies":"Book of Stabbing","floor":28,"turns":6},{"damage":9,"enemies":"Sentry and Sphere","floor":29,"turns":5},{"damage":15,"enemies":"3 Cultists","floor":31,"turns":8},{"damage":0,"enemies":"Collector","floor":33,"turns":12},{"damage":0,"enemies":"Orb Walker","floor":35,"turns":3},{"damage":0,"enemies":"3 Shapes","floor":36,"turns":3},{"damage":0,"enemies":"3 Darklings","floor":41,"turns":7},{"damage":0,"enemies":"Reptomancer","floor":44,"turns":6},{"damage":12,"enemies":"2 Orb Walkers","floor":45,"turns":4},{"damage":0,"enemies":"Jaw Worm Horde","floor":47,"turns":3},{"damage":0,"enemies":"Transient","floor":48,"turns":5},{"damage":14,"enemies":"Awakened One","floor":50,"turns":12}],"seed_played":"6875457124494691742","potions_obtained":[{"floor":1.0,"key":"Weak Potion"},{"floor":10.0,"key":"Fire Potion"},{"floor":12.0,"key":"SpeedPotion"},{"floor":13.0,"key":"Block Potion"},{"floor":14.0,"key":"FairyPotion"},{"floor":20,"key":"SkillPotion"},{"floor":28,"key":"Explosive Potion"},{"floor":29,"key":"Ancient Potion"},{"floor":31,"key":"FairyPotion"},{"floor":36,"key":"SneckoOil"},{"floor":45,"key":"EssenceOfSteel"},{"floor":48,"key":"Regen Potion"}],"is_trial":false,"path_per_floor":["M","M","M","$","M","R","E","R","T","M","R","M","E","M","R","B",null,"M","$","M","?","?","E","M","R","T","T","E","M","?","M","R","B",null,"M","M","?","?","$","R","M","$","T","E","?","R","M","M","R","B",null],"character_chosen":"THE_SILENT","items_purchased":["Gambling Chip","Ornamental Fan","Shovel","Lee\u0027s Waffle","Snake Skull","Turnip","Envenom"],"campfire_rested":3,"item_purchase_floors":[19,39,39,42,42,42,42],"current_hp_per_floor":[49,49,49,49,46,67,65,65,65,65,65,65,65,65,65,65,70,70,70,65,65,65,48,37,58,58,58,58,49,49,34,55,55,70,70,70,65,65,65,65,65,77,77,77,79,79,79,79,79,80],"gold":289,"neow_bonus":"ONE_RARE_RELIC","is_prod":false,"is_daily":false,"chose_seed":false,"campfire_upgraded":3,"win_rate":0,"timestamp":1564604134,"path_taken":["M","M","M","$","M","R","E","R","T","M","R","M","E","M","R","BOSS","M","$","M","?","?","E","M","R","T","?","E","?","?","M","R","BOSS","M","M","?","?","$","R","M","$","T","E","?","R","M","M","R","BOSS"],"build_version":"2019-07-17","purchased_purges":3,"victory":true,"max_hp_per_floor":[70,70,70,70,70,70,70,70,70,70,70,70,70,70,70,70,70,70,70,70,70,70,70,70,70,70,70,70,70,70,70,70,70,70,70,70,70,70,70,70,70,77,77,77,91,91,91,91,91,91],"card_choices":[{"not_picked":["Calculated Gamble","Catalyst"],"picked":"Dodge and Roll","floor":1.0},{"not_picked":["Poisoned Stab","Slice"],"picked":"Infinite Blades","floor":2.0},{"not_picked":["Slice","Expertise"],"picked":"Dash","floor":3.0},{"not_picked":["Blade Dance","PiercingWail"],"picked":"Sucker Punch","floor":5.0},{"not_picked":["Dagger Spray","Riddle With Holes"],"picked":"Well Laid Plans","floor":7.0},{"not_picked":["PiercingWail","Bouncing Flask"],"picked":"Backstab","floor":10.0},{"not_picked":["Backflip","Blade Dance"],"picked":"Unload","floor":12.0},{"not_picked":["Prepared","Poisoned Stab"],"picked":"Backflip","floor":13.0},{"not_picked":["Masterful Stab","Bane"],"picked":"PiercingWail","floor":14.0},{"not_picked":["Bullet Time","Corpse Explosion"],"picked":"Tools of the Trade","floor":16.0},{"not_picked":["Dodge and Roll","Reflex+1","Bane"],"picked":"SKIP","floor":18},{"not_picked":["Endless Agony","Dagger Throw"],"picked":"Dash","floor":20},{"not_picked":["Deadly Poison+1","Deflect"],"picked":"Sucker Punch+1","floor":23},{"not_picked":["Sucker Punch","Dodge and Roll","Distraction"],"picked":"SKIP","floor":24},{"not_picked":["Choke","Endless Agony+1"],"picked":"Accuracy+1","floor":28},{"not_picked":["Concentrate+1","Acrobatics"],"picked":"Backflip+1","floor":29},{"not_picked":["Sucker Punch","Setup","Underhanded Strike"],"picked":"SKIP","floor":31},{"not_picked":["Burst","Unload"],"picked":"Glass Knife","floor":33},{"not_picked":["Sucker Punch+1","Backflip+1","Concentrate+1"],"picked":"SKIP","floor":35},{"not_picked":["Catalyst","Masterful Stab"],"picked":"Bouncing Flask+1","floor":36},{"not_picked":["Secret Weapon","Dark Shackles"],"picked":"Mind Blast","floor":37},{"not_picked":["HandOfGreed","Forethought"],"picked":"Transmutation","floor":37},{"not_picked":["Poisoned Stab+1","Dodge and Roll","Sucker Punch"],"picked":"SKIP","floor":41},{"not_picked":["Acrobatics+1","Setup","Tactician"],"picked":"SKIP","floor":44},{"not_picked":["Quick Slash+1","Concentrate","Poisoned Stab+1"],"picked":"SKIP","floor":47},{"not_picked":["Heel Hook+1","Slice","Blade Dance+1"],"picked":"SKIP","floor":48}],"player_experience":207594,"relics_obtained":[{"floor":7.0,"key":"Omamori"},{"floor":9.0,"key":"Kunai"},{"floor":13.0,"key":"Calipers"},{"floor":23,"key":"Oddly Smooth Stone"},{"floor":26,"key":"Whetstone"},{"floor":27,"key":"Potion Belt"},{"floor":28,"key":"Mummified Hand"},{"floor":40,"key":"Old Coin"},{"floor":43,"key":"MawBank"},{"floor":44,"key":"Art of War"},{"floor":45,"key":"Mango"},{"floor":46,"key":"Anchor"},{"floor":49,"key":"Ninja Scroll"}],"event_choices":[{"damage_healed":0,"gold_gain":0,"player_choice":"Ignored","damage_taken":0,"max_hp_gain":0,"max_hp_loss":0,"event_name":"Vampires","floor":21,"gold_loss":0},{"damage_healed":0,"gold_gain":0,"player_choice":"Ignored","damage_taken":0,"max_hp_gain":0,"max_hp_loss":0,"event_name":"Ghosts","floor":22,"gold_loss":0},{"damage_healed":0,"gold_gain":0,"player_choice":"Inject Mutagens","damage_taken":0,"relics_obtained":["MutagenicStrength"],"max_hp_gain":0,"max_hp_loss":0,"event_name":"Drug Dealer","floor":30,"gold_loss":0},{"damage_healed":0,"gold_gain":0,"player_choice":"Memory 2","damage_taken":5,"max_hp_gain":0,"max_hp_loss":0,"event_name":"SensoryStone","floor":37,"gold_loss":0},{"damage_healed":0,"gold_gain":999,"player_choice":"Gold","damage_taken":0,"max_hp_gain":0,"max_hp_loss":0,"event_name":"MindBloom","floor":38,"gold_loss":0,"cards_obtained":["Normality","Normality"]},{"damage_healed":0,"gold_gain":0,"player_choice":"Fight","damage_taken":0,"max_hp_gain":0,"max_hp_loss":0,"event_name":"Mysterious Sphere","floor":45,"gold_loss":0}],"is_beta":false,"boss_relics":[{"not_picked":["Velvet Choker","Black Star"],"picked":"Snecko Eye"},{"not_picked":["Pandora\u0027s Box","Tiny House"],"picked":"HoveringKite"}],"items_purged_floors":[4,39,42],"is_endless":false,"potions_floor_spawned":[1,10,12,13,14,20,28,29,31,36,45,48],"ascension_level":2}