{"gold_per_floor":[13,13,13,38,38,38,38,38,38,63,86,105,205,226,226,226],"floor_reached":16,"playtime":410,"items_purged":[],"score":138,"play_id":"a2e36353-264c-454e-8f53-96af3c67b49c","local_time":"20180808175507","is_ascension_mode":true,"campfire_choices":[{"data":"Zap","floor":6,"key":"SMITH"},{"data":"Defragment","floor":8,"key":"SMITH"},{"data":"Redo","floor":15,"key":"SMITH"}],"neow_cost":"NO_GOLD","seed_source_timestamp":455535568921811,"circlet_count":0,"master_deck":["Strike_B","Strike_B","Strike_B","Defend_B","Defend_B","Defend_B","Zap+1","Dualcast","AscendersBane","White Noise","Defragment+1","Chill","Redo+1","BootSequence","Steam"],"relics":["Cracked Core","Golden Idol","Incense Burner"],"potions_floor_usage":[16],"damage_taken":[{"damage":7,"enemies":"Jaw Worm","floor":1,"turns":3},{"damage":4,"enemies":"2 Louse","floor":4,"turns":2},{"damage":2,"enemies":"Cultist","floor":10,"turns":4},{"damage":0,"enemies":"Blue Slaver","floor":11,"turns":3},{"damage":2,"enemies":"Looter","floor":12,"turns":3},{"damage":5,"enemies":"Lots of Slimes","floor":14,"turns":5},{"damage":24,"enemies":"Hexaghost","floor":16,"turns":11}],"seed_played":"-1405133416755907185","potions_obtained":[{"floor":4,"key":"FocusPotion"},{"floor":10,"key":"Block Potion"}],"is_trial":false,"path_per_floor":["M","?","?","M","$","R","$","R","T","M","M","M","?","M","R"],"character_chosen":"DEFECT","items_purchased":[],"campfire_rested":0,"item_purchase_floors":[],"current_hp_per_floor":[61,54,36,32,32,32,32,32,32,30,30,28,28,23,23,0],"gold":226,"neow_bonus":"TRANSFORM_TWO_CARDS","is_prod":false,"is_daily":false,"chose_seed":false,"campfire_upgraded":3,"win_rate":0,"timestamp":1533743707,"path_taken":["M","?","?","M","?","R","$","R","T","M","M","M","?","?","R","BOSS"],"build_version":"2018-08-02","purchased_purges":0,"victory":false,"max_hp_per_floor":[75,75,75,75,75,75,75,75,75,75,75,75,75,75,75,75],"card_choices":[{"not_picked":["Conserve Battery","Rebound"],"picked":"Defragment","floor":1},{"not_picked":["Genetic Algorithm","Heatsinks"],"picked":"Chill","floor":4},{"not_picked":["Hologram","Melter"],"picked":"Redo","floor":10},{"not_picked":["Ball Lightning","Rebound","Streamline"],"picked":"SKIP","floor":11},{"not_picked":["Stack","Hello World"],"picked":"BootSequence","floor":12},{"not_picked":["Auto Shields","Fusion"],"picked":"Steam","floor":14}],"player_experience":600996,"relics_obtained":[{"floor":9,"key":"Incense Burner"}],"event_choices":[{"event_name":"Golden Wing","player_choice":"Card Removal","floor":2,"damage_taken":0},{"event_name":"Golden Idol","player_choice":"Take Damage","floor":3,"damage_taken":0},{"event_name":"Golden Shrine","player_choice":"Pray","floor":13,"damage_taken":0}],"is_beta":false,"boss_relics":[],"items_purged_floors":[],"is_endless":false,"potions_floor_spawned":[4,10],"killed_by":"Hexaghost","ascension_level":10}