{"gold_per_floor":[112,162,178,195,205,205,239,249,249,123,138,151,151,170,170,242,242,255,305,220,235,235],"floor_reached":22,"playtime":612,"items_purged":["Strike_R"],"score":380,"play_id":"2bb318b7-d5b8-4f12-aba7-53fb5a2dd036","local_time":"20190723215136","is_ascension_mode":true,"campfire_choices":[{"data":"Combust","floor":6.0,"key":"SMITH"},{"data":"True Grit","floor":13.0,"key":"SMITH"},{"data":"Bloodletting","floor":15.0,"key":"SMITH"}],"neow_cost":"NONE","seed_source_timestamp":365400133641184,"circlet_count":0,"master_deck":["AscendersBane","Strike_R","Strike_R","Strike_R","Strike_R","Defend_R","Defend_R","Defend_R","Defend_R","Bash","Cleave","Battle Trance","Bloodletting+1","Combust+1","Disarm","Sword Boomerang","True Grit+1","Inflame","Wild Strike","Reaper","Seeing Red+1","Shrug It Off"],"special_seed":0,"relics":["Burning Blood","Darkstone Periapt","Kunai","Eternal Feather","Question Card"],"potions_floor_usage":[21],"damage_taken":[{"damage":8.0,"enemies":"Small Slimes","floor":1.0,"turns":5.0},{"damage":7.0,"enemies":"Cultist","floor":3.0,"turns":4.0},{"damage":8.0,"enemies":"2 Louse","floor":4.0,"turns":2.0},{"damage":14.0,"enemies":"Exordium Wildlife","floor":5.0,"turns":3.0},{"damage":34.0,"enemies":"Gremlin Nob","floor":7.0,"turns":4.0},{"damage":4.0,"enemies":"2 Fungi Beasts","floor":8.0,"turns":2.0},{"damage":1.0,"enemies":"Looter","floor":11.0,"turns":2.0},{"damage":21.0,"enemies":"Exordium Thugs","floor":12.0,"turns":4.0},{"damage":1.0,"enemies":"3 Louse","floor":14.0,"turns":2.0},{"damage":34.0,"enemies":"The Guardian","floor":16.0,"turns":13.0},{"damage":39.0,"enemies":"2 Thieves","floor":18.0,"turns":4.0},{"damage":27,"enemies":"Chosen","floor":21,"turns":6},{"damage":19,"enemies":"Centurion and Healer","floor":22,"turns":3}],"seed_played":"-8311200539628338343","potions_obtained":[{"floor":3.0,"key":"Regen Potion"},{"floor":8.0,"key":"Fire Potion"},{"floor":12.0,"key":"Ancient Potion"},{"floor":16.0,"key":"Block Potion"}],"is_trial":false,"path_per_floor":["M","?","M","M","M","R","E","M","T","$","M","M","R","M","R","B",null,"M","?","?","M","M"],"character_chosen":"IRONCLAD","items_purchased":["True Grit"],"campfire_rested":0,"item_purchase_floors":[10],"current_hp_per_floor":[73,73,72,70,62,62,34,36,36,36,41,26,26,31,31,8,64,31,31,31,10,0],"gold":235,"neow_bonus":"TEN_PERCENT_HP_BONUS","is_prod":false,"is_daily":false,"chose_seed":false,"campfire_upgraded":3,"win_rate":0,"timestamp":1563886296,"path_taken":["M","?","M","M","?","R","E","M","T","$","M","M","R","M","R","BOSS","M","?","?","M","M"],"build_version":"2019-07-17","purchased_purges":1,"victory":false,"max_hp_per_floor":[82,82,82,82,82,82,82,82,82,82,82,82,82,82,82,82,82,82,82,82,82,82],"card_choices":[{"not_picked":["Warcry","Clash"],"picked":"Cleave","floor":1.0},{"not_picked":["Anger","Headbutt"],"picked":"Battle Trance","floor":3.0},{"not_picked":["Flex","Pommel Strike"],"picked":"Bloodletting","floor":4.0},{"not_picked":["Seeing Red","Headbutt"],"picked":"Combust","floor":5.0},{"not_picked":["Shrug It Off","Battle Trance"],"picked":"Disarm","floor":7.0},{"not_picked":["Twin Strike","Clothesline"],"picked":"Sword Boomerang","floor":8.0},{"not_picked":["Iron Wave","Combust","Fire Breathing"],"picked":"SKIP","floor":11.0},{"not_picked":["Berserk","Anger"],"picked":"Inflame","floor":12.0},{"not_picked":["Bloodletting","Iron Wave"],"picked":"Wild Strike","floor":14.0},{"not_picked":["Fiend Fire","Double Tap"],"picked":"Reaper","floor":16.0},{"not_picked":["Pommel Strike","Clash"],"picked":"Seeing Red+1","floor":18.0},{"not_picked":["Hemokinesis","Warcry","Flex"],"picked":"Shrug It Off","floor":21}],"player_experience":1009187,"relics_obtained":[{"floor":7.0,"key":"Darkstone Periapt"},{"floor":9.0,"key":"Kunai"}],"event_choices":[{"damage_healed":0.0,"max_hp_gain":0.0,"max_hp_loss":0.0,"gold_gain":50.0,"event_name":"Golden Shrine","player_choice":"Pray","floor":2.0,"gold_loss":0.0,"damage_taken":0.0},{"damage_healed":0.0,"max_hp_gain":0.0,"max_hp_loss":0.0,"gold_gain":50.0,"event_name":"Nest","player_choice":"Stole From Cult","floor":19.0,"gold_loss":0.0,"damage_taken":0.0},{"damage_healed":0.0,"max_hp_gain":0.0,"max_hp_loss":0.0,"gold_gain":0.0,"event_name":"Addict","player_choice":"Obtained Relic","floor":20.0,"gold_loss":85.0,"damage_taken":0.0,"relics_obtained":["Question Card"]}],"is_beta":false,"boss_relics":[{"not_picked":["Runic Dome","Calling Bell"],"picked":"Eternal Feather"}],"items_purged_floors":[10],"is_endless":false,"potions_floor_spawned":[3,8,12,16],"killed_by":"Centurion and Healer","ascension_level":20}