{"gold_per_floor":[119,135,155,165,176,176,211,211,211,211,211],"floor_reached":11,"playtime":530,"items_purged":[],"score":86,"play_id":"bdf7b0ba-b00c-45e7-8df1-41ad80be49aa","local_time":"20190729150952","is_ascension_mode":true,"campfire_choices":[{"data":"Accuracy","floor":6,"key":"SMITH"},{"data":"Tools of the Trade","floor":8,"key":"SMITH"},{"data":"Blur","floor":10,"key":"SMITH"}],"neow_cost":"PERCENT_DAMAGE","seed_source_timestamp":1543501020041864,"circlet_count":0,"master_deck":["Strike_G","Strike_G","Strike_G","Strike_G","Strike_G","Defend_G","Defend_G","Defend_G","Survivor","Neutralize","Accuracy+1","Blur","Blur+1","Masterful Stab","Endless Agony","Tools of the Trade+1"],"relics":["Ring of the Snake","PreservedInsect","Centennial Puzzle"],"potions_floor_usage":[5,7,7],"damage_taken":[{"damage":0,"enemies":"Cultist","floor":1,"turns":4},{"damage":0,"enemies":"2 Louse","floor":2,"turns":4},{"damage":1,"enemies":"Jaw Worm","floor":3,"turns":6},{"damage":5,"enemies":"Red Slaver","floor":4,"turns":7},{"damage":4,"enemies":"Lots of Slimes","floor":5,"turns":6},{"damage":28,"enemies":"Lagavulin","floor":7,"turns":10},{"damage":17,"enemies":"Exordium Thugs","floor":11,"turns":1}],"seed_played":"-3040381889122487771","potions_obtained":[{"floor":1,"key":"AttackPotion"},{"floor":3,"key":"Block Potion"},{"floor":5,"key":"Explosive Potion"}],"is_trial":false,"path_per_floor":["M","M","M","M","M","R","E","R","T","R","M"],"character_chosen":"THE_SILENT","items_purchased":[],"campfire_rested":0,"item_purchase_floors":[],"current_hp_per_floor":[49,49,48,43,39,39,11,11,11,11,0],"gold":211,"neow_bonus":"REMOVE_TWO","is_prod":false,"is_daily":false,"chose_seed":false,"campfire_upgraded":3,"win_rate":0,"timestamp":1564427392,"path_taken":["M","M","M","?","M","R","E","R","T","R","M"],"build_version":"2019-07-17","purchased_purges":0,"victory":false,"max_hp_per_floor":[70,70,70,70,70,70,70,70,70,70,70],"card_choices":[{"not_picked":["Skewer","Flying Knee"],"picked":"Accuracy","floor":1},{"not_picked":["Acrobatics","Sucker Punch"],"picked":"Blur","floor":2},{"not_picked":["Reflex","Prepared"],"picked":"Blur","floor":3},{"not_picked":["Footwork","Deflect"],"picked":"Masterful Stab","floor":4},{"not_picked":["Outmaneuver","Backflip"],"picked":"Endless Agony","floor":5},{"not_picked":["Backflip","Dodge and Roll"],"picked":"Tools of the Trade","floor":7}],"player_experience":200671,"relics_obtained":[{"floor":7,"key":"PreservedInsect"},{"floor":9,"key":"Centennial Puzzle"}],"event_choices":[],"is_beta":false,"boss_relics":[],"items_purged_floors":[],"is_endless":false,"potions_floor_spawned":[1,3,5],"killed_by":"Exordium Thugs","ascension_level":3}