{"gold_per_floor":[119,69,88,108,121,121,137,137,137,165,165,185,206,231,231,328,328,342,441,441,461,307,325,325,356,356,368,368,368,192,206,206,206],"floor_reached":33,"playtime":5829,"items_purged":["Perfected Strike","Perfected Strike"],"score":413,"play_id":"6f87e3fb-e209-4bcc-b1ae-28ac41d4286c","local_time":"20190723144439","is_ascension_mode":true,"campfire_choices":[{"data":"1","floor":6.0,"key":"LIFT"},{"data":"2","floor":8.0,"key":"LIFT"},{"data":"Bash","floor":15.0,"key":"SMITH"},{"floor":28,"key":"REST"},{"floor":32,"key":"REST"}],"neow_cost":"CURSE","seed_source_timestamp":1076146741066200,"circlet_count":0,"master_deck":["Bash+1","Armaments","Shrug It Off","Battle Trance","Anger","Offering","Corruption","Body Slam","Headbutt","Demon Form","Havoc","Iron Wave","Havoc","Bludgeon","Entrench","Fiend Fire","Reckless Charge","Evolve","True Grit+1","True Grit+1","Headbutt+1","Sentinel","Headbutt","Headbutt","J.A.X.","Double Tap"],"special_seed":0,"relics":["Burning Blood","Girya","Thread and Needle","Nunchaku","Mango","Odd Mushroom","Vajra","Pandora\u0027s Box","Self Forming Clay","Champion Belt","Bird Faced Urn"],"potions_floor_usage":[33],"damage_taken":[{"damage":4.0,"enemies":"Small Slimes","floor":1.0,"turns":3.0},{"damage":0.0,"enemies":"2 Louse","floor":3.0,"turns":2.0},{"damage":1.0,"enemies":"Cultist","floor":4.0,"turns":3.0},{"damage":7.0,"enemies":"Exordium Wildlife","floor":5.0,"turns":4.0},{"damage":9.0,"enemies":"Looter","floor":7.0,"turns":3.0},{"damage":23.0,"enemies":"3 Sentries","floor":10.0,"turns":9.0},{"damage":4.0,"enemies":"3 Louse","floor":12.0,"turns":3.0},{"damage":4.0,"enemies":"The Mushroom Lair","floor":13.0,"turns":5.0},{"damage":4.0,"enemies":"Gremlin Nob","floor":14.0,"turns":3.0},{"damage":8.0,"enemies":"Slime Boss","floor":16.0,"turns":8.0},{"damage":12.0,"enemies":"Shell Parasite","floor":18.0,"turns":3.0},{"damage":6,"enemies":"3 Byrds","floor":21,"turns":5},{"damage":12,"enemies":"Centurion and Healer","floor":23,"turns":4},{"damage":49,"enemies":"Gremlin Leader","floor":25,"turns":4},{"damage":17,"enemies":"Cultist and Chosen","floor":27,"turns":5},{"damage":6,"enemies":"Snecko","floor":31,"turns":4},{"damage":91,"enemies":"Automaton","floor":33,"turns":6}],"seed_played":"7658556040035651111","potions_obtained":[{"floor":1.0,"key":"FearPotion"},{"floor":4.0,"key":"EssenceOfSteel"},{"floor":10.0,"key":"LiquidBronze"},{"floor":13.0,"key":"PowerPotion"},{"floor":23,"key":"Ancient Potion"},{"floor":31,"key":"PowerPotion"}],"is_trial":false,"path_per_floor":["M","?","M","M","M","R","M","R","T","E","?","M","?","E","R","B",null,"M","?","?","M","$","M","T","E","T","M","R","?","$","M","R","B"],"character_chosen":"IRONCLAD","items_purchased":["Sentinel","Double Tap"],"campfire_rested":2,"item_purchase_floors":[22,30],"current_hp_per_floor":[74,74,80,80,79,79,76,76,76,59,48,50,52,54,54,52,84,78,78,78,78,78,72,72,29,29,20,48,48,48,52,80,0],"gold":206,"neow_bonus":"ONE_RARE_RELIC","is_prod":false,"is_daily":false,"chose_seed":false,"campfire_upgraded":1,"win_rate":0,"timestamp":1563918279,"path_taken":["M","?","M","M","M","R","M","R","T","E","?","M","?","E","R","BOSS","M","?","?","?","$","M","?","E","T","M","R","?","$","M","R","BOSS"],"build_version":"2019-07-18","purchased_purges":2,"victory":false,"max_hp_per_floor":[80,80,80,80,80,80,80,80,80,80,94,94,94,94,94,94,94,94,94,94,94,94,94,94,94,94,94,94,94,94,94,94,94],"card_choices":[{"not_picked":["Clash","Clothesline"],"picked":"Perfected Strike","floor":1.0},{"not_picked":["Clash","Warcry"],"picked":"Armaments","floor":3.0},{"not_picked":["Perfected Strike","Twin Strike"],"picked":"Shrug It Off","floor":4.0},{"not_picked":["Dual Wield","Headbutt"],"picked":"Battle Trance","floor":5.0},{"not_picked":["Pommel Strike","Disarm"],"picked":"Anger","floor":7.0},{"not_picked":["Pommel Strike","Battle Trance"],"picked":"Offering","floor":10.0},{"not_picked":["Shrug It Off","Clash"],"picked":"Corruption","floor":12.0},{"not_picked":["Rupture","Flex"],"picked":"Body Slam","floor":13.0},{"not_picked":["Flame Barrier","Dropkick"],"picked":"Headbutt","floor":14.0},{"not_picked":["Berserk","Reaper"],"picked":"Demon Form","floor":16.0},{"not_picked":["Sword Boomerang","Clash"],"picked":"True Grit+1","floor":18.0},{"not_picked":["Clothesline","Battle Trance"],"picked":"Headbutt+1","floor":21},{"not_picked":["Wild Strike+1","Perfected Strike+1"],"picked":"Headbutt","floor":23},{"not_picked":["Clash","Clothesline","Armaments"],"picked":"SKIP","floor":25},{"not_picked":["Perfected Strike","Clash"],"picked":"Headbutt","floor":27},{"not_picked":["Sever Soul+1","Feed","True Grit"],"picked":"SKIP","floor":31}],"player_experience":133203,"relics_obtained":[{"floor":9.0,"key":"Thread and Needle"},{"floor":10.0,"key":"Nunchaku"},{"floor":13.0,"key":"Odd Mushroom"},{"floor":14.0,"key":"Vajra"},{"floor":24,"key":"Self Forming Clay"},{"floor":25,"key":"Champion Belt"},{"floor":26,"key":"Bird Faced Urn"}],"event_choices":[{"cards_removed":["Normality"],"damage_healed":0.0,"max_hp_gain":0.0,"max_hp_loss":0.0,"gold_gain":0.0,"event_name":"The Cleric","player_choice":"Card Removal","floor":2.0,"gold_loss":50.0,"damage_taken":0.0},{"damage_healed":0.0,"max_hp_gain":0.0,"max_hp_loss":0.0,"gold_gain":0.0,"event_name":"Scrap Ooze","player_choice":"Success","floor":11.0,"gold_loss":0.0,"damage_taken":25.0,"relics_obtained":["Mango"]},{"damage_healed":0.0,"max_hp_gain":0.0,"max_hp_loss":0.0,"gold_gain":0.0,"event_name":"Mushrooms","player_choice":"Fought Mushrooms","floor":13.0,"gold_loss":0.0,"damage_taken":0.0},{"damage_healed":0.0,"max_hp_gain":0.0,"max_hp_loss":0.0,"gold_gain":99.0,"event_name":"Nest","player_choice":"Stole From Cult","floor":19.0,"gold_loss":0.0,"damage_taken":0.0},{"damage_healed":0.0,"max_hp_gain":0.0,"max_hp_loss":0.0,"gold_gain":0.0,"event_name":"Duplicator","player_choice":"Copied","floor":20.0,"gold_loss":0.0,"damage_taken":0.0,"cards_obtained":["True Grit"]},{"damage_healed":0,"gold_gain":0,"player_choice":"Obtain J.A.X.","damage_taken":0,"max_hp_gain":0,"max_hp_loss":0,"event_name":"Drug Dealer","floor":29,"gold_loss":0,"cards_obtained":["J.A.X."]}],"is_beta":true,"boss_relics":[{"not_picked":["Black Blood","Astrolabe"],"picked":"Pandora\u0027s Box"}],"items_purged_floors":[22,30],"is_endless":false,"potions_floor_spawned":[1,4,10,13,23,31],"killed_by":"Automaton","ascension_level":8}