{"gold_per_floor":[113,128,53,53,67,67,101,151,224,224,5,5,18,34,34,110,110,129,143,43,43,43,43,43,43,43,53,3,3],"floor_reached":29,"playtime":752,"items_purged":["Strike_R","Strike_R","Strike_R"],"score":442,"play_id":"72e2cb99-d4b9-4602-a0b4-7cb267c98e0a","local_time":"20190306204506","is_ascension_mode":true,"campfire_choices":[{"data":"Bash","floor":6.0,"key":"SMITH"},{"data":"Rampage","floor":10.0,"key":"SMITH"},{"data":"Heavy Blade","floor":12.0,"key":"SMITH"},{"data":"Twin Strike","floor":15.0,"key":"SMITH"},{"data":"Double Tap","floor":23,"key":"SMITH"},{"data":"Metallicize","floor":25,"key":"SMITH"}],"neow_cost":"NONE","seed_source_timestamp":131425137619376,"circlet_count":0,"master_deck":["AscendersBane","Defend_R","Defend_R","Defend_R","Bash+1","Twin Strike+1","Rampage+1","Heavy Blade+1","Headbutt","Double Tap+1","Offering+1","Dark Embrace+1","Burning Pact+1","Headbutt","Metallicize+1"],"special_seed":0,"relics":["Burning Blood","NeowsBlessing","Red Skull","Prayer Wheel","Pear","Medical Kit","Astrolabe","Smiling Mask"],"potions_floor_usage":[29],"damage_taken":[{"damage":0.0,"enemies":"Cultist","floor":1.0,"turns":1.0},{"damage":0.0,"enemies":"Jaw Worm","floor":2.0,"turns":1.0},{"damage":0.0,"enemies":"Small Slimes","floor":5.0,"turns":1.0},{"damage":40.0,"enemies":"Lagavulin","floor":7.0,"turns":5.0},{"damage":19.0,"enemies":"Exordium Wildlife","floor":13.0,"turns":3.0},{"damage":6.0,"enemies":"Looter","floor":14.0,"turns":2.0},{"damage":32.0,"enemies":"Hexaghost","floor":16.0,"turns":7.0},{"damage":20.0,"enemies":"Spheric Guardian","floor":18.0,"turns":4.0},{"damage":21.0,"enemies":"Chosen","floor":19.0,"turns":5.0},{"damage":20,"enemies":"Snake Plant","floor":27,"turns":3},{"damage":39,"enemies":"Chosen and Byrds","floor":29,"turns":3}],"seed_played":"-6129301528885739041","potions_obtained":[{"floor":2.0,"key":"SneckoOil"},{"floor":5.0,"key":"Weak Potion"},{"floor":14.0,"key":"BloodPotion"},{"floor":19.0,"key":"Swift Potion"}],"is_trial":false,"path_per_floor":["M","M","$","?","M","R","E","?","T","R","$","R","M","M","R","B",null,"M","M","$","?","?","R","$","R","T","M","$","M"],"character_chosen":"IRONCLAD","items_purchased":["Medical Kit"],"campfire_rested":0,"item_purchase_floors":[11],"current_hp_per_floor":[74,75,75,64,70,70,36,36,46,46,46,46,33,33,33,15,68,54,39,39,39,39,39,39,39,39,25,25,0],"gold":3,"neow_bonus":"THREE_ENEMY_KILL","is_prod":false,"is_daily":false,"chose_seed":false,"campfire_upgraded":6,"win_rate":0,"timestamp":1551901506,"path_taken":["M","?","$","?","M","R","E","?","T","R","$","R","M","?","R","BOSS","M","M","$","?","?","R","?","R","T","M","$","?"],"build_version":"2019-01-23","purchased_purges":3,"victory":false,"max_hp_per_floor":[75,75,75,75,75,75,75,75,85,85,85,85,85,85,85,85,85,85,85,85,85,85,85,85,85,85,85,85,85],"card_choices":[{"not_picked":["Clash","Flex"],"picked":"Twin Strike","floor":1.0},{"not_picked":["Clothesline","Dual Wield","Whirlwind"],"picked":"SKIP","floor":2.0},{"not_picked":["Headbutt","Perfected Strike"],"picked":"Rampage","floor":5.0},{"not_picked":["Anger","Warcry"],"picked":"Heavy Blade","floor":7.0},{"not_picked":["Pummel","Bludgeon","Perfected Strike"],"picked":"SKIP","floor":13.0},{"not_picked":["Thunderclap","Twin Strike","Sword Boomerang"],"picked":"SKIP","floor":13.0},{"not_picked":["Twin Strike","Rupture"],"picked":"Headbutt","floor":14.0},{"not_picked":["Combust","Dropkick","Clothesline"],"picked":"SKIP","floor":14.0},{"not_picked":["Berserk","Bludgeon"],"picked":"Double Tap","floor":16.0},{"not_picked":["Pommel Strike","Cleave"],"picked":"Headbutt","floor":18.0},{"not_picked":["Clothesline+1","True Grit","Feel No Pain"],"picked":"SKIP","floor":18.0},{"not_picked":["Thunderclap","Burning Pact"],"picked":"Metallicize","floor":19.0},{"not_picked":["Headbutt","Pommel Strike","Dropkick"],"picked":"SKIP","floor":19.0},{"not_picked":["Intimidate","Body Slam","Feel No Pain"],"picked":"SKIP","floor":27},{"not_picked":["Body Slam","Havoc","Hemokinesis+1"],"picked":"SKIP","floor":27}],"player_experience":948037,"relics_obtained":[{"floor":7.0,"key":"Prayer Wheel"},{"floor":9.0,"key":"Pear"},{"floor":26,"key":"Smiling Mask"}],"event_choices":[{"damage_healed":0.0,"max_hp_gain":0.0,"max_hp_loss":0.0,"gold_gain":0.0,"event_name":"Scrap Ooze","player_choice":"Success","floor":4.0,"gold_loss":0.0,"damage_taken":11.0,"relics_obtained":["Red Skull"]},{"damage_healed":0.0,"max_hp_gain":0.0,"max_hp_loss":0.0,"gold_gain":50.0,"event_name":"Golden Shrine","player_choice":"Pray","floor":8.0,"gold_loss":0.0,"damage_taken":0.0},{"damage_healed":0,"gold_gain":0,"player_choice":"Ignored","damage_taken":0,"max_hp_gain":0,"max_hp_loss":0,"event_name":"Cursed Tome","floor":21,"gold_loss":0},{"damage_healed":0,"gold_gain":0,"player_choice":"Ignored","damage_taken":0,"max_hp_gain":0,"max_hp_loss":0,"event_name":"Vampires","floor":22,"gold_loss":0}],"is_beta":false,"boss_relics":[{"not_picked":["Cursed Key","Philosopher\u0027s Stone"],"picked":"Astrolabe"}],"items_purged_floors":[3,20,28],"is_endless":false,"potions_floor_spawned":[2,5,14,19,27],"killed_by":"Chosen and Byrds","ascension_level":20}