{"path_per_floor":["M","M","M","M","$","R","M","R","T","?","M","E","?","M","R","B",null,"M","$","?","M","M","R","E","$","T","M","R","M","R","M","R","B",null,"M","?","?","M","M","E","?","R","T","M","$","M","T","M","R","B"],"character_chosen":"THE_SILENT","items_purchased":["Backflip"],"gold_per_floor":[117,130,141,154,26,26,45,45,97,97,115,149,149,163,163,265,265,235,135,135,135,135,135,135,10,10,10,10,10,10,10,10,10,10,10,10,10,10,10,10,0,0,0,0,0,0,0,0,0,0],"floor_reached":51,"campfire_rested":2,"playtime":3964,"current_hp_per_floor":[63,62,62,57,57,57,56,56,56,44,44,41,41,41,41,26,57,53,53,53,47,47,47,47,47,47,43,43,38,58,58,58,58,65,65,65,57,57,53,53,53,53,67,31,31,31,31,27,51,31],"items_purged":["Parasite","Strike_G","Strike_G"],"gold":0,"score":942,"play_id":"3f52d162-68ec-4778-be11-90631503969c","local_time":"20180303205505","is_prod":false,"is_daily":false,"is_ascension_mode":true,"campfire_upgraded":7,"timestamp":1520106905,"path_taken":["M","?","M","M","$","R","M","R","T","?","?","E","?","M","R","BOSS","M","$","?","M","?","R","E","$","T","M","R","M","R","M","R","BOSS","M","?","?","M","?","E","?","R","T","?","$","M","?","M","R","BOSS"],"build_version":"2018-03-01-PROD1","purchased_purges":3,"victory":true,"master_deck":["Defend_G","Defend_G","Defend_G","Defend_G","Strike_G","Strike_G","Survivor","Neutralize+1","Noxious Fumes+1","Dagger Throw","Acrobatics+1","Backflip","Cloak And Dagger+1","Bane","Blur","Burst+1","Backflip+1","Infinite Blades","Finisher+1","Noxious Fumes+1","Madness","Madness+1","Blade Dance+1","Prepared+1","Accuracy+1","Accuracy","Prepared+1"],"max_hp_per_floor":[70,70,70,70,67,67,67,67,67,67,67,67,67,67,67,67,67,67,67,67,67,67,67,67,67,67,67,67,67,67,67,67,67,67,67,67,67,67,67,67,67,67,81,81,81,81,81,81,81,81],"relics":["Ring of the Snake","Pen Nib","Kunai","Anchor","Ectoplasm","Toolbox","Bronze Scales","Sozu","Dodecahedron","Red Mask","Mango","Prayer Wheel"],"card_choices":[{"not_picked":["Outmaneuver","Poisoned Stab"],"picked":"Dagger Throw"},{"not_picked":["Choke","Crippling Poison"],"picked":"Acrobatics"},{"not_picked":["Underhanded Strike","Malaise"],"picked":"Leg Sweep"},{"not_picked":["Prepared","Dagger Throw"],"picked":"Cloak And Dagger"},{"not_picked":["Quick Slash","A Thousand Cuts"],"picked":"Bane"},{"not_picked":["Backstab","Dodge and Roll"],"picked":"Blur"},{"not_picked":["After Image","Wraith Form"],"picked":"Burst"},{"not_picked":["Dash","Infinite Blades"],"picked":"Backflip"},{"not_picked":["Crippling Poison","Riddle With Holes"],"picked":"Infinite Blades"},{"not_picked":["Storm of Steel","Prepared"],"picked":"Finisher"},{"not_picked":["Finisher","Underhanded Strike"],"picked":"Noxious Fumes"},{"not_picked":["Well Laid Plans","Choke"],"picked":"Blade Dance"},{"not_picked":["Flying Knee","Sucker Punch"],"picked":"Prepared"},{"not_picked":["Calculated Gamble","Malaise"],"picked":"Accuracy"},{"not_picked":["Masterful Stab","Dagger Throw"],"picked":"Accuracy"},{"not_picked":["Deadly Poison","Poisoned Stab"],"picked":"Prepared"}],"player_experience":373146,"potions_floor_usage":[50,50],"damage_taken":[{"damage":0.0,"enemies":"Cultist","floor":1.0,"turns":4.0},{"damage":1.0,"enemies":"Jaw Worm","floor":2.0,"turns":3.0},{"damage":0.0,"enemies":"2 Louse","floor":3.0,"turns":3.0},{"damage":5.0,"enemies":"Gremlin Gang","floor":4.0,"turns":3.0},{"damage":1.0,"enemies":"2 Fungi Beasts","floor":7.0,"turns":4.0},{"damage":0.0,"enemies":"Red Slaver","floor":11.0,"turns":5.0},{"damage":3.0,"enemies":"Gremlin Nob","floor":12.0,"turns":3.0},{"damage":0.0,"enemies":"3 Louse","floor":14.0,"turns":3.0},{"damage":15.0,"enemies":"The Guardian","floor":16.0,"turns":11.0},{"damage":4.0,"enemies":"2 Thieves","floor":18.0,"turns":3.0},{"damage":6.0,"enemies":"Chosen","floor":21.0,"turns":5.0},{"damage":0.0,"enemies":"Centurion and Healer","floor":22.0,"turns":7.0},{"damage":0.0,"enemies":"Book of Stabbing","floor":24.0,"turns":7.0},{"damage":4.0,"enemies":"Snake Plant","floor":27.0,"turns":3.0},{"damage":5.0,"enemies":"Chosen and Byrds","floor":29.0,"turns":6.0},{"damage":0.0,"enemies":"Centurion and Healer","floor":31.0,"turns":6.0},{"damage":0.0,"enemies":"Champ","floor":33.0,"turns":12.0},{"damage":0.0,"enemies":"3 Shapes","floor":35.0,"turns":4.0},{"damage":0.0,"enemies":"Orb Walker","floor":38.0,"turns":4.0},{"damage":4.0,"enemies":"Maw","floor":39.0,"turns":7.0},{"damage":0.0,"enemies":"Giant Head","floor":40.0,"turns":5.0},{"damage":36.0,"enemies":"Sphere and 2 Shapes","floor":44.0,"turns":6.0},{"damage":0.0,"enemies":"3 Darklings","floor":46.0,"turns":4.0},{"damage":4.0,"enemies":"4 Shapes","floor":48.0,"turns":5.0},{"damage":35,"enemies":"Donu and Deca","floor":50,"turns":7}],"event_choices":[{"event_name":"Scrap Ooze","player_choice":"success","floor":10.0,"damage_taken":12.0},{"event_name":"Match and Keep!","player_choice":"0 cards matched","floor":13.0,"damage_taken":0.0},{"event_name":"Back to Basics","player_choice":"Elegance","floor":20.0,"damage_taken":0.0},{"event_name":"Winding Halls","player_choice":"Embrace Madness","floor":37.0,"damage_taken":0.0},{"event_name":"Tomb of Lord Red Mask","player_choice":"Paid","floor":41.0,"damage_taken":0.0}],"boss_relics":[],"potions_floor_spawned":[2,3,4,11,14,22,24,27,31,38,39,40,44,48],"seed_played":"6574782430095619661","ascension_level":10,"is_trial":false}