{"gold_per_floor":[119,137,187,203,219,219,248,173,173,192,192,192],"floor_reached":12,"playtime":470,"items_purged":["Strike_G"],"score":160,"play_id":"d0b5d703-a374-4270-a652-b0a2fd344c70","local_time":"20190720065128","is_ascension_mode":true,"campfire_choices":[{"data":"Cloak And Dagger","floor":6.0,"key":"SMITH"}],"neow_cost":"TEN_PERCENT_HP_LOSS","seed_source_timestamp":163156220410595,"circlet_count":0,"master_deck":["AscendersBane","Strike_G","Strike_G","Strike_G","Strike_G","Defend_G","Defend_G","Defend_G","Defend_G","Defend_G","Survivor","Neutralize","Purity","Finesse","Quick Slash","Dagger Throw","Terror","Cloak And Dagger+1","Deadly Poison+1","Slice"],"special_seed":0,"relics":["Ring of the Snake","Mummified Hand"],"potions_floor_usage":[],"damage_taken":[{"damage":4.0,"enemies":"Small Slimes","floor":1.0,"turns":4.0},{"damage":3.0,"enemies":"Cultist","floor":2.0,"turns":5.0},{"damage":0.0,"enemies":"2 Louse","floor":4.0,"turns":3.0},{"damage":5.0,"enemies":"Blue Slaver","floor":5.0,"turns":5.0},{"damage":25.0,"enemies":"Lagavulin","floor":7.0,"turns":4.0},{"damage":8,"enemies":"Lots of Slimes","floor":10,"turns":6},{"damage":39,"enemies":"Gremlin Nob","floor":12,"turns":3}],"seed_played":"4849655113069099055","potions_obtained":[{"floor":1.0,"key":"Strength Potion"},{"floor":4.0,"key":"Regen Potion"},{"floor":10,"key":"EssenceOfSteel"}],"is_trial":false,"path_per_floor":["M","M","?","M","M","R","E","$","T","M","?","E"],"character_chosen":"THE_SILENT","items_purchased":[],"campfire_rested":0,"item_purchase_floors":[],"current_hp_per_floor":[55,52,46,46,41,41,28,28,28,20,20,0],"gold":192,"neow_bonus":"RANDOM_COLORLESS_2","is_prod":false,"is_daily":false,"chose_seed":false,"campfire_upgraded":1,"win_rate":0,"timestamp":1563573088,"path_taken":["M","M","?","M","M","R","E","$","T","?","?","E"],"build_version":"2019-07-17","purchased_purges":1,"victory":false,"max_hp_per_floor":[60,60,60,60,60,60,60,60,60,60,60,60],"card_choices":[{"not_picked":["Backstab","Slice"],"picked":"Quick Slash","floor":1.0},{"not_picked":["Sucker Punch","Blur"],"picked":"Dagger Throw","floor":2.0},{"not_picked":["PiercingWail","All Out Attack"],"picked":"Terror","floor":4.0},{"not_picked":["Blade Dance","Dodge and Roll"],"picked":"Cloak And Dagger","floor":5.0},{"not_picked":["Dagger Throw","Bane"],"picked":"Deadly Poison","floor":7.0},{"not_picked":["PiercingWail","Poisoned Stab"],"picked":"Slice","floor":10}],"player_experience":993798,"relics_obtained":[{"floor":7.0,"key":"Mummified Hand"}],"event_choices":[{"damage_healed":0.0,"max_hp_gain":0.0,"max_hp_loss":0.0,"gold_gain":50.0,"event_name":"FaceTrader","player_choice":"Touch","floor":3.0,"gold_loss":0.0,"damage_taken":6.0},{"damage_healed":0,"gold_gain":0,"player_choice":"Upgraded","damage_taken":0,"max_hp_gain":0,"max_hp_loss":0,"event_name":"Upgrade Shrine","floor":11,"gold_loss":0,"cards_upgraded":["Deadly Poison"]}],"is_beta":false,"boss_relics":[],"items_purged_floors":[8],"is_endless":false,"potions_floor_spawned":[1,4,10],"killed_by":"Gremlin Nob","ascension_level":20}