{"gold_per_floor":[111,111,121,136,136,411,422,422,422,437,465,465],"floor_reached":12,"playtime":277,"items_purged":[],"score":80,"play_id":"cdb26948-9aec-4f34-87a6-0189335e3258","local_time":"20190409194830","is_ascension_mode":false,"campfire_choices":[{"floor":8,"key":"RECALL"}],"neow_cost":"NONE","seed_source_timestamp":389286555643986,"circlet_count":0,"master_deck":["Strike_R","Strike_R","Strike_R","Strike_R","Defend_R","Defend_R","Defend_R","Defend_R","Bash","Cleave","Armaments","Regret","Regret","Seeing Red","Thunderclap","Demon Form"],"relics":["Burning Blood","Bronze Scales","Question Card","Toxic Egg 2","Du-Vu Doll"],"potions_floor_usage":[10,11,12],"damage_taken":[{"damage":6,"enemies":"2 Louse","floor":1,"turns":3},{"damage":3,"enemies":"Small Slimes","floor":3,"turns":2},{"damage":1,"enemies":"Cultist","floor":4,"turns":4},{"damage":15,"enemies":"Looter","floor":7,"turns":3},{"damage":26,"enemies":"Gremlin Gang","floor":10,"turns":4},{"damage":50,"enemies":"Gremlin Nob","floor":11,"turns":4},{"damage":20,"enemies":"Large Slime","floor":12,"turns":1}],"seed_played":"-1943850964554887690","potions_obtained":[{"floor":7,"key":"Swift Potion"},{"floor":10,"key":"Fire Potion"},{"floor":11,"key":"Regen Potion"}],"is_trial":false,"path_per_floor":["M","?","M","M","?","?","M","R","T","M","E","M"],"character_chosen":"IRONCLAD","items_purchased":[],"campfire_rested":0,"item_purchase_floors":[],"current_hp_per_floor":[80,80,80,80,80,80,71,71,71,51,7,0],"gold":465,"neow_bonus":"RANDOM_COMMON_RELIC","is_prod":false,"is_daily":false,"chose_seed":false,"campfire_upgraded":0,"win_rate":0,"timestamp":1554857310,"path_taken":["M","?","M","M","?","?","?","R","T","M","E","M"],"build_version":"2019-01-23","purchased_purges":0,"victory":false,"max_hp_per_floor":[80,80,80,80,80,80,80,80,80,80,80,80],"card_choices":[{"not_picked":["Clothesline","Twin Strike"],"picked":"Cleave","floor":1},{"not_picked":["Twin Strike","Clothesline","Perfected Strike"],"picked":"SKIP","floor":3},{"not_picked":["Twin Strike","Wild Strike","Iron Wave"],"picked":"SKIP","floor":4},{"not_picked":["Wild Strike","Disarm","Battle Trance"],"picked":"Seeing Red","floor":7},{"not_picked":["Intimidate+1","Heavy Blade","Corruption"],"picked":"Thunderclap","floor":10},{"not_picked":["Feel No Pain","Dark Embrace","Armaments+1"],"picked":"Demon Form","floor":11}],"player_experience":749783,"relics_obtained":[{"floor":9,"key":"Toxic Egg 2"},{"floor":11,"key":"Du-Vu Doll"}],"event_choices":[{"damage_healed":0,"gold_gain":0,"cards_transformed":["Strike_R"],"player_choice":"Change","damage_taken":0,"max_hp_gain":0,"max_hp_loss":0,"event_name":"Living Wall","floor":2,"gold_loss":0,"cards_obtained":["Armaments"]},{"damage_healed":0,"gold_gain":0,"player_choice":"Box","damage_taken":0,"relics_obtained":["Question Card"],"max_hp_gain":0,"max_hp_loss":0,"event_name":"Big Fish","floor":5,"gold_loss":0,"cards_obtained":["Regret"]},{"damage_healed":0,"gold_gain":275,"player_choice":"Desecrate","damage_taken":0,"max_hp_gain":0,"max_hp_loss":0,"event_name":"Golden Shrine","floor":6,"gold_loss":0,"cards_obtained":["Regret"]}],"is_beta":false,"boss_relics":[],"items_purged_floors":[],"is_endless":false,"potions_floor_spawned":[7,10,11],"killed_by":"Large Slime","ascension_level":0}