{"gold_per_floor":[116,41,55,105,119,119,139,172,199,199,8,25,56,83,83,83],"floor_reached":16,"playtime":349,"items_purged":["Strike_R"],"score":220,"play_id":"7d18c5e5-a33a-42d0-a229-619a01c89bee","local_time":"20190720144026","is_ascension_mode":true,"campfire_choices":[{"data":"Blood for Blood","floor":6,"key":"SMITH"},{"data":"Whirlwind","floor":10,"key":"SMITH"},{"data":"Corruption","floor":15,"key":"SMITH"}],"neow_cost":"NONE","seed_source_timestamp":186777412330323,"circlet_count":0,"master_deck":["AscendersBane","Strike_R","Strike_R","Strike_R","Defend_R","Defend_R","Defend_R","Defend_R","Bash","Infernal Blade","Whirlwind+1","Blood for Blood+1","Pommel Strike","Second Wind","Corruption+1","Sentinel","Shockwave","Clash"],"relics":["Burning Blood","NeowsBlessing","Blood Vial","Orichalcum","Juzu Bracelet","Regal Pillow"],"potions_floor_usage":[8,8,13],"damage_taken":[{"damage":0,"enemies":"Jaw Worm","floor":1,"turns":1},{"damage":0,"enemies":"Cultist","floor":3,"turns":1},{"damage":0,"enemies":"2 Louse","floor":5,"turns":1},{"damage":18,"enemies":"Red Slaver","floor":7,"turns":4},{"damage":11,"enemies":"Gremlin Nob","floor":8,"turns":3},{"damage":5,"enemies":"Exordium Thugs","floor":12,"turns":2},{"damage":18,"enemies":"Lagavulin","floor":13,"turns":4},{"damage":58,"enemies":"Hexaghost","floor":16,"turns":9}],"seed_played":"102046358761307194","potions_obtained":[{"floor":1,"key":"AttackPotion"},{"floor":7,"key":"Swift Potion"},{"floor":12,"key":"AttackPotion"}],"is_trial":false,"path_per_floor":["M","?","M","?","M","R","M","E","T","R","$","M","E","T","R","B"],"character_chosen":"IRONCLAD","items_purchased":["Corruption","Sentinel"],"campfire_rested":0,"item_purchase_floors":[11,11],"current_hp_per_floor":[74,74,75,75,75,75,63,58,58,58,58,61,51,51,51,0],"gold":83,"neow_bonus":"THREE_ENEMY_KILL","is_prod":false,"is_daily":false,"chose_seed":false,"campfire_upgraded":3,"win_rate":0,"timestamp":1563601226,"path_taken":["M","?","M","?","?","R","M","E","T","R","$","M","E","?","R","BOSS"],"build_version":"2019-07-17","purchased_purges":1,"victory":false,"max_hp_per_floor":[75,75,75,75,75,75,75,75,75,75,75,75,75,75,75,75],"card_choices":[{"not_picked":["Battle Trance","Cleave"],"picked":"Infernal Blade","floor":1},{"not_picked":["Armaments","Hemokinesis"],"picked":"Whirlwind","floor":3},{"not_picked":["Rage","Body Slam"],"picked":"Blood for Blood","floor":5},{"not_picked":["Rupture","Heavy Blade"],"picked":"Pommel Strike","floor":7},{"not_picked":["Flex","Sword Boomerang"],"picked":"Second Wind","floor":8},{"not_picked":["Clothesline","Perfected Strike"],"picked":"Shockwave","floor":12},{"not_picked":["Pommel Strike","Body Slam"],"picked":"Clash","floor":13}],"player_experience":995537,"relics_obtained":[{"floor":8,"key":"Blood Vial"},{"floor":9,"key":"Orichalcum"},{"floor":13,"key":"Juzu Bracelet"},{"floor":14,"key":"Regal Pillow"}],"event_choices":[{"cards_removed":["Strike_R"],"damage_healed":0,"gold_gain":0,"player_choice":"Card Removal","damage_taken":0,"max_hp_gain":0,"max_hp_loss":0,"event_name":"The Cleric","floor":2,"gold_loss":75},{"damage_healed":0,"gold_gain":50,"player_choice":"Pray","damage_taken":0,"max_hp_gain":0,"max_hp_loss":0,"event_name":"Golden Shrine","floor":4,"gold_loss":0}],"is_beta":false,"boss_relics":[],"items_purged_floors":[11],"is_endless":false,"potions_floor_spawned":[1,7,12],"killed_by":"Hexaghost","ascension_level":20}