{"gold_per_floor":[113,113,113,113,128,128,166,186,239,273,291,291,306,1,1,127,127,147,147,147,237,253,253,84,120,120,120,133,147,147,0,0,131,131,152,172,40,56,56,96,96,110,110,110,125,140,178,198,198,198],"floor_reached":51,"playtime":2765,"items_purged":["Strike_R","Strike_R+1"],"score":1023,"play_id":"0129a960-4537-4ade-a2f3-6c34ff1a1ac9","local_time":"20190730182651","is_ascension_mode":true,"campfire_choices":[{"data":"Rampage","floor":6,"key":"SMITH"},{"data":"Armaments","floor":12,"key":"SMITH"},{"data":"Chrysalis","floor":15,"key":"SMITH"},{"data":"Panacea","floor":23,"key":"SMITH"},{"data":"Corruption","floor":27,"key":"SMITH"},{"data":"Exhume","floor":30,"key":"SMITH"},{"data":"Flame Barrier","floor":32,"key":"SMITH"},{"data":"Shockwave","floor":41,"key":"SMITH"},{"floor":44,"key":"RECALL"},{"data":"Feed","floor":49,"key":"SMITH"}],"neow_cost":"NONE","seed_source_timestamp":530876248617426,"circlet_count":0,"master_deck":["Strike_R+1","Strike_R+1","Strike_R+1","Defend_R+1","Defend_R+1","Defend_R+1","Defend_R+1","Bash+1","True Grit+1","Rampage+1","Feel No Pain","Armaments+1","Spot Weakness","Shockwave+1","Chrysalis+1","Feed+1","Battle Trance","Panacea+1","Entrench+1","Corruption+1","Flame Barrier+1","Pommel Strike+1","Exhume+1","Reaper","Searing Blow","Metallicize","PanicButton","Inflame+1","Dual Wield+1","Anger+1","Rage","Pummel+1"],"relics":["Burning Blood","NeowsBlessing","Golden Idol","Bag of Preparation","Orichalcum","Pear","Coffee Dripper","Nilry\u0027s Codex","Letter Opener","Pocketwatch","Sozu","GremlinMask","Bag of Marbles","Oddly Smooth Stone","Happy Flower"],"potions_floor_usage":[5,11,16,16,25,25,40],"damage_taken":[{"damage":0,"enemies":"Cultist","floor":1,"turns":1},{"damage":0,"enemies":"2 Louse","floor":5,"turns":1},{"damage":0,"enemies":"3 Sentries","floor":7,"turns":1},{"damage":9,"enemies":"Small Slimes","floor":8,"turns":4},{"damage":19,"enemies":"Lagavulin","floor":10,"turns":8},{"damage":7,"enemies":"Exordium Thugs","floor":11,"turns":7},{"damage":3,"enemies":"3 Louse","floor":13,"turns":6},{"damage":22,"enemies":"Hexaghost","floor":16,"turns":11},{"damage":23,"enemies":"Spheric Guardian","floor":18,"turns":7},{"damage":1,"enemies":"Shell Parasite","floor":22,"turns":6},{"damage":15,"enemies":"Slavers","floor":25,"turns":6},{"damage":10,"enemies":"Snecko","floor":28,"turns":5},{"damage":22,"enemies":"Chosen and Byrds","floor":29,"turns":11},{"damage":25,"enemies":"Automaton","floor":33,"turns":11},{"damage":0,"enemies":"3 Shapes","floor":35,"turns":5},{"damage":29,"enemies":"3 Darklings","floor":36,"turns":6},{"damage":20,"enemies":"Jaw Worm Horde","floor":38,"turns":6},{"damage":24,"enemies":"Reptomancer","floor":40,"turns":8},{"damage":6,"enemies":"Spire Growth","floor":42,"turns":5},{"damage":8,"enemies":"Sphere and 2 Shapes","floor":45,"turns":6},{"damage":0,"enemies":"3 Darklings","floor":46,"turns":4},{"damage":77,"enemies":"Giant Head","floor":47,"turns":8},{"damage":21,"enemies":"Jaw Worm Horde","floor":48,"turns":4},{"damage":31,"enemies":"Donu and Deca","floor":50,"turns":10}],"seed_played":"-1950952220955827335","potions_obtained":[{"floor":5,"key":"Fruit Juice"},{"floor":8,"key":"Block Potion"},{"floor":10,"key":"Block Potion"},{"floor":13,"key":"Regen Potion"},{"floor":16,"key":"Regen Potion"},{"floor":22,"key":"AttackPotion"},{"floor":29,"key":"Poison Potion"}],"is_trial":false,"path_per_floor":["M","?","?","?","M","R","E","M","T","E","M","R","M","$","R","B",null,"M","?","?","?","M","R","$","E","T","R","M","M","R","?","R","B",null,"M","M","$","M","?","E","R","M","T","R","M","M","E","M","R","B",null],"character_chosen":"IRONCLAD","items_purchased":["Shockwave","Chrysalis","Corruption","Metallicize","PanicButton"],"campfire_rested":0,"item_purchase_floors":[14,14,24,37,37],"current_hp_per_floor":[80,60,44,44,55,55,61,58,58,55,54,54,57,57,57,56,95,78,78,62,35,40,40,40,49,49,49,45,37,37,37,37,18,106,109,101,101,101,101,96,96,99,99,99,118,118,71,85,85,60],"gold":198,"neow_bonus":"THREE_ENEMY_KILL","is_prod":false,"is_daily":false,"chose_seed":false,"campfire_upgraded":9,"win_rate":0,"timestamp":1564529211,"path_taken":["M","?","?","?","?","R","E","M","T","E","M","R","M","$","R","BOSS","M","?","?","?","M","R","$","E","T","R","?","M","R","?","R","BOSS","M","M","$","M","?","E","R","M","T","R","M","M","E","M","R","BOSS"],"build_version":"2019-07-17","purchased_purges":2,"victory":true,"max_hp_per_floor":[80,80,80,80,85,85,85,85,85,95,95,95,95,95,95,95,95,95,95,95,95,95,95,95,98,98,98,98,106,106,106,106,106,106,109,109,109,112,112,112,112,115,115,115,118,118,118,118,118,118],"card_choices":[{"not_picked":["Pommel Strike","Headbutt"],"picked":"True Grit","floor":1},{"not_picked":["Intimidate","Headbutt"],"picked":"Rampage","floor":5},{"not_picked":["Entrench","Pummel"],"picked":"Feel No Pain","floor":7},{"not_picked":["Headbutt","Body Slam","Twin Strike"],"picked":"SKIP","floor":8},{"not_picked":["Thunderclap","Hemokinesis"],"picked":"Armaments","floor":10},{"not_picked":["Perfected Strike","Headbutt"],"picked":"Spot Weakness","floor":13},{"not_picked":["Double Tap","Limit Break"],"picked":"Feed","floor":16},{"not_picked":["Perfected Strike","Second Wind"],"picked":"Battle Trance","floor":18},{"not_picked":["Flex","Perfected Strike"],"picked":"Entrench+1","floor":22},{"not_picked":["Whirlwind+1","Dropkick"],"picked":"Flame Barrier","floor":25},{"not_picked":["Flex+1","Havoc+1"],"picked":"Pommel Strike+1","floor":28},{"not_picked":["Warcry","Twin Strike"],"picked":"Exhume","floor":29},{"not_picked":["Berserk","Demon Form"],"picked":"Reaper","floor":33},{"not_picked":["True Grit+1","Armaments","Intimidate"],"picked":"SKIP","floor":35},{"not_picked":["Armaments+1","Clash","Searing Blow"],"picked":"SKIP","floor":36},{"not_picked":["Armaments+1","Clash"],"picked":"Searing Blow","floor":36},{"not_picked":["Flame Barrier","True Grit"],"picked":"Inflame+1","floor":38},{"not_picked":["Flex","Shockwave+1","Dropkick+1"],"picked":"SKIP","floor":40},{"not_picked":["Body Slam+1","Burning Pact+1"],"picked":"Dual Wield+1","floor":42},{"not_picked":["Iron Wave+1","Twin Strike"],"picked":"Anger+1","floor":45},{"not_picked":["Dropkick","Armaments"],"picked":"Rage","floor":46},{"not_picked":["Fire Breathing","Sever Soul"],"picked":"Pummel+1","floor":47},{"not_picked":["Hemokinesis","Sword Boomerang","Cleave+1"],"picked":"SKIP","floor":48}],"player_experience":158390,"relics_obtained":[{"floor":7,"key":"Bag of Preparation"},{"floor":9,"key":"Orichalcum"},{"floor":10,"key":"Pear"},{"floor":20,"key":"Nilry\u0027s Codex"},{"floor":25,"key":"Letter Opener"},{"floor":26,"key":"Pocketwatch"},{"floor":40,"key":"Bag of Marbles"},{"floor":43,"key":"Oddly Smooth Stone"},{"floor":47,"key":"Happy Flower"}],"event_choices":[{"damage_healed":0,"gold_gain":0,"player_choice":"Take Damage","damage_taken":20,"relics_obtained":["Golden Idol"],"max_hp_gain":0,"max_hp_loss":0,"event_name":"Golden Idol","floor":2,"gold_loss":0},{"damage_healed":0,"gold_gain":0,"player_choice":"Entered Light","damage_taken":16,"max_hp_gain":0,"max_hp_loss":0,"event_name":"Shining Light","floor":3,"gold_loss":0,"cards_upgraded":["Strike_R","True Grit"]},{"damage_healed":0,"gold_gain":0,"player_choice":"Forge","damage_taken":0,"max_hp_gain":0,"max_hp_loss":0,"event_name":"Accursed Blacksmith","floor":4,"gold_loss":0,"cards_upgraded":["Bash"]},{"damage_healed":0,"gold_gain":0,"player_choice":"Simplicity","damage_taken":0,"max_hp_gain":0,"max_hp_loss":0,"event_name":"Back to Basics","floor":19,"gold_loss":0,"cards_upgraded":["Strike_R","Strike_R","Strike_R","Defend_R","Defend_R","Defend_R","Defend_R"]},{"damage_healed":0,"gold_gain":0,"player_choice":"Obtained Book","damage_taken":16,"max_hp_gain":0,"max_hp_loss":0,"event_name":"Cursed Tome","floor":20,"gold_loss":0},{"damage_healed":0,"gold_gain":90,"player_choice":"CARD GOLD ","damage_taken":27,"max_hp_gain":0,"max_hp_loss":0,"event_name":"Knowing Skull","floor":21,"potions_obtained":[],"gold_loss":0,"cards_obtained":["Panacea"]},{"damage_healed":0,"gold_gain":0,"player_choice":"Paid Fearfully","damage_taken":0,"max_hp_gain":0,"max_hp_loss":0,"event_name":"Masked Bandits","floor":31,"gold_loss":147},{"damage_healed":0,"gold_gain":0,"player_choice":"Trade","damage_taken":0,"relics_obtained":["GremlinMask"],"max_hp_gain":0,"max_hp_loss":0,"event_name":"FaceTrader","floor":39,"gold_loss":0}],"is_beta":false,"boss_relics":[{"not_picked":["Black Star","Velvet Choker"],"picked":"Coffee Dripper"},{"not_picked":["Runic Cube","Orrery"],"picked":"Sozu"}],"items_purged_floors":[14,24],"is_endless":false,"potions_floor_spawned":[5,8,10,13,16,22,29,35,36,42,47],"ascension_level":3}