{"gold_per_floor":[117,61,61,75,75,75,94,94,117,117,192,205,216,233,233,233],"floor_reached":16,"playtime":445,"items_purged":[],"score":175,"play_id":"549ddf25-7594-49b4-b523-ac384e8a3456","local_time":"20190219182108","is_ascension_mode":true,"campfire_choices":[{"data":"Neutralize","floor":6,"key":"SMITH"},{"data":"Noxious Fumes","floor":8,"key":"SMITH"},{"data":"Flechettes","floor":10,"key":"SMITH"},{"data":"Backflip","floor":15,"key":"SMITH"}],"neow_cost":"NONE","seed_source_timestamp":1175117183411387,"circlet_count":0,"master_deck":["AscendersBane","Defend_G","Defend_G","Defend_G","Defend_G","Defend_G","Strike_G","Strike_G","Strike_G","Strike_G","Strike_G","Survivor","Neutralize+1","Backflip+1","Slice","Dagger Spray","Flechettes+1","Flying Knee","Deadly Poison","Escape Plan","Noxious Fumes+1","Deflect"],"relics":["Orrery","Bronze Scales"],"potions_floor_usage":[14],"damage_taken":[{"damage":6,"enemies":"Jaw Worm","floor":1,"turns":4},{"damage":0,"enemies":"2 Louse","floor":4,"turns":3},{"damage":0,"enemies":"Cultist","floor":7,"turns":4},{"damage":15,"enemies":"Exordium Thugs","floor":12,"turns":4},{"damage":4,"enemies":"Blue Slaver","floor":13,"turns":4},{"damage":1,"enemies":"2 Fungi Beasts","floor":14,"turns":3},{"damage":25,"enemies":"Slime Boss","floor":16,"turns":3}],"seed_played":"4772730978617549049","potions_obtained":[{"floor":1,"key":"EssenceOfSteel"},{"floor":12,"key":"GamblersBrew"},{"floor":13,"key":"Energy Potion"}],"is_trial":false,"path_per_floor":["M","$","?","M","?","R","M","R","T","R","?","M","M","M","R","B"],"character_chosen":"THE_SILENT","items_purchased":["Deadly Poison"],"campfire_rested":0,"item_purchase_floors":[2],"current_hp_per_floor":[53,53,53,53,53,53,53,53,53,53,42,27,23,22,22,0],"gold":233,"neow_bonus":"BOSS_RELIC","is_prod":false,"is_daily":false,"chose_seed":false,"campfire_upgraded":4,"win_rate":0,"timestamp":1550596868,"path_taken":["M","$","?","M","?","R","M","R","T","R","?","M","M","M","R","BOSS"],"build_version":"2019-01-23","purchased_purges":0,"victory":false,"max_hp_per_floor":[66,66,66,66,66,66,66,66,66,66,66,66,66,66,66,66],"card_choices":[{"not_picked":["Calculated Gamble","Outmaneuver"],"picked":"Backflip","floor":0},{"not_picked":["Terror","PiercingWail"],"picked":"Slice","floor":0},{"not_picked":["Heel Hook","Deflect"],"picked":"Dagger Spray","floor":0},{"not_picked":["Finisher","Sucker Punch"],"picked":"Flechettes","floor":0},{"not_picked":["Predator","Slice"],"picked":"Flying Knee","floor":1},{"not_picked":["Bullet Time","Outmaneuver"],"picked":"Escape Plan","floor":4},{"not_picked":["Bouncing Flask","Accuracy"],"picked":"Noxious Fumes","floor":7},{"not_picked":["Finisher","Flying Knee","Dodge and Roll"],"picked":"SKIP","floor":12},{"not_picked":["Dagger Throw","Quick Slash"],"picked":"Deflect","floor":13},{"not_picked":["Dodge and Roll","Deflect","Bane"],"picked":"SKIP","floor":14}],"player_experience":827008,"relics_obtained":[{"floor":9,"key":"Bronze Scales"}],"event_choices":[{"damage_healed":0,"gold_gain":0,"player_choice":"Ignored","damage_taken":0,"max_hp_gain":0,"max_hp_loss":0,"event_name":"Golden Idol","floor":3,"gold_loss":0},{"damage_healed":0,"gold_gain":0,"player_choice":"Ignored","damage_taken":0,"max_hp_gain":0,"max_hp_loss":0,"event_name":"Liars Game","floor":5,"gold_loss":0},{"damage_healed":0,"gold_gain":75,"player_choice":"Gather Gold","damage_taken":11,"max_hp_gain":0,"max_hp_loss":0,"event_name":"World of Goop","floor":11,"gold_loss":0}],"is_beta":false,"boss_relics":[],"items_purged_floors":[],"is_endless":false,"potions_floor_spawned":[1,12,13],"killed_by":"Slime Boss","ascension_level":18}