{"path_per_floor":["M","?","?","M","$","R","E","?","T","T","M","M","$","M","R","B",null,"M","?","$","M","M","R"],"character_chosen":"THE_SILENT","items_purchased":["Infinite Blades"],"gold_per_floor":[11,11,11,35,35,35,75,75,99,99,122,145,74,93,93,186,186,204,119,44,58,73,73,73],"floor_reached":24,"campfire_rested":2,"playtime":1008,"current_hp_per_floor":[60,53,36,35,35,35,31,31,31,45,45,32,32,17,42,4,64,55,55,55,17,6,31,0],"items_purged":["Strike_G"],"gold":73,"score":323,"play_id":"432c367a-8fba-4dc6-9777-d8af876d1e4e","local_time":"20180330142817","is_prod":false,"is_daily":false,"is_ascension_mode":true,"campfire_upgraded":1,"timestamp":1522412897,"path_taken":["M","?","?","M","?","R","E","?","T","?","M","M","$","M","R","BOSS","M","?","?","M","M","R","?"],"build_version":"2018-03-29v2","purchased_purges":2,"victory":false,"master_deck":["Defend_G","Defend_G","Defend_G","Defend_G","Strike_G","Strike_G","Survivor","Neutralize","AscendersBane","Caltrops","Envenom+1","Infinite Blades","Bane","Dagger Spray","Noxious Fumes","Infinite Blades","Acrobatics","Storm of Steel","Backflip+1"],"max_hp_per_floor":[70,70,70,70,70,70,70,70,70,84,84,84,84,84,84,84,84,84,84,84,84,84,84,84],"relics":["Ring of the Snake","Golden Idol","Snake Skull","Question Card","Dream Catcher","Mango","White Beast Statue","Blood Vial"],"card_choices":[{"not_picked":["Dagger Throw","Well Laid Plans"],"picked":"Infinite Blades","floor":1},{"not_picked":["Dodge and Roll","Prepared"],"picked":"Bane","floor":4},{"not_picked":["Slice","Deflect"],"picked":"Dagger Spray","floor":7},{"not_picked":["Acrobatics","Deflect","Crippling Poison"],"picked":"Noxious Fumes","floor":11},{"not_picked":["Quick Slash","Deadly Poison","Heel Hook"],"picked":"Acrobatics","floor":14},{"not_picked":["Wraith Form","Phantasmal Killer","Tactician"],"picked":"Storm of Steel","floor":16},{"not_picked":["Envenom","Deflect","Calculated Gamble"],"picked":"Backflip","floor":23}],"player_experience":475063,"potions_floor_usage":[7,7,22,22,24],"damage_taken":[{"damage":3,"enemies":"2 Louse","floor":1,"turns":4},{"damage":1,"enemies":"Small Slimes","floor":4,"turns":4},{"damage":16,"enemies":"3 Sentries","floor":7,"turns":7},{"damage":0,"enemies":"Jaw Worm","floor":11,"turns":3},{"damage":13,"enemies":"Exordium Wildlife","floor":12,"turns":5},{"damage":15,"enemies":"3 Louse","floor":14,"turns":3},{"damage":38,"enemies":"The Guardian","floor":16,"turns":9},{"damage":9,"enemies":"3 Byrds","floor":18,"turns":4},{"damage":40,"enemies":"2 Thieves","floor":21,"turns":4},{"damage":13,"enemies":"Snecko","floor":22,"turns":5},{"damage":33,"enemies":"Snake Plant","floor":24,"turns":3}],"event_choices":[{"event_name":"Golden Wing","player_choice":"Card Removal","floor":2,"damage_taken":0},{"event_name":"Golden Idol","player_choice":"Take Damage","floor":3,"damage_taken":0},{"event_name":"Dead Adventurer","player_choice":"Searched \u00271\u0027 times","floor":8,"damage_taken":0},{"event_name":"Addict","player_choice":"Obtained Relic","floor":19,"damage_taken":0}],"boss_relics":[{"not_picked":["Velvet Choker","Orrery"],"picked":"White Beast Statue"}],"potions_floor_spawned":[1,4,7,18,21,22],"seed_played":"-8683864540438632219","killed_by":"Snake Plant","ascension_level":13,"is_trial":false}