{"gold_per_floor":[117,117,42,42,42,42,42,54,54,64,64,89,102,112,112,183,183,198,198,198,248,259,259,277,11,11,27,37,37,37,37,37,37],"floor_reached":33,"playtime":1038,"items_purged":["Strike_G"],"score":429,"play_id":"ed8efdfe-1f1d-4a40-beea-a644da04d259","local_time":"20190117112143","is_ascension_mode":true,"campfire_choices":[{"data":"Defend_G","floor":7.0,"key":"SMITH"},{"data":"Dagger Spray","floor":11.0,"key":"SMITH"},{"data":"Poisoned Stab","floor":15.0,"key":"SMITH"},{"data":"Noxious Fumes","floor":23.0,"key":"SMITH"},{"floor":29,"key":"REST"},{"data":"Malaise","floor":32,"key":"SMITH"}],"neow_cost":"NONE","seed_source_timestamp":719287567318456,"circlet_count":0,"master_deck":["AscendersBane","Defend_G","Defend_G","Defend_G","Defend_G+1","Strike_G","Survivor+1","Neutralize+1","Flying Knee","Dagger Spray+1","Poisoned Stab+1","Adrenaline","Prepared","Tools of the Trade","Prepared+1","Malaise+1","Crippling Poison","Noxious Fumes+1","Heel Hook+1","Noxious Fumes"],"special_seed":0,"relics":["Ring of the Snake","Snake Skull","Mango","Thread and Needle","Girya","Black Star","PreservedInsect","Blue Candle"],"potions_floor_usage":[27],"damage_taken":[{"damage":0.0,"enemies":"Small Slimes","floor":1.0,"turns":5.0},{"damage":1.0,"enemies":"Jaw Worm","floor":8.0,"turns":5.0},{"damage":0.0,"enemies":"2 Louse","floor":10.0,"turns":3.0},{"damage":1.0,"enemies":"3 Sentries","floor":12.0,"turns":7.0},{"damage":0.0,"enemies":"Red Slaver","floor":13.0,"turns":3.0},{"damage":0.0,"enemies":"Gremlin Gang","floor":14.0,"turns":1.0},{"damage":11.0,"enemies":"The Guardian","floor":16.0,"turns":12.0},{"damage":15.0,"enemies":"Shell Parasite","floor":18.0,"turns":8.0},{"damage":12.0,"enemies":"Colosseum Slavers","floor":20.0,"turns":4.0},{"damage":13.0,"enemies":"2 Thieves","floor":22.0,"turns":4.0},{"damage":1.0,"enemies":"Snecko","floor":24.0,"turns":7.0},{"damage":12,"enemies":"Snake Plant","floor":27,"turns":5},{"damage":15,"enemies":"Centurion and Healer","floor":28,"turns":5},{"damage":45,"enemies":"Automaton","floor":33,"turns":6}],"seed_played":"4818338558893380943","potions_obtained":[{"floor":1.0,"key":"LiquidBronze"},{"floor":8.0,"key":"SmokeBomb"},{"floor":13.0,"key":"Explosive Potion"},{"floor":18.0,"key":"AttackPotion"},{"floor":24.0,"key":"GamblersBrew"}],"is_trial":false,"path_per_floor":["M","?","?","?","?","T","R","M","T","M","R","E","M","M","R","B",null,"M","?","?","?","M","R","M","$","T","M","M","R","$","?","R","B"],"character_chosen":"THE_SILENT","items_purchased":["PreservedInsect","Noxious Fumes"],"campfire_rested":1,"item_purchase_floors":[25,25],"current_hp_per_floor":[59,59,59,39,61,75,75,74,74,74,74,73,73,73,73,62,76,61,61,49,49,36,36,35,35,35,23,8,32,32,32,32,0],"gold":37,"neow_bonus":"RANDOM_COMMON_RELIC","is_prod":false,"is_daily":false,"chose_seed":false,"campfire_upgraded":5,"win_rate":0,"timestamp":1547720503,"path_taken":["M","?","?","?","?","?","R","?","T","?","R","E","M","M","R","BOSS","M","?","?","?","M","R","M","$","T","M","?","R","?","?","R","BOSS"],"build_version":"2019-01-10","purchased_purges":1,"victory":false,"max_hp_per_floor":[66,66,66,66,66,80,80,80,80,80,80,80,80,80,80,80,80,80,80,80,80,80,80,80,80,80,80,80,80,80,80,80,80],"card_choices":[{"not_picked":["Catalyst","Quick Slash"],"picked":"Flying Knee","floor":1.0},{"not_picked":["Underhanded Strike","Outmaneuver"],"picked":"Dagger Spray","floor":8.0},{"not_picked":["Concentrate","Flying Knee","Calculated Gamble"],"picked":"SKIP","floor":10.0},{"not_picked":["Crippling Poison","Catalyst"],"picked":"Poisoned Stab","floor":12.0},{"not_picked":["Quick Slash","Backstab"],"picked":"Adrenaline","floor":13.0},{"not_picked":["Dodge and Roll","Masterful Stab"],"picked":"Prepared","floor":14.0},{"not_picked":["Malaise","Venomology"],"picked":"Tools of the Trade","floor":16.0},{"not_picked":["Dagger Spray","Catalyst"],"picked":"Prepared+1","floor":18.0},{"not_picked":["Bouncing Flask","Dodge and Roll"],"picked":"Noxious Fumes","floor":22.0},{"not_picked":["Terror","Tactician"],"picked":"Heel Hook+1","floor":24.0},{"not_picked":["PiercingWail+1","Outmaneuver","Malaise"],"picked":"SKIP","floor":27},{"not_picked":["Cloak And Dagger","Heel Hook","Underhanded Strike+1"],"picked":"SKIP","floor":28}],"player_experience":763661,"relics_obtained":[{"floor":6.0,"key":"Mango"},{"floor":9.0,"key":"Thread and Needle"},{"floor":12.0,"key":"Girya"},{"floor":26.0,"key":"Blue Candle"}],"event_choices":[{"cards_removed":["Strike_G"],"damage_healed":0.0,"max_hp_gain":0.0,"max_hp_loss":0.0,"gold_gain":0.0,"event_name":"Living Wall","player_choice":"Forget","floor":2.0,"gold_loss":0.0,"damage_taken":0.0},{"cards_removed":["Strike_G"],"damage_healed":0.0,"max_hp_gain":0.0,"max_hp_loss":0.0,"gold_gain":0.0,"event_name":"The Cleric","player_choice":"Card Removal","floor":3.0,"gold_loss":75.0,"damage_taken":0.0},{"damage_healed":0.0,"max_hp_gain":0.0,"max_hp_loss":0.0,"gold_gain":0.0,"event_name":"Shining Light","player_choice":"Entered Light","floor":4.0,"gold_loss":0.0,"damage_taken":20.0,"cards_upgraded":["Neutralize","Survivor"]},{"damage_healed":22.0,"max_hp_gain":0.0,"max_hp_loss":0.0,"gold_gain":0.0,"event_name":"Big Fish","player_choice":"Banana","floor":5.0,"gold_loss":0.0,"damage_taken":0.0},{"damage_healed":0.0,"max_hp_gain":0.0,"max_hp_loss":0.0,"gold_gain":0.0,"cards_transformed":["Defend_G","Strike_G"],"event_name":"Drug Dealer","player_choice":"Became Test Subject","floor":19.0,"gold_loss":0.0,"damage_taken":0.0,"cards_obtained":["Malaise","Crippling Poison"]},{"damage_healed":0.0,"max_hp_gain":0.0,"max_hp_loss":0.0,"gold_gain":0.0,"event_name":"Colosseum","player_choice":"Fight","floor":20.0,"gold_loss":0.0,"damage_taken":0.0},{"damage_healed":0.0,"max_hp_gain":0.0,"max_hp_loss":0.0,"gold_gain":0.0,"event_name":"Colosseum","player_choice":"Fled From Nobs","floor":20.0,"gold_loss":0.0,"damage_taken":0.0},{"damage_healed":0.0,"max_hp_gain":0.0,"max_hp_loss":0.0,"gold_gain":100.0,"event_name":"The Joust","player_choice":"Bet on Murderer","floor":21.0,"gold_loss":50.0,"damage_taken":0.0},{"damage_healed":0,"gold_gain":0,"player_choice":"Ignored","damage_taken":0,"max_hp_gain":0,"max_hp_loss":0,"event_name":"Ghosts","floor":31,"gold_loss":0}],"is_beta":false,"boss_relics":[{"not_picked":["Runic Dome","Snecko Eye"],"picked":"Black Star"}],"items_purged_floors":[25],"is_endless":false,"potions_floor_spawned":[1,8,13,18,20,24],"killed_by":"Automaton","ascension_level":15}