{"path_per_floor":["M","?","M","M","?","R","E","R","T","R","$","E","?","M","R","B",null,"M","M","?","?","?","R"],"character_chosen":"THE_SILENT","items_purchased":[],"gold_per_floor":[16,16,33,44,9,9,35,35,35,35,35,65,26,38,38,135,135,150,161,161,161,161,161],"floor_reached":24,"campfire_rested":2,"playtime":832,"current_hp_per_floor":[58,63,63,59,75,75,44,44,44,44,44,14,14,14,36,19,61,27,8,8,8,8,30],"items_purged":[],"gold":161,"score":313,"play_id":"d1be9411-2ff9-45ba-9790-d83b415d4493","local_time":"20180317031412","is_prod":false,"is_daily":false,"is_ascension_mode":true,"campfire_upgraded":3,"timestamp":1521252852,"path_taken":["M","?","M","?","?","R","E","R","T","R","?","E","?","M","R","BOSS","M","M","?","?","?","R","E"],"build_version":"2018-03-15v2","purchased_purges":0,"victory":false,"master_deck":["Defend_G","Defend_G","Defend_G","Strike_G","Strike_G","Strike_G","Survivor","Neutralize+1","Parasite","Envenom+1","Dagger Spray","Footwork+1","Infinite Blades","Cloak And Dagger","Storm of Steel","Sucker Punch+1","Escape Plan+1","Unload+1","Decay"],"max_hp_per_floor":[70,75,75,75,75,75,75,75,75,75,75,75,75,75,75,75,75,75,75,75,75,75,75],"relics":["Ring of the Snake","Ninja Scroll","Du-Vu Doll","Astrolabe","Girya"],"card_choices":[{"not_picked":["Corpse Explosion","Adrenaline"],"picked":"Envenom"},{"not_picked":["Prepared","Blade Dance"],"picked":"Dagger Spray"},{"not_picked":["Flying Knee","Choke"],"picked":"Footwork"},{"not_picked":["Eviscerate","All Out Attack"],"picked":"Infinite Blades"},{"not_picked":["Flying Knee","Deflect"],"picked":"Cloak And Dagger"},{"not_picked":["Corpse Explosion","Glass Knife"],"picked":"Storm of Steel"}],"player_experience":401568,"potions_floor_usage":[12,16,19],"damage_taken":[{"damage":5,"enemies":"Small Slimes","floor":1,"turns":4},{"damage":0,"enemies":"2 Louse","floor":3,"turns":3},{"damage":4,"enemies":"Cultist","floor":4,"turns":4},{"damage":31,"enemies":"3 Sentries","floor":7,"turns":5},{"damage":30,"enemies":"Gremlin Nob","floor":12,"turns":4},{"damage":0,"enemies":"Large Slime","floor":14,"turns":5},{"damage":17,"enemies":"Slime Boss","floor":16,"turns":11},{"damage":34,"enemies":"2 Thieves","floor":18,"turns":4},{"damage":19,"enemies":"Spheric Guardian","floor":19,"turns":4},{"damage":36,"enemies":"Book of Stabbing","floor":24,"turns":4}],"event_choices":[{"event_name":"Big Fish","player_choice":"Donut","floor":2,"damage_taken":0},{"event_name":"The Cleric","player_choice":"Healed","floor":5,"damage_taken":0},{"event_name":"World of Goop","player_choice":"Left","floor":13,"damage_taken":0},{"event_name":"Back to Basics","player_choice":"Elegance","floor":20,"damage_taken":0},{"event_name":"The Mausoleum","player_choice":"Yes","floor":21,"damage_taken":0},{"event_name":"Forgotten Altar","player_choice":"Smashed Altar","floor":22,"damage_taken":0}],"boss_relics":[{"not_picked":["Velvet Choker","Cursed Key"],"picked":"Astrolabe"}],"potions_floor_spawned":[3,4,12,18,19],"seed_played":"-4677078649686134495","killed_by":"Book of Stabbing","ascension_level":11,"is_trial":false}