{"gold_per_floor":[116,131,131,145,145,145,171,171,171,198,123,179,179,254,254,329,329,341,352,352,30,30,30,30,30,30,30,40,40,51,62,62,137,137,148,73,87,87,87,87,115,115,140,168,185,12,12,12,12,12],"floor_reached":51,"playtime":1895,"items_purged":["Strike_R","Strike_R"],"score":1318,"play_id":"1745abda-4d3f-431b-aeb5-0ffa943433e9","local_time":"20190218170203","is_ascension_mode":true,"campfire_choices":[{"data":"Battle Trance","floor":6.0,"key":"SMITH"},{"data":"Fiend Fire","floor":8.0,"key":"SMITH"},{"data":"Rampage","floor":15.0,"key":"SMITH"},{"floor":23.0,"key":"REST"},{"data":"Metallicize","floor":29.0,"key":"SMITH"},{"data":"Iron Wave","floor":32.0,"key":"SMITH"},{"data":"Metallicize","floor":40.0,"key":"SMITH"},{"data":"True Grit","floor":42.0,"key":"SMITH"},{"floor":47.0,"key":"REST"},{"data":"Iron Wave","floor":49,"key":"SMITH"}],"neow_cost":"NONE","seed_source_timestamp":1103142281117754,"circlet_count":0,"master_deck":["AscendersBane","Defend_R+1","Defend_R+1","Bash+1","Fiend Fire+1","Battle Trance+1","Iron Wave+1","Rampage+1","Metallicize+1","Feed","Headbutt","RitualDagger","Iron Wave+1","True Grit+1","Metallicize+1"],"special_seed":0,"relics":["Burning Blood","Juzu Bracelet","Blood Vial","Self Forming Clay","Happy Flower","Philosopher\u0027s Stone","TheAbacus","Enchiridion","Bottled Tornado","Eternal Feather","Kunai","Boot","War Paint","Regal Pillow"],"potions_floor_usage":[50],"damage_taken":[{"damage":1.0,"enemies":"2 Louse","floor":1.0,"turns":4.0},{"damage":0.0,"enemies":"Cultist","floor":2.0,"turns":2.0},{"damage":3.0,"enemies":"Small Slimes","floor":4.0,"turns":4.0},{"damage":10.0,"enemies":"3 Sentries","floor":10.0,"turns":7.0},{"damage":0.0,"enemies":"Gremlin Nob","floor":12.0,"turns":2.0},{"damage":34.0,"enemies":"Hexaghost","floor":16.0,"turns":6.0},{"damage":10.0,"enemies":"3 Byrds","floor":18.0,"turns":4.0},{"damage":35.0,"enemies":"2 Thieves","floor":19.0,"turns":4.0},{"damage":12.0,"enemies":"Centurion and Healer","floor":28.0,"turns":4.0},{"damage":1.0,"enemies":"Snecko","floor":30.0,"turns":5.0},{"damage":15.0,"enemies":"3 Cultists","floor":31.0,"turns":4.0},{"damage":33.0,"enemies":"Automaton","floor":33.0,"turns":7.0},{"damage":24.0,"enemies":"3 Shapes","floor":35.0,"turns":4.0},{"damage":20.0,"enemies":"3 Darklings","floor":37.0,"turns":7.0},{"damage":23.0,"enemies":"Giant Head","floor":41.0,"turns":7.0},{"damage":33.0,"enemies":"Reptomancer","floor":44.0,"turns":6.0},{"damage":28.0,"enemies":"Jaw Worm Horde","floor":45.0,"turns":4.0},{"damage":28,"enemies":"Donu and Deca","floor":50,"turns":10}],"seed_played":"1602761221402209634","potions_obtained":[{"floor":2.0,"key":"SkillPotion"},{"floor":10.0,"key":"Regen Potion"},{"floor":18.0,"key":"BloodPotion"},{"floor":35.0,"key":"Explosive Potion"},{"floor":45.0,"key":"Regen Potion"}],"is_trial":false,"path_per_floor":["M","M","?","M","?","R","T","R","T","E","$","?","?","?","R","B",null,"M","M","?","$","?","R","?","?","T","?","M","R","M","M","R","B",null,"M","?","M","?","$","R","E","R","T","E","M","$","R","?","R","B",null],"character_chosen":"IRONCLAD","items_purchased":["TheAbacus","Regal Pillow"],"campfire_rested":2,"item_purchase_floors":[21,46],"current_hp_per_floor":[73,75,75,75,80,80,80,80,80,76,76,80,80,69,69,43,71,72,45,45,45,24,48,42,30,30,30,29,29,36,29,29,12,68,52,52,40,40,40,49,34,43,43,30,13,13,63,63,72,67],"gold":12,"neow_bonus":"TRANSFORM_CARD","is_prod":false,"is_daily":false,"chose_seed":false,"campfire_upgraded":8,"win_rate":0,"timestamp":1550505723,"path_taken":["M","M","?","?","?","R","?","R","T","E","$","?","?","?","R","BOSS","M","M","?","$","?","R","?","?","T","?","M","R","M","M","R","BOSS","M","?","M","?","$","R","E","R","T","E","M","?","R","?","R","BOSS"],"build_version":"2019-01-23","purchased_purges":2,"victory":true,"max_hp_per_floor":[75,75,75,75,80,80,80,80,80,80,80,80,80,80,80,80,80,83,83,83,83,83,83,83,83,83,83,86,86,86,86,86,86,86,86,86,86,86,86,86,86,86,86,86,89,89,89,89,89,89],"card_choices":[{"not_picked":["Anger","Searing Blow"],"picked":"Battle Trance","floor":1.0},{"not_picked":["Body Slam","Flex"],"picked":"Iron Wave","floor":2.0},{"not_picked":["Infernal Blade","Fire Breathing"],"picked":"Rampage","floor":4.0},{"not_picked":["Reckless Charge","Feel No Pain","Disarm"],"picked":"SKIP","floor":10.0},{"not_picked":["Heavy Blade","Cleave"],"picked":"Metallicize","floor":12.0},{"not_picked":["Brutality","Impervious"],"picked":"Feed","floor":16.0},{"not_picked":["Seeing Red","Burning Pact"],"picked":"Headbutt","floor":18.0},{"not_picked":["Armaments","Warcry","Sword Boomerang"],"picked":"SKIP","floor":19.0},{"not_picked":["Clothesline","Cleave","Pommel Strike"],"picked":"SKIP","floor":28.0},{"not_picked":["Wild Strike","Sword Boomerang","Heavy Blade"],"picked":"SKIP","floor":30.0},{"not_picked":["Clothesline","Entrench","Body Slam"],"picked":"SKIP","floor":31.0},{"not_picked":["Clash","Bloodletting"],"picked":"Iron Wave","floor":35.0},{"not_picked":["Wild Strike+1","Anger+1","True Grit"],"picked":"SKIP","floor":37.0},{"not_picked":["Brutality","Second Wind","Barricade"],"picked":"SKIP","floor":41.0},{"not_picked":["Clash","Pummel","Sever Soul"],"picked":"SKIP","floor":44.0},{"not_picked":["Rampage","Spot Weakness","Clothesline"],"picked":"SKIP","floor":45.0}],"player_experience":819424,"relics_obtained":[{"floor":7.0,"key":"Juzu Bracelet"},{"floor":9.0,"key":"Blood Vial"},{"floor":10.0,"key":"Self Forming Clay"},{"floor":12.0,"key":"Happy Flower"},{"floor":22.0,"key":"Enchiridion"},{"floor":26.0,"key":"Bottled Tornado"},{"floor":41.0,"key":"Kunai"},{"floor":43.0,"key":"Boot"},{"floor":44.0,"key":"War Paint"}],"event_choices":[{"damage_healed":0.0,"max_hp_gain":0.0,"max_hp_loss":0.0,"gold_gain":0.0,"event_name":"Accursed Blacksmith","player_choice":"Forge","floor":3.0,"gold_loss":0.0,"damage_taken":0.0,"cards_upgraded":["Bash"]},{"damage_healed":0.0,"max_hp_gain":5.0,"max_hp_loss":0.0,"gold_gain":0.0,"event_name":"Big Fish","player_choice":"Donut","floor":5.0,"gold_loss":0.0,"damage_taken":0.0},{"damage_healed":0.0,"max_hp_gain":0.0,"max_hp_loss":0.0,"gold_gain":0.0,"event_name":"Dead Adventurer","player_choice":"Searched \u00271\u0027 times","floor":12.0,"gold_loss":0.0,"damage_taken":0.0},{"damage_healed":0.0,"max_hp_gain":0.0,"max_hp_loss":0.0,"gold_gain":0.0,"event_name":"Liars Game","player_choice":"Ignored","floor":13.0,"gold_loss":0.0,"damage_taken":0.0},{"damage_healed":0.0,"max_hp_gain":0.0,"max_hp_loss":0.0,"gold_gain":75.0,"event_name":"World of Goop","player_choice":"Gather Gold","floor":14.0,"gold_loss":0.0,"damage_taken":11.0},{"damage_healed":0.0,"max_hp_gain":0.0,"max_hp_loss":0.0,"gold_gain":0.0,"event_name":"FaceTrader","player_choice":"Leave","floor":20.0,"gold_loss":0.0,"damage_taken":0.0},{"damage_healed":0.0,"max_hp_gain":0.0,"max_hp_loss":0.0,"gold_gain":0.0,"event_name":"Cursed Tome","player_choice":"Obtained Book","floor":22.0,"gold_loss":0.0,"damage_taken":21.0},{"damage_healed":0.0,"max_hp_gain":0.0,"max_hp_loss":0.0,"gold_gain":0.0,"event_name":"Nest","player_choice":"Joined the Cult","floor":24.0,"gold_loss":0.0,"damage_taken":6.0,"cards_obtained":["RitualDagger"]},{"damage_healed":0.0,"max_hp_gain":0.0,"max_hp_loss":0.0,"gold_gain":0.0,"event_name":"Wheel of Change","player_choice":"Damaged","floor":25.0,"gold_loss":0.0,"damage_taken":12.0},{"damage_healed":0.0,"max_hp_gain":0.0,"max_hp_loss":0.0,"gold_gain":0.0,"cards_transformed":["Strike_R","Strike_R"],"event_name":"Designer","player_choice":"Transformed Cards","floor":36.0,"gold_loss":75.0,"damage_taken":0.0,"cards_obtained":["True Grit","Metallicize"]},{"cards_removed":["Defend_R"],"damage_healed":0.0,"max_hp_gain":0.0,"max_hp_loss":0.0,"gold_gain":0.0,"event_name":"Purifier","player_choice":"Purged","floor":38.0,"gold_loss":0.0,"damage_taken":0.0},{"cards_removed":["Defend_R"],"damage_healed":0,"gold_gain":0,"player_choice":"Purged","damage_taken":0,"max_hp_gain":0,"max_hp_loss":0,"event_name":"Purifier","floor":48,"gold_loss":0}],"is_beta":false,"boss_relics":[{"not_picked":["White Beast Statue","Black Star"],"picked":"Philosopher\u0027s Stone"},{"not_picked":["Pandora\u0027s Box","Calling Bell"],"picked":"Eternal Feather"}],"items_purged_floors":[11,21],"is_endless":false,"potions_floor_spawned":[2,10,12,18,35,41,45],"ascension_level":17}