{"gold_per_floor":[114,114,39,62,79,79,106,106,106,125,50,68,68,98,98,169,169,188,188,202,252,272,272,287,287],"floor_reached":25,"playtime":664,"items_purged":["Strike_G"],"score":452,"play_id":"74dc1a0a-e74c-4e35-8a18-df547231d36f","local_time":"20190301094227","is_ascension_mode":true,"campfire_choices":[{"data":"Neutralize","floor":6.0,"key":"SMITH"},{"data":"Deadly Poison","floor":8.0,"key":"SMITH"},{"data":"Bane","floor":15.0,"key":"SMITH"},{"data":"Prepared","floor":23,"key":"SMITH"}],"neow_cost":"NONE","seed_source_timestamp":67002173325265,"circlet_count":0,"master_deck":["AscendersBane","Defend_G","Defend_G","Defend_G","Defend_G","Defend_G","Strike_G","Strike_G","Survivor","Neutralize+1","Deadly Poison+1","Dagger Throw","Deflect","Bane+1","Corpse Explosion","Caltrops","Neutralize+1","Prepared+1","Backflip+1","Footwork"],"special_seed":0,"relics":["Ring of the Serpent","NeowsBlessing","Vajra","Happy Flower","Mummified Hand"],"potions_floor_usage":[],"damage_taken":[{"damage":0.0,"enemies":"Jaw Worm","floor":1.0,"turns":1.0},{"damage":0.0,"enemies":"Small Slimes","floor":5.0,"turns":1.0},{"damage":0.0,"enemies":"3 Sentries","floor":7.0,"turns":2.0},{"damage":0.0,"enemies":"Cultist","floor":10.0,"turns":3.0},{"damage":0.0,"enemies":"Large Slime","floor":12.0,"turns":5.0},{"damage":12.0,"enemies":"The Guardian","floor":16.0,"turns":11.0},{"damage":15.0,"enemies":"2 Thieves","floor":18.0,"turns":4.0},{"damage":0,"enemies":"3 Byrds","floor":20,"turns":2},{"damage":16,"enemies":"Cultist and Chosen","floor":22,"turns":5},{"damage":18,"enemies":"Snake Plant","floor":24,"turns":4},{"damage":23,"enemies":"Gremlin Leader","floor":25,"turns":2}],"seed_played":"4392849921567585417","potions_obtained":[{"floor":1.0,"key":"Explosive Potion"},{"floor":10.0,"key":"Ancient Potion"}],"is_trial":false,"path_per_floor":["M","?","?","T","M","R","E","R","T","M","$","M","?","?","R","B",null,"M","?","M","?","M","R","M","E"],"character_chosen":"THE_SILENT","items_purchased":[],"campfire_rested":0,"item_purchase_floors":[],"current_hp_per_floor":[59,59,59,59,59,59,59,59,59,59,59,59,64,64,64,52,66,51,51,51,51,35,35,17,0],"gold":287,"neow_bonus":"THREE_ENEMY_KILL","is_prod":false,"is_daily":false,"chose_seed":false,"campfire_upgraded":4,"win_rate":0,"timestamp":1551429747,"path_taken":["M","?","?","?","?","R","E","R","T","M","$","M","?","?","R","BOSS","M","?","?","?","M","R","M","E"],"build_version":"2019-01-23","purchased_purges":1,"victory":false,"max_hp_per_floor":[66,66,66,66,66,66,66,66,66,66,66,66,71,71,71,71,71,71,71,71,71,71,71,71,71],"card_choices":[{"not_picked":["Expertise","Eviscerate"],"picked":"Deadly Poison","floor":1.0},{"not_picked":["Underhanded Strike","All Out Attack"],"picked":"Dagger Throw","floor":5.0},{"not_picked":["Flechettes","Cloak And Dagger"],"picked":"Deflect","floor":7.0},{"not_picked":["Blade Dance","Distraction"],"picked":"Bane","floor":10.0},{"not_picked":["Riddle With Holes","Deadly Poison","Underhanded Strike"],"picked":"SKIP","floor":12.0},{"not_picked":["Bullet Time","Malaise"],"picked":"Corpse Explosion","floor":16.0},{"not_picked":["Dagger Spray","Flying Knee+1"],"picked":"Caltrops","floor":18},{"not_picked":["Riddle With Holes","Infinite Blades"],"picked":"Prepared","floor":20},{"not_picked":["Flying Knee","Acrobatics"],"picked":"Backflip+1","floor":22},{"not_picked":["Terror","Blur"],"picked":"Footwork","floor":24}],"player_experience":921237,"relics_obtained":[{"floor":4.0,"key":"Vajra"},{"floor":7.0,"key":"Happy Flower"},{"floor":9.0,"key":"Mummified Hand"}],"event_choices":[{"cards_removed":["Strike_G"],"damage_healed":0.0,"max_hp_gain":0.0,"max_hp_loss":0.0,"gold_gain":0.0,"event_name":"Living Wall","player_choice":"Forget","floor":2.0,"gold_loss":0.0,"damage_taken":0.0},{"cards_removed":["Strike_G"],"damage_healed":0.0,"max_hp_gain":0.0,"max_hp_loss":0.0,"gold_gain":0.0,"event_name":"The Cleric","player_choice":"Card Removal","floor":3.0,"gold_loss":75.0,"damage_taken":0.0},{"damage_healed":0.0,"max_hp_gain":5.0,"max_hp_loss":0.0,"gold_gain":0.0,"event_name":"Big Fish","player_choice":"Donut","floor":13.0,"gold_loss":0.0,"damage_taken":0.0},{"damage_healed":0.0,"max_hp_gain":0.0,"max_hp_loss":0.0,"gold_gain":30.0,"event_name":"Dead Adventurer","player_choice":"Searched \u00272\u0027 times","floor":14.0,"gold_loss":0.0,"damage_taken":0.0},{"damage_healed":0,"gold_gain":0,"player_choice":"Copied","damage_taken":0,"max_hp_gain":0,"max_hp_loss":0,"event_name":"Duplicator","floor":19,"gold_loss":0,"cards_obtained":["Neutralize"]},{"damage_healed":0,"gold_gain":50,"player_choice":"Stole From Cult","damage_taken":0,"max_hp_gain":0,"max_hp_loss":0,"event_name":"Nest","floor":21,"gold_loss":0}],"is_beta":false,"boss_relics":[{"not_picked":["Busted Crown","Fusion Hammer"],"picked":"Ring of the Serpent"}],"items_purged_floors":[11],"is_endless":false,"potions_floor_spawned":[1,10,12,16],"killed_by":"Gremlin Leader","ascension_level":20}