{"gold_per_floor":[115,115,115,129,144,187,187,225,225,241,261,261,261,282,282,282],"floor_reached":16,"playtime":427,"items_purged":[],"score":129,"play_id":"f6aac2dc-a4c3-4851-a435-c8bc33a6e77c","local_time":"20190730162142","is_ascension_mode":true,"campfire_choices":[{"floor":7,"key":"REST"},{"floor":12,"key":"REST"},{"floor":15,"key":"REST"}],"neow_cost":"NONE","seed_source_timestamp":525713593631774,"circlet_count":0,"master_deck":["Strike_R","Strike_R","Strike_R","Strike_R","Defend_R","Defend_R","Defend_R","Defend_R","Bash","Second Wind","Burning Pact","Cleave","Clothesline","Feel No Pain","True Grit","Reckless Charge","Corruption"],"relics":["Burning Blood","NeowsBlessing","Golden Idol","Bronze Scales","Mango"],"potions_floor_usage":[8],"damage_taken":[{"damage":0,"enemies":"Small Slimes","floor":1,"turns":1},{"damage":0,"enemies":"2 Louse","floor":4,"turns":2},{"damage":0,"enemies":"Cultist","floor":5,"turns":1},{"damage":54,"enemies":"Gremlin Nob","floor":6,"turns":6},{"damage":46,"enemies":"Lagavulin","floor":8,"turns":6},{"damage":12,"enemies":"Blue Slaver","floor":10,"turns":4},{"damage":16,"enemies":"2 Fungi Beasts","floor":11,"turns":4},{"damage":1,"enemies":"Exordium Wildlife","floor":14,"turns":3},{"damage":53,"enemies":"Slime Boss","floor":16,"turns":12}],"seed_played":"6566856851639564377","potions_obtained":[{"floor":6,"key":"PowerPotion"},{"floor":14,"key":"Poison Potion"}],"is_trial":false,"path_per_floor":["M","?","?","M","M","E","R","E","T","M","M","R","?","M","R","B"],"character_chosen":"IRONCLAD","items_purchased":[],"campfire_rested":3,"item_purchase_floors":[],"current_hp_per_floor":[80,80,80,80,80,32,56,30,30,24,14,42,35,40,68,15],"gold":282,"neow_bonus":"THREE_ENEMY_KILL","is_prod":false,"is_daily":false,"chose_seed":false,"campfire_upgraded":0,"win_rate":0,"timestamp":1564521702,"path_taken":["M","?","?","?","M","E","R","E","T","M","M","R","?","M","R","BOSS"],"build_version":"2019-07-17","purchased_purges":0,"victory":false,"max_hp_per_floor":[80,80,80,80,80,80,80,94,94,94,94,94,94,94,94,94],"card_choices":[{"not_picked":["Sword Boomerang","Thunderclap"],"picked":"Second Wind","floor":1},{"not_picked":["Flex","Seeing Red"],"picked":"Burning Pact","floor":4},{"not_picked":["Thunderclap","Perfected Strike"],"picked":"Cleave","floor":5},{"not_picked":["Heavy Blade","Rupture"],"picked":"Clothesline","floor":6},{"not_picked":["Body Slam","Carnage"],"picked":"Feel No Pain","floor":8},{"not_picked":["Twin Strike","Shockwave"],"picked":"True Grit","floor":10},{"not_picked":["Body Slam","Shrug It Off"],"picked":"Reckless Charge","floor":11},{"not_picked":["Rupture","Havoc"],"picked":"Corruption","floor":14}],"player_experience":157034,"relics_obtained":[{"floor":6,"key":"Bronze Scales"},{"floor":8,"key":"Mango"}],"event_choices":[{"damage_healed":0,"gold_gain":0,"player_choice":"Take Wound","damage_taken":0,"relics_obtained":["Golden Idol"],"max_hp_gain":0,"max_hp_loss":0,"event_name":"Golden Idol","floor":2,"gold_loss":0,"cards_obtained":["Injury"]},{"cards_removed":["Injury"],"damage_healed":0,"gold_gain":0,"player_choice":"Removed Curses","damage_taken":0,"max_hp_gain":0,"max_hp_loss":0,"event_name":"Fountain of Cleansing","floor":3,"gold_loss":0},{"cards_removed":["Strike_R"],"damage_healed":0,"gold_gain":0,"player_choice":"Card Removal","damage_taken":7,"max_hp_gain":0,"max_hp_loss":0,"event_name":"Golden Wing","floor":13,"gold_loss":0}],"is_beta":false,"boss_relics":[],"items_purged_floors":[],"is_endless":false,"potions_floor_spawned":[6,14],"killed_by":"Slime Boss","ascension_level":3}