{"gold_per_floor":[119,131,145,145,162,189,207,52,52,327,347,367,384,412,412,412],"floor_reached":16,"playtime":882,"items_purged":["Strike_R"],"score":116,"play_id":"0beb9950-ecc8-42cb-96ce-0473b475a48f","local_time":"20181205203126","is_ascension_mode":false,"campfire_choices":[{"floor":15,"key":"RECALL"}],"neow_cost":"NONE","seed_source_timestamp":992493572761680,"circlet_count":0,"master_deck":["Strike_R","Strike_R","Strike_R","Strike_R","Defend_R","Defend_R","Defend_R","Defend_R","Bash","Armaments","Shrug It Off","Cleave","Regret","Infernal Blade","Whirlwind","Evolve","Regret","Flex"],"relics":["Burning Blood","NeowsBlessing","Blue Candle","Meat on the Bone","Bottled Tornado"],"potions_floor_usage":[6,14,16,16],"damage_taken":[{"damage":0,"enemies":"Cultist","floor":1,"turns":1},{"damage":0,"enemies":"Jaw Worm","floor":2,"turns":1},{"damage":0,"enemies":"2 Louse","floor":3,"turns":1},{"damage":12,"enemies":"Red Slaver","floor":5,"turns":3},{"damage":33,"enemies":"Gremlin Nob","floor":6,"turns":4},{"damage":6,"enemies":"2 Fungi Beasts","floor":7,"turns":3},{"damage":1,"enemies":"3 Louse","floor":11,"turns":3},{"damage":24,"enemies":"Exordium Thugs","floor":12,"turns":4},{"damage":12,"enemies":"Looter","floor":13,"turns":2},{"damage":15,"enemies":"3 Sentries","floor":14,"turns":4},{"damage":72,"enemies":"Hexaghost","floor":16,"turns":10}],"seed_played":"-5267162333719876389","potions_obtained":[{"floor":2,"key":"PowerPotion"},{"floor":11,"key":"Strength Potion"},{"floor":13,"key":"SteroidPotion"},{"floor":14,"key":"Regen Potion"}],"is_trial":false,"path_per_floor":["M","M","M","?","M","E","M","$","T","?","M","M","M","E","R","B"],"character_chosen":"IRONCLAD","items_purchased":["Evolve"],"campfire_rested":0,"item_purchase_floors":[8],"current_hp_per_floor":[80,80,80,80,74,47,47,47,47,47,52,46,52,55,55,0],"gold":412,"neow_bonus":"THREE_ENEMY_KILL","is_prod":false,"is_daily":false,"chose_seed":false,"campfire_upgraded":0,"win_rate":0,"timestamp":1544063486,"path_taken":["M","?","M","?","M","E","M","$","T","?","M","?","M","E","R","BOSS"],"build_version":"2018-11-15","purchased_purges":1,"victory":false,"max_hp_per_floor":[80,80,80,80,80,80,80,80,80,80,80,80,80,80,80,80],"card_choices":[{"not_picked":["True Grit","Metallicize"],"picked":"Armaments","floor":1},{"not_picked":["Burning Pact","Sever Soul"],"picked":"Shrug It Off","floor":2},{"not_picked":["Sword Boomerang","True Grit"],"picked":"Cleave","floor":3},{"not_picked":["Perfected Strike","Pommel Strike"],"picked":"Infernal Blade","floor":5},{"not_picked":["Disarm","Body Slam"],"picked":"Whirlwind","floor":6},{"not_picked":["Rage","Heavy Blade","Wild Strike"],"picked":"SKIP","floor":7},{"not_picked":["Corruption","Intimidate","Havoc"],"picked":"SKIP","floor":11},{"not_picked":["Evolve","Searing Blow"],"picked":"Flex","floor":12},{"not_picked":["Anger","Sever Soul","Sword Boomerang"],"picked":"SKIP","floor":13},{"not_picked":["Iron Wave","Searing Blow","Fiend Fire"],"picked":"SKIP","floor":14}],"player_experience":712171,"relics_obtained":[{"floor":6,"key":"Meat on the Bone"},{"floor":14,"key":"Bottled Tornado"}],"event_choices":[{"damage_healed":0,"gold_gain":0,"player_choice":"Box","damage_taken":0,"relics_obtained":["Blue Candle"],"max_hp_gain":0,"max_hp_loss":0,"event_name":"Big Fish","floor":4,"gold_loss":0,"cards_obtained":["Regret"]},{"damage_healed":0,"gold_gain":275,"player_choice":"Desecrate","damage_taken":0,"max_hp_gain":0,"max_hp_loss":0,"event_name":"Golden Shrine","floor":10,"gold_loss":0,"cards_obtained":["Regret"]}],"is_beta":false,"boss_relics":[],"items_purged_floors":[8],"is_endless":false,"potions_floor_spawned":[2,11,13,14],"killed_by":"Hexaghost","ascension_level":0}