{"gold_per_floor":[110,110,60,60,78,78,106,122,146,146,166,178,178,192,192,290,290,309,39,39,56,76,76,103,3,303,303,319,319],"floor_reached":29,"playtime":867,"items_purged":["Shame","Zap"],"score":320,"play_id":"853108d4-3c2a-4d01-8069-95a9f65dd742","local_time":"20190717004426","is_ascension_mode":true,"campfire_choices":[{"floor":6,"key":"RECALL"},{"floor":13,"key":"REST"},{"data":"Beam Cell","floor":15,"key":"SMITH"},{"data":"Hyperbeam","floor":23,"key":"SMITH"}],"neow_cost":"CURSE","seed_source_timestamp":454429453309586,"circlet_count":0,"master_deck":["Defend_B","Defend_B","Defend_B","Defend_B","Dualcast","Melter+1","Rebound","BootSequence","Rebound","Leap","Beam Cell+1","Hyperbeam+1","Turbo","Panache","Beam Cell","White Noise+1","Rebound","Rebound"],"relics":["Cracked Core","Boot","Bag of Preparation","Shuriken","Empty Cage","DataDisk","Old Coin"],"potions_floor_usage":[16,24,29],"damage_taken":[{"damage":10,"enemies":"2 Louse","floor":1,"turns":3},{"damage":9,"enemies":"Small Slimes","floor":5,"turns":3},{"damage":35,"enemies":"Lagavulin","floor":7,"turns":5},{"damage":6,"enemies":"Cultist","floor":8,"turns":3},{"damage":3,"enemies":"3 Louse","floor":11,"turns":2},{"damage":5,"enemies":"Exordium Thugs","floor":12,"turns":4},{"damage":3,"enemies":"Large Slime","floor":14,"turns":4},{"damage":24,"enemies":"Slime Boss","floor":16,"turns":8},{"damage":33,"enemies":"3 Byrds","floor":18,"turns":4},{"damage":0,"enemies":"2 Thieves","floor":21,"turns":1},{"damage":0,"enemies":"Snake Plant","floor":22,"turns":2},{"damage":13,"enemies":"Book of Stabbing","floor":24,"turns":4},{"damage":6,"enemies":"3 Cultists","floor":28,"turns":3},{"damage":31,"enemies":"Snecko","floor":29,"turns":3}],"seed_played":"2626307769751378515","potions_obtained":[{"floor":5,"key":"GamblersBrew"},{"floor":11,"key":"Ancient Potion"},{"floor":14,"key":"GamblersBrew"},{"floor":18,"key":"Explosive Potion"},{"floor":20,"key":"Block Potion"},{"floor":20,"key":"GamblersBrew"},{"floor":20,"key":"Strength Potion"},{"floor":21,"key":"Poison Potion"}],"is_trial":false,"path_per_floor":["M","?","?","?","M","R","E","M","T","?","M","M","R","M","R","B",null,"M","$","?","M","M","R","E","$","T","?","M","M"],"character_chosen":"DEFECT","items_purchased":["Panache","Beam Cell"],"campfire_rested":1,"item_purchase_floors":[19,19],"current_hp_per_floor":[79,79,79,72,63,63,28,22,22,22,19,14,40,37,37,13,89,56,56,56,56,56,56,43,43,43,26,20,0],"gold":319,"neow_bonus":"TWENTY_PERCENT_HP_BONUS","is_prod":false,"is_daily":false,"chose_seed":false,"campfire_upgraded":2,"win_rate":0,"timestamp":1563338666,"path_taken":["M","?","?","?","M","R","E","M","T","?","M","M","R","M","R","BOSS","M","?","?","?","M","R","E","$","T","?","M","M"],"build_version":"2019-07-05","purchased_purges":2,"victory":false,"max_hp_per_floor":[89,89,89,89,89,89,89,89,89,89,89,89,89,89,89,89,89,89,89,89,89,89,89,89,89,89,94,94,94],"card_choices":[{"not_picked":["Consume","Turbo"],"picked":"Melter","floor":1},{"not_picked":["Hologram","Redo"],"picked":"Rebound","floor":5},{"not_picked":["Double Energy","Ball Lightning"],"picked":"BootSequence","floor":7},{"not_picked":["Leap","Compile Driver"],"picked":"Rebound","floor":8},{"not_picked":["Barrage","Blizzard"],"picked":"Leap","floor":11},{"not_picked":["Ball Lightning","Static Discharge","Coolheaded"],"picked":"SKIP","floor":12},{"not_picked":["Storm","Coolheaded"],"picked":"Beam Cell","floor":14},{"not_picked":["Fission","Meteor Strike"],"picked":"Hyperbeam","floor":16},{"not_picked":["Ball Lightning+1","Stack"],"picked":"Turbo","floor":18},{"not_picked":["Cold Snap+1","Hologram","Coolheaded"],"picked":"SKIP","floor":21},{"not_picked":["Conserve Battery+1","Ball Lightning"],"picked":"White Noise+1","floor":22},{"not_picked":["Leap+1","Electrodynamics"],"picked":"Rebound","floor":24},{"not_picked":["Reinforced Body","Turbo"],"picked":"Rebound","floor":28}],"player_experience":188606,"relics_obtained":[{"floor":7,"key":"Boot"},{"floor":9,"key":"Bag of Preparation"},{"floor":24,"key":"DataDisk"},{"floor":26,"key":"Old Coin"}],"event_choices":[{"damage_healed":0,"gold_gain":0,"player_choice":"Grow","damage_taken":0,"max_hp_gain":0,"max_hp_loss":0,"event_name":"Living Wall","floor":2,"gold_loss":0,"cards_upgraded":["Melter"]},{"cards_removed":["Strike_B"],"damage_healed":0,"gold_gain":0,"player_choice":"Card Removal","damage_taken":0,"max_hp_gain":0,"max_hp_loss":0,"event_name":"The Cleric","floor":3,"gold_loss":50},{"cards_removed":["Strike_B"],"damage_healed":0,"gold_gain":0,"player_choice":"Card Removal","damage_taken":7,"max_hp_gain":0,"max_hp_loss":0,"event_name":"Golden Wing","floor":4,"gold_loss":0},{"damage_healed":0,"gold_gain":0,"player_choice":"Gave Potion","damage_taken":0,"relics_obtained":["Shuriken"],"max_hp_gain":0,"max_hp_loss":0,"event_name":"WeMeetAgain","floor":10,"gold_loss":0},{"damage_healed":0,"gold_gain":0,"player_choice":"Got Potions","damage_taken":0,"max_hp_gain":0,"max_hp_loss":0,"event_name":"Lab","floor":20,"gold_loss":0},{"damage_healed":0,"gold_gain":0,"player_choice":"Shed Blood","damage_taken":22,"max_hp_gain":5,"max_hp_loss":0,"event_name":"Forgotten Altar","floor":27,"gold_loss":0}],"is_beta":false,"boss_relics":[{"not_picked":["Astrolabe","Nuclear Battery"],"picked":"Empty Cage"}],"items_purged_floors":[19,25],"is_endless":false,"potions_floor_spawned":[5,11,14,18,21],"killed_by":"Snecko","ascension_level":2}