{"path_per_floor":["M","M","M","?","?","R","E","R","T","$","E","M","M","$","R","B",null],"character_chosen":"DEFECT","items_purchased":[],"gold_per_floor":[112,126,143,143,143,143,176,176,176,101,129,145,161,61,61,164,164,164],"floor_reached":18,"campfire_rested":0,"playtime":637,"item_purchase_floors":[],"current_hp_per_floor":[75,73,68,68,73,73,47,47,47,47,24,24,24,24,24,37,80,43],"items_purged":["Strike_B","Strike_B"],"gold":164,"score":187,"play_id":"b684a4b7-7cce-4e20-94e5-2e8fc9a009cf","local_time":"20180605230540","is_prod":false,"is_daily":false,"chose_seed":false,"is_ascension_mode":true,"campfire_upgraded":3,"win_rate":0,"timestamp":1528232740,"campfire_choices":[{"data":"Fusion","floor":6,"key":"SMITH"},{"data":"Dualcast","floor":8,"key":"SMITH"},{"data":"Hologram","floor":15,"key":"SMITH"}],"path_taken":["M","M","?","?","?","R","E","R","T","$","E","M","M","$","R","BOSS","M"],"build_version":"2018-05-31","seed_source_timestamp":34940513336953,"purchased_purges":2,"victory":false,"master_deck":["Zap+1","Dualcast+1","Fusion+1","Hologram+1","Sweeping Beam","Cold Snap","Capacitor","All For One","Redo","Rebound","Darkness","Stack","Cold Snap","Reprogram"],"max_hp_per_floor":[75,75,75,75,80,80,80,80,80,80,80,80,80,80,80,80,80,80],"relics":["Cracked Core","Bag of Marbles","Pantograph","Gremlin Horn","Pandora\u0027s Box"],"card_choices":[{"not_picked":["Streamline","Leap"],"picked":"Fusion","floor":1},{"not_picked":["Streamline","Aggregate"],"picked":"Hologram","floor":2},{"not_picked":["Streamline","Cold Snap","Rebound"],"picked":"SKIP","floor":3},{"not_picked":["Static Discharge","Go for the Eyes"],"picked":"Sweeping Beam","floor":7},{"not_picked":["Streamline","Echo Form"],"picked":"Cold Snap","floor":11},{"not_picked":["Hologram","Streamline","Rebound"],"picked":"SKIP","floor":12},{"not_picked":["Go for the Eyes","Genetic Algorithm"],"picked":"Capacitor","floor":13},{"not_picked":["Echo Form","Seek"],"picked":"All For One","floor":16}],"player_experience":545142,"potions_floor_usage":[],"damage_taken":[{"damage":0,"enemies":"Cultist","floor":1,"turns":2},{"damage":2,"enemies":"Jaw Worm","floor":2,"turns":3},{"damage":5,"enemies":"2 Louse","floor":3,"turns":3},{"damage":26,"enemies":"Lagavulin","floor":7,"turns":6},{"damage":23,"enemies":"Gremlin Nob","floor":11,"turns":4},{"damage":0,"enemies":"Large Slime","floor":12,"turns":3},{"damage":0,"enemies":"2 Fungi Beasts","floor":13,"turns":3},{"damage":12,"enemies":"The Guardian","floor":16,"turns":14},{"damage":37,"enemies":"Chosen","floor":18,"turns":4}],"relics_obtained":[{"floor":7,"key":"Pantograph"},{"floor":9,"key":"Gremlin Horn"}],"event_choices":[{"event_name":"Living Wall","player_choice":"Grow","floor":4,"damage_taken":0},{"event_name":"Big Fish","player_choice":"Donut","floor":5,"damage_taken":0}],"boss_relics":[{"not_picked":["Snecko Eye","Runic Dome"],"picked":"Pandora\u0027s Box"}],"items_purged_floors":[10,14],"potions_floor_spawned":[2,12,16],"seed_played":"-2401718582259181824","killed_by":"Chosen","ascension_level":2,"potions_obtained":[{"floor":2,"key":"Swift Potion"},{"floor":12,"key":"Poison Potion"},{"floor":16,"key":"Poison Potion"}],"is_trial":false}