{"gold_per_floor":[115,115,115,127,141,141,168,168,168,168,187,187,187,187,187,292,292,306,324,340,265,120,151,163,192,192,203,203,221,221,247,247,347,347,364,364,364,382,48,48,48,74,74,74,86,114,134,134,134,134,134,134,13,13],"floor_reached":54,"playtime":2716,"items_purged":["Defend_G"],"score":908,"play_id":"cc398390-2a3e-40a7-8d5e-781929f620c4","local_time":"20190630155117","is_ascension_mode":true,"campfire_choices":[{"floor":6,"key":"RECALL"},{"data":"Storm of Steel","floor":8,"key":"SMITH"},{"floor":10,"key":"REST"},{"data":"Blade Dance","floor":12,"key":"SMITH"},{"data":"Neutralize","floor":15,"key":"SMITH"},{"data":"Storm of Steel","floor":28,"key":"SMITH"},{"floor":30,"key":"REST"},{"floor":32,"key":"REST"},{"data":"Backflip","floor":40,"key":"SMITH"},{"data":"Panache","floor":44,"key":"SMITH"},{"floor":49,"key":"REST"},{"floor":52,"key":"REST"}],"neow_cost":"CURSE","seed_source_timestamp":1460849156353501,"circlet_count":0,"master_deck":["Defend_G+1","Defend_G+1","Defend_G+1","Strike_G+1","Strike_G+1","Strike_G+1","Strike_G+1","Strike_G+1","Survivor+1","Neutralize+1","Prepared+1","Storm of Steel+1","Blade Dance+1","Storm of Steel+1","Backflip+1","Acrobatics+1","Caltrops+1","Die Die Die+1","Backflip+1","Bandage Up+1","Panache+1","Chrysalis+1","After Image+1","Terror"],"relics":["Ring of the Snake","Tough Bandages","Shuriken","Busted Crown","Anchor","Dodecahedron","Gremlin Horn","Pantograph","Ice Cream","WristBlade","Mango","Kunai","War Paint","Darkstone Periapt","Torii","Mark of the Bloom"],"potions_floor_usage":[7,25,29,50,50,54],"damage_taken":[{"damage":1,"enemies":"2 Louse","floor":1,"turns":4},{"damage":0,"enemies":"Small Slimes","floor":4,"turns":3},{"damage":2,"enemies":"Jaw Worm","floor":5,"turns":5},{"damage":53,"enemies":"Gremlin Nob","floor":7,"turns":7},{"damage":3,"enemies":"2 Fungi Beasts","floor":11,"turns":3},{"damage":39,"enemies":"The Guardian","floor":16,"turns":8},{"damage":0,"enemies":"Shell Parasite","floor":18,"turns":3},{"damage":14,"enemies":"Chosen","floor":19,"turns":6},{"damage":19,"enemies":"Sentry and Sphere","floor":20,"turns":4},{"damage":20,"enemies":"Book of Stabbing","floor":23,"turns":6},{"damage":0,"enemies":"Shelled Parasite and Fungi","floor":24,"turns":4},{"damage":0,"enemies":"Gremlin Leader","floor":25,"turns":5},{"damage":10,"enemies":"Snecko","floor":27,"turns":4},{"damage":0,"enemies":"Chosen and Byrds","floor":29,"turns":3},{"damage":0,"enemies":"Book of Stabbing","floor":31,"turns":3},{"damage":51,"enemies":"Champ","floor":33,"turns":8},{"damage":0,"enemies":"3 Shapes","floor":35,"turns":3},{"damage":0,"enemies":"Orb Walker","floor":38,"turns":2},{"damage":17,"enemies":"Nemesis","floor":42,"turns":5},{"damage":8,"enemies":"Transient","floor":45,"turns":5},{"damage":0,"enemies":"Giant Head","floor":46,"turns":5},{"damage":30,"enemies":"Writhing Mass","floor":47,"turns":6},{"damage":27,"enemies":"Time Eater","floor":50,"turns":8},{"damage":21,"enemies":"Shield and Spear","floor":54,"turns":2}],"seed_played":"-4119033193696892999","potions_obtained":[{"floor":1,"key":"SpeedPotion"},{"floor":18,"key":"GamblersBrew"},{"floor":27,"key":"Explosive Potion"},{"floor":29,"key":"Ancient Potion"},{"floor":33,"key":"Fire Potion"},{"floor":35,"key":"AttackPotion"}],"is_trial":false,"path_per_floor":["M","?","?","M","M","R","E","R","T","R","M","R","?","?","R","B",null,"M","M","M","?","$","E","M","E","T","M","R","M","R","E","R","B",null,"M","?","?","M","$","R","$","E","T","R","M","E","M","?","R","B",null,"R","$","E"],"character_chosen":"THE_SILENT","items_purchased":["Anchor","Kunai","Terror","Strength Potion"],"campfire_rested":5,"item_purchase_floors":[22,39,53,53],"current_hp_per_floor":[69,62,67,67,65,65,12,12,12,34,31,31,31,49,49,10,75,75,61,42,42,42,22,22,22,22,12,12,12,33,33,54,21,72,72,62,76,76,76,76,76,59,59,59,57,63,39,39,39,12,12,12,12,0],"gold":13,"neow_bonus":"ONE_RARE_RELIC","is_prod":false,"is_daily":false,"chose_seed":false,"campfire_upgraded":6,"win_rate":0,"timestamp":1561924277,"path_taken":["M","?","?","M","M","R","E","R","T","R","M","R","?","?","R","BOSS","M","M","M","?","$","E","M","E","T","M","R","M","R","E","R","BOSS","M","?","?","M","$","R","$","E","T","R","?","E","M","?","R","BOSS","R","$","E"],"build_version":"2019-01-23","purchased_purges":1,"victory":false,"max_hp_per_floor":[70,70,75,75,75,75,75,75,75,75,75,75,75,75,75,75,75,75,75,75,72,72,72,72,72,72,72,72,72,72,72,72,72,72,72,72,86,86,86,86,86,86,86,86,86,86,86,86,86,86,86,86,86,86],"card_choices":[{"not_picked":["Catalyst","Poisoned Stab"],"picked":"Prepared","floor":1},{"not_picked":["Calculated Gamble","Flying Knee","Underhanded Strike"],"picked":"SKIP","floor":4},{"not_picked":["Bane","PiercingWail","Dagger Throw"],"picked":"SKIP","floor":5},{"not_picked":["Outmaneuver","Flying Knee"],"picked":"Storm of Steel","floor":7},{"not_picked":["Bane","Sucker Punch"],"picked":"Blade Dance","floor":11},{"not_picked":["Night Terror","Doppelganger"],"picked":"Storm of Steel","floor":16},{"not_picked":["Predator"],"picked":"SKIP","floor":18},{"not_picked":[],"picked":"Backflip+1","floor":19},{"not_picked":["Acrobatics"],"picked":"SKIP","floor":20},{"not_picked":["Backflip"],"picked":"SKIP","floor":23},{"not_picked":[],"picked":"Acrobatics+1","floor":24},{"not_picked":["Reflex"],"picked":"SKIP","floor":25},{"not_picked":["Outmaneuver+1"],"picked":"SKIP","floor":27},{"not_picked":["Sucker Punch"],"picked":"SKIP","floor":29},{"not_picked":[],"picked":"Caltrops+1","floor":31},{"not_picked":[],"picked":"Die Die Die","floor":33},{"not_picked":[],"picked":"Backflip","floor":35},{"not_picked":[],"picked":"Bandage Up","floor":36},{"not_picked":[],"picked":"Panache","floor":36},{"not_picked":[],"picked":"Chrysalis","floor":36},{"not_picked":["Sucker Punch+1"],"picked":"SKIP","floor":38},{"not_picked":["Outmaneuver+1"],"picked":"SKIP","floor":42},{"not_picked":["Bane+1"],"picked":"SKIP","floor":45},{"not_picked":[],"picked":"After Image","floor":46},{"not_picked":["Terror+1"],"picked":"SKIP","floor":47}],"player_experience":66807,"relics_obtained":[{"floor":7,"key":"Shuriken"},{"floor":23,"key":"Dodecahedron"},{"floor":25,"key":"Gremlin Horn"},{"floor":26,"key":"Pantograph"},{"floor":31,"key":"Ice Cream"},{"floor":42,"key":"War Paint"},{"floor":43,"key":"Darkstone Periapt"},{"floor":46,"key":"Torii"}],"event_choices":[{"cards_removed":["Defend_G"],"damage_healed":0,"gold_gain":0,"player_choice":"Card Removal","damage_taken":7,"max_hp_gain":0,"max_hp_loss":0,"event_name":"Golden Wing","floor":2,"gold_loss":0},{"damage_healed":0,"gold_gain":0,"player_choice":"Donut","damage_taken":0,"max_hp_gain":5,"max_hp_loss":0,"event_name":"Big Fish","floor":3,"gold_loss":0},{"cards_removed":["Regret"],"damage_healed":0,"gold_gain":0,"player_choice":"Forget","damage_taken":0,"max_hp_gain":0,"max_hp_loss":0,"event_name":"Living Wall","floor":13,"gold_loss":0},{"damage_healed":18,"gold_gain":0,"player_choice":"Healed and dodged fight","damage_taken":0,"max_hp_gain":0,"max_hp_loss":0,"event_name":"Mushrooms","floor":14,"gold_loss":0,"cards_obtained":["Parasite"]},{"cards_removed":["Parasite"],"damage_healed":0,"gold_gain":0,"player_choice":"Gave Gold","damage_taken":0,"max_hp_gain":0,"max_hp_loss":0,"event_name":"Beggar","floor":21,"gold_loss":75},{"damage_healed":0,"gold_gain":0,"player_choice":"Memory 3","damage_taken":10,"max_hp_gain":0,"max_hp_loss":0,"event_name":"SensoryStone","floor":36,"gold_loss":0},{"damage_healed":0,"gold_gain":0,"player_choice":"Gave Potion","damage_taken":0,"relics_obtained":["Mango"],"max_hp_gain":0,"max_hp_loss":0,"event_name":"WeMeetAgain","floor":37,"gold_loss":0},{"damage_healed":0,"gold_gain":0,"player_choice":"Upgrade","damage_taken":0,"relics_obtained":["Mark of the Bloom"],"max_hp_gain":0,"max_hp_loss":0,"event_name":"MindBloom","floor":48,"gold_loss":0,"cards_upgraded":["Defend_G","Defend_G","Defend_G","Strike_G","Strike_G","Strike_G","Strike_G","Strike_G","Prepared","Die Die Die","Chrysalis","After Image"]}],"is_beta":false,"boss_relics":[{"not_picked":["Cursed Key","Runic Pyramid"],"picked":"Busted Crown"},{"not_picked":["Lizard Tail","Runic Dome"],"picked":"WristBlade"}],"items_purged_floors":[39],"is_endless":false,"potions_floor_spawned":[1,18,27,29,33,35],"killed_by":"Shield and Spear","ascension_level":2}