{"gold_per_floor":[116,191,191,191,41,75,75,100,100,100,110,110,36,36,36,140,140,159,159,259,30,129,129,148,148,148,164,189,189,189,221,221,319,319,331,79,79,179,193,224,224,259,259,333,333,333,333,85,85,85,85,85,21,53,53],"floor_reached":55,"playtime":2239,"items_purged":["Writhe"],"score":861,"play_id":"55f71421-b819-4ae7-9cdf-b690e1f5cd0b","local_time":"20190109220035","is_ascension_mode":true,"campfire_choices":[{"floor":7.0,"key":"RECALL"},{"data":"Inflame","floor":15.0,"key":"SMITH"},{"data":"Defend_R","floor":23.0,"key":"PURGE"},{"data":"Demon Form","floor":25.0,"key":"SMITH"},{"data":"Pain","floor":30.0,"key":"PURGE"},{"floor":32.0,"key":"REST"},{"data":"Spot Weakness","floor":41.0,"key":"SMITH"},{"data":"Doubt","floor":45.0,"key":"PURGE"},{"data":"Decay","floor":47.0,"key":"PURGE"},{"data":"Impervious","floor":49.0,"key":"SMITH"},{"data":"Spot Weakness+1","floor":52,"key":"PURGE"}],"neow_cost":"NONE","seed_source_timestamp":259580965127225,"circlet_count":0,"master_deck":["Defend_R+1","Defend_R","Bash+1","Iron Wave","Shrug It Off","Twin Strike+1","Inflame+1","Iron Wave","Demon Form+1","Headbutt+1","Pommel Strike+1","Burning Pact+1","Impervious+1","Power Through+1","Feel No Pain+1","Armaments+1","Flash of Steel+1","Heavy Blade+1","Corruption"],"special_seed":0,"relics":["Burning Blood","NeowsBlessing","Molten Egg 2","Vajra","Incense Burner","Odd Mushroom","The Courier","Cursed Key","Dead Branch","Bottled Tornado","Peace Pipe","Dream Catcher","Juzu Bracelet","WingedGreaves","Oddly Smooth Stone","Astrolabe","Singing Bowl","Pocketwatch","Paper Frog","Shuriken","Boot","Question Card","Calipers","Strawberry"],"potions_floor_usage":[50,55],"damage_taken":[{"damage":0.0,"enemies":"2 Louse","floor":1.0,"turns":1.0},{"damage":0.0,"enemies":"Lagavulin","floor":6.0,"turns":1.0},{"damage":1.0,"enemies":"The Mushroom Lair","floor":8.0,"turns":2.0},{"damage":0.0,"enemies":"Small Slimes","floor":11.0,"turns":3.0},{"damage":23.0,"enemies":"The Guardian","floor":16.0,"turns":11.0},{"damage":15.0,"enemies":"3 Byrds","floor":18.0,"turns":7.0},{"damage":0.0,"enemies":"Colosseum Slavers","floor":20.0,"turns":4.0},{"damage":29.0,"enemies":"Colosseum Nobs","floor":20.0,"turns":5.0},{"damage":10.0,"enemies":"2 Thieves","floor":24.0,"turns":4.0},{"damage":15.0,"enemies":"Centurion and Healer","floor":27.0,"turns":5.0},{"damage":24.0,"enemies":"Book of Stabbing","floor":28.0,"turns":4.0},{"damage":23.0,"enemies":"Slavers","floor":31.0,"turns":5.0},{"damage":24.0,"enemies":"Champ","floor":33.0,"turns":7.0},{"damage":0.0,"enemies":"3 Shapes","floor":35.0,"turns":5.0},{"damage":0.0,"enemies":"Mind Bloom Boss Battle","floor":38.0,"turns":4.0},{"damage":19.0,"enemies":"3 Darklings","floor":39.0,"turns":6.0},{"damage":7.0,"enemies":"Giant Head","floor":40.0,"turns":7.0},{"damage":26.0,"enemies":"Reptomancer","floor":42.0,"turns":6.0},{"damage":52,"enemies":"Awakened One","floor":50,"turns":7},{"damage":63,"enemies":"Shield and Spear","floor":54,"turns":6},{"damage":43,"enemies":"The Heart","floor":55,"turns":6}],"seed_played":"2952363302268542382","potions_obtained":[{"floor":6.0,"key":"Block Potion"},{"floor":8.0,"key":"Ancient Potion"},{"floor":11.0,"key":"Strength Potion"},{"floor":18.0,"key":"LiquidBronze"},{"floor":27.0,"key":"BloodPotion"},{"floor":28.0,"key":"Energy Potion"},{"floor":31.0,"key":"Fire Potion"},{"floor":35.0,"key":"FearPotion"},{"floor":42.0,"key":"Fruit Juice"},{"floor":54,"key":"EssenceOfSteel"}],"is_trial":false,"path_per_floor":["M","?","?","T","$","E","R","?","T","?","M","?","$","?","R","B",null,"M","?","?","$","?","R","M","R","T","M","E","?","R","E","R","B",null,"M","$","?","?","M","E","R","E","T","T","R","?","R","$","R","B",null,"R","$","E","B"],"character_chosen":"IRONCLAD","items_purchased":["Vajra","Spot Weakness","Peace Pipe","Singing Bowl","Calipers","Corruption"],"campfire_rested":1,"item_purchase_floors":[5,13,21,36,48,53],"current_hp_per_floor":[80,69,53,53,53,59,59,64,64,64,70,70,70,70,70,53,80,71,71,54,54,54,54,50,50,50,41,31,31,31,14,38,20,80,80,80,80,80,69,70,70,52,52,52,52,52,52,52,52,11,91,91,91,43,0],"gold":53,"neow_bonus":"THREE_ENEMY_KILL","is_prod":false,"is_daily":false,"chose_seed":false,"campfire_upgraded":4,"win_rate":0,"timestamp":1547067635,"path_taken":["M","?","?","?","$","E","R","?","T","?","?","?","?","?","R","BOSS","M","?","?","$","?","R","M","R","T","M","E","?","R","E","R","BOSS","M","$","?","?","M","E","R","E","T","?","R","?","R","$","R","BOSS","R","$","E","BOSS"],"build_version":"2019-01-03v4","purchased_purges":1,"victory":false,"max_hp_per_floor":[80,80,80,80,80,80,80,80,80,80,80,80,80,80,80,80,80,80,80,80,80,80,80,80,80,80,80,80,80,80,80,80,80,80,80,80,80,80,82,84,84,86,86,86,86,86,86,86,86,91,91,91,91,100,100],"card_choices":[{"not_picked":["Flex","Perfected Strike"],"picked":"Iron Wave","floor":1.0},{"not_picked":["Havoc","Power Through"],"picked":"Shrug It Off","floor":6.0},{"not_picked":["Perfected Strike+1","Flex"],"picked":"Twin Strike+1","floor":8.0},{"not_picked":["Anger+1","Corruption"],"picked":"Inflame","floor":11.0},{"not_picked":["Fiend Fire+1","Barricade"],"picked":"Demon Form","floor":16.0},{"not_picked":["True Grit","Thunderclap+1"],"picked":"Headbutt+1","floor":18.0},{"not_picked":["Twin Strike+1","Sword Boomerang+1"],"picked":"Pommel Strike+1","floor":20.0},{"not_picked":["Armaments","True Grit","Pommel Strike+1"],"picked":"SKIP","floor":24.0},{"not_picked":["Pommel Strike+1","Anger+1","Headbutt+1"],"picked":"SKIP","floor":27.0},{"not_picked":["Thunderclap+1","Metallicize"],"picked":"Burning Pact+1","floor":28.0},{"not_picked":["Clothesline+1","Barricade","Exhume"],"picked":"SKIP","floor":31.0},{"not_picked":["Fiend Fire+1","Double Tap"],"picked":"Impervious","floor":33.0},{"not_picked":["Twin Strike+1","Iron Wave+1","True Grit"],"picked":"SKIP","floor":35.0},{"not_picked":["Deep Breath","Good Instincts"],"picked":"Flash of Steel+1","floor":37.0},{"not_picked":["Flex","Anger+1"],"picked":"Heavy Blade+1","floor":38.0},{"not_picked":["Sever Soul+1","Infernal Blade","Cleave+1"],"picked":"Singing Bowl","floor":39.0},{"not_picked":["Entrench+1","Reckless Charge+1","True Grit+1"],"picked":"Singing Bowl","floor":40.0},{"not_picked":["Infernal Blade","Sword Boomerang+1","Juggernaut"],"picked":"Singing Bowl","floor":42.0},{"not_picked":["Evolve+1","Corruption","Searing Blow+1","Rupture"],"picked":"Singing Bowl","floor":54}],"player_experience":654736,"relics_obtained":[{"floor":4.0,"key":"Molten Egg 2"},{"floor":6.0,"key":"Incense Burner"},{"floor":8.0,"key":"Odd Mushroom"},{"floor":20.0,"key":"Dead Branch"},{"floor":20.0,"key":"Bottled Tornado"},{"floor":26.0,"key":"Dream Catcher"},{"floor":28.0,"key":"Juzu Bracelet"},{"floor":31.0,"key":"Oddly Smooth Stone"},{"floor":38.0,"key":"Pocketwatch"},{"floor":40.0,"key":"Paper Frog"},{"floor":42.0,"key":"Shuriken"},{"floor":43.0,"key":"Boot"},{"floor":44.0,"key":"Question Card"},{"floor":54,"key":"Strawberry"}],"event_choices":[{"damage_healed":0.0,"max_hp_gain":0.0,"max_hp_loss":0.0,"gold_gain":75.0,"event_name":"World of Goop","player_choice":"Gather Gold","floor":2.0,"gold_loss":0.0,"damage_taken":11.0},{"damage_healed":0.0,"max_hp_gain":0.0,"max_hp_loss":0.0,"gold_gain":0.0,"event_name":"Shining Light","player_choice":"Entered Light","floor":3.0,"gold_loss":0.0,"damage_taken":16.0,"cards_upgraded":["Bash","Defend_R"]},{"damage_healed":0.0,"max_hp_gain":0.0,"max_hp_loss":0.0,"gold_gain":0.0,"event_name":"Mushrooms","player_choice":"Fought Mushrooms","floor":8.0,"gold_loss":0.0,"damage_taken":0.0},{"cards_removed":["Strike_R"],"damage_healed":0.0,"max_hp_gain":0.0,"max_hp_loss":0.0,"gold_gain":0.0,"event_name":"Living Wall","player_choice":"Forget","floor":10.0,"gold_loss":0.0,"damage_taken":0.0},{"cards_removed":["Strike_R"],"damage_healed":0.0,"max_hp_gain":0.0,"max_hp_loss":0.0,"gold_gain":0.0,"event_name":"NoteForYourself","player_choice":"Took Card","floor":12.0,"gold_loss":0.0,"damage_taken":0.0,"cards_obtained":["Iron Wave"]},{"damage_healed":0.0,"max_hp_gain":0.0,"max_hp_loss":0.0,"gold_gain":0.0,"event_name":"Dead Adventurer","player_choice":"Searched \u00271\u0027 times","floor":14.0,"gold_loss":0.0,"damage_taken":0.0,"relics_obtained":["The Courier"]},{"cards_removed":["Strike_R"],"damage_healed":0.0,"max_hp_gain":0.0,"max_hp_loss":0.0,"gold_gain":0.0,"event_name":"Back to Basics","player_choice":"Elegance","floor":19.0,"gold_loss":0.0,"damage_taken":0.0},{"damage_healed":0.0,"max_hp_gain":0.0,"max_hp_loss":0.0,"gold_gain":0.0,"event_name":"Colosseum","player_choice":"Fight","floor":20.0,"gold_loss":0.0,"damage_taken":0.0},{"damage_healed":0.0,"max_hp_gain":0.0,"max_hp_loss":0.0,"gold_gain":0.0,"event_name":"Colosseum","player_choice":"Fought Nobs","floor":20.0,"gold_loss":0.0,"damage_taken":0.0},{"damage_healed":0.0,"max_hp_gain":0.0,"max_hp_loss":0.0,"gold_gain":99.0,"event_name":"Nest","player_choice":"Stole From Cult","floor":22.0,"gold_loss":0.0,"damage_taken":0.0},{"damage_healed":0.0,"max_hp_gain":0.0,"max_hp_loss":0.0,"gold_gain":0.0,"event_name":"The Mausoleum","player_choice":"Opened","floor":29.0,"gold_loss":0.0,"damage_taken":0.0,"relics_obtained":["WingedGreaves"],"cards_obtained":["Writhe"]},{"damage_healed":0.0,"max_hp_gain":0.0,"max_hp_loss":0.0,"gold_gain":0.0,"event_name":"SensoryStone","player_choice":"Memory 1","floor":37.0,"gold_loss":0.0,"damage_taken":0.0},{"damage_healed":0.0,"max_hp_gain":0.0,"max_hp_loss":0.0,"gold_gain":0.0,"event_name":"MindBloom","player_choice":"Fight","floor":38.0,"gold_loss":0.0,"damage_taken":0.0},{"damage_healed":0.0,"max_hp_gain":0.0,"max_hp_loss":0.0,"gold_gain":0.0,"event_name":"Tomb of Lord Red Mask","player_choice":"Ignored","floor":46.0,"gold_loss":0.0,"damage_taken":0.0}],"is_beta":false,"boss_relics":[{"not_picked":["Black Star","Philosopher\u0027s Stone"],"picked":"Cursed Key"},{"not_picked":["Lizard Tail","White Beast Statue"],"picked":"Astrolabe"}],"items_purged_floors":[36],"is_endless":false,"potions_floor_spawned":[6,8,11,18,27,28,31,35,42,54],"killed_by":"The Heart","ascension_level":1}