{"gold_per_floor":[109,109,31,48,67,67,82,82,82,111,127,127,162,178,178,252,252,268,318,329,340,358,358,376,376,426,426,426,122,122,149,149,227,227,238,238,338,252,270,270,270,170,197,197,48,65,65,25,25,25],"floor_reached":51,"playtime":2548,"items_purged":["Doubt","Bash","Strike_R"],"score":1290,"play_id":"4733bc5f-b9dc-43fb-8525-938dbabe9a9b","local_time":"20190224163938","is_ascension_mode":true,"campfire_choices":[{"data":"True Grit","floor":6.0,"key":"SMITH"},{"data":"Rampage","floor":8.0,"key":"SMITH"},{"data":"Battle Trance","floor":12.0,"key":"SMITH"},{"data":"Metallicize","floor":15.0,"key":"SMITH"},{"data":"Dark Embrace","floor":23.0,"key":"SMITH"},{"floor":25.0,"key":"REST"},{"data":"Burning Pact","floor":28.0,"key":"SMITH"},{"floor":32,"key":"REST"},{"data":"Sentinel","floor":40,"key":"SMITH"},{"data":"Offering","floor":44,"key":"SMITH"},{"floor":47,"key":"REST"},{"floor":49,"key":"REST"}],"neow_cost":"NONE","seed_source_timestamp":1449239928793675,"circlet_count":0,"master_deck":["AscendersBane","Strike_R","Defend_R","Defend_R+1","Defend_R+1","Defend_R","Metallicize+1","Rampage+1","Battle Trance+1","True Grit+1","Headbutt","Burning Pact+1","Warcry","Dark Embrace+1","Metallicize","Double Tap+1","Offering+1","Sentinel+1","Wild Strike"],"special_seed":0,"relics":["Burning Blood","Happy Flower","Singing Bowl","Bronze Scales","Cursed Key","War Paint","Omamori","Busted Crown","StoneCalendar","Bottled Lightning","Vajra"],"potions_floor_usage":[31],"damage_taken":[{"damage":7.0,"enemies":"Jaw Worm","floor":1.0,"turns":3.0},{"damage":0.0,"enemies":"Cultist","floor":4.0,"turns":3.0},{"damage":3.0,"enemies":"Small Slimes","floor":5.0,"turns":4.0},{"damage":4.0,"enemies":"Red Slaver","floor":7.0,"turns":6.0},{"damage":5.0,"enemies":"Gremlin Nob","floor":10.0,"turns":3.0},{"damage":0.0,"enemies":"Looter","floor":11.0,"turns":3.0},{"damage":15.0,"enemies":"Lagavulin","floor":13.0,"turns":6.0},{"damage":9.0,"enemies":"Blue Slaver","floor":14.0,"turns":4.0},{"damage":15.0,"enemies":"The Guardian","floor":16.0,"turns":9.0},{"damage":13.0,"enemies":"Chosen","floor":18.0,"turns":5.0},{"damage":31.0,"enemies":"2 Thieves","floor":20.0,"turns":4.0},{"damage":22.0,"enemies":"Snake Plant","floor":21.0,"turns":4.0},{"damage":15.0,"enemies":"Snecko","floor":22.0,"turns":5.0},{"damage":21.0,"enemies":"3 Cultists","floor":24.0,"turns":5.0},{"damage":40,"enemies":"Slavers","floor":31,"turns":4},{"damage":26,"enemies":"Collector","floor":33,"turns":6},{"damage":12,"enemies":"3 Shapes","floor":35,"turns":5},{"damage":6,"enemies":"Mind Bloom Boss Battle","floor":37,"turns":5},{"damage":36,"enemies":"3 Darklings","floor":39,"turns":3},{"damage":17,"enemies":"Transient","floor":46,"turns":6},{"damage":17,"enemies":"Donu and Deca","floor":50,"turns":7}],"seed_played":"629024305432409626","potions_obtained":[{"floor":1.0,"key":"Explosive Potion"},{"floor":5.0,"key":"GamblersBrew"},{"floor":10.0,"key":"Regen Potion"},{"floor":22.0,"key":"Dexterity Potion"},{"floor":33,"key":"Fire Potion"},{"floor":39,"key":"Strength Potion"},{"floor":48,"key":"Explosive Potion"},{"floor":48,"key":"SpeedPotion"}],"is_trial":false,"path_per_floor":["M","?","$","M","M","R","M","R","T","E","M","R","E","M","R","B",null,"M","?","M","M","M","R","M","R","T","?","R","$","?","E","R","B",null,"M","?","?","$","M","R","T","$","T","R","$","M","R","?","R","B",null],"character_chosen":"IRONCLAD","items_purchased":["Battle Trance","Metallicize","Double Tap","Sentinel","Wild Strike"],"campfire_rested":4,"item_purchase_floors":[3,29,29,38,45],"current_hp_per_floor":[67,67,67,73,75,75,75,75,75,77,77,77,68,67,67,58,74,69,69,46,32,25,25,21,47,47,47,47,47,47,15,42,22,74,70,70,72,72,44,44,44,44,44,44,44,35,64,64,93,82],"gold":25,"neow_bonus":"REMOVE_CARD","is_prod":false,"is_daily":false,"chose_seed":false,"campfire_upgraded":8,"win_rate":0,"timestamp":1551022778,"path_taken":["M","?","?","M","M","R","M","R","T","E","M","R","E","M","R","BOSS","M","?","?","M","M","R","M","R","T","?","R","$","?","E","R","BOSS","M","?","?","$","M","R","?","$","T","R","?","M","R","?","R","BOSS"],"build_version":"2019-01-23","purchased_purges":3,"victory":true,"max_hp_per_floor":[75,75,75,75,75,75,75,75,75,77,77,77,77,79,79,79,79,81,81,83,85,87,87,89,89,89,89,89,89,89,91,91,91,91,93,93,95,95,97,97,97,97,97,97,97,99,99,99,99,99],"card_choices":[{"not_picked":["Burning Pact","Wild Strike"],"picked":"Metallicize","floor":1.0},{"not_picked":["Heavy Blade","Searing Blow"],"picked":"True Grit","floor":4.0},{"not_picked":["True Grit","Clothesline","Shockwave"],"picked":"SKIP","floor":5.0},{"not_picked":["Spot Weakness","Seeing Red"],"picked":"Headbutt","floor":7.0},{"not_picked":["Thunderclap","Power Through","Armaments"],"picked":"Singing Bowl","floor":10.0},{"not_picked":["Clash","Spot Weakness"],"picked":"Burning Pact","floor":11.0},{"not_picked":["Disarm","Blood for Blood"],"picked":"Warcry","floor":13.0},{"not_picked":["Twin Strike","Armaments","Corruption"],"picked":"Singing Bowl","floor":14.0},{"not_picked":["Immolate","Juggernaut"],"picked":"Dark Embrace","floor":16.0},{"not_picked":["Searing Blow","Shrug It Off","Twin Strike"],"picked":"Singing Bowl","floor":18.0},{"not_picked":["Anger","Entrench","Sword Boomerang+1"],"picked":"Singing Bowl","floor":20.0},{"not_picked":["Fire Breathing","Flex","Battle Trance"],"picked":"Singing Bowl","floor":21.0},{"not_picked":["Thunderclap","Heavy Blade+1","Sword Boomerang"],"picked":"Singing Bowl","floor":22.0},{"not_picked":["Dropkick+1","Heavy Blade","Berserk"],"picked":"Singing Bowl","floor":24.0},{"not_picked":["Clothesline","Blood for Blood","Pummel+1"],"picked":"Singing Bowl","floor":31},{"not_picked":["Reaper","Bludgeon"],"picked":"Offering","floor":33},{"not_picked":["Clothesline"],"picked":"Singing Bowl","floor":35},{"not_picked":["Perfected Strike+1"],"picked":"Singing Bowl","floor":37},{"not_picked":["Havoc"],"picked":"Singing Bowl","floor":39},{"not_picked":["Body Slam"],"picked":"Singing Bowl","floor":46}],"player_experience":890167,"relics_obtained":[{"floor":9.0,"key":"Happy Flower"},{"floor":10.0,"key":"Singing Bowl"},{"floor":13.0,"key":"Bronze Scales"},{"floor":26.0,"key":"War Paint"},{"floor":31,"key":"Omamori"},{"floor":37,"key":"StoneCalendar"},{"floor":41,"key":"Bottled Lightning"},{"floor":43,"key":"Vajra"}],"event_choices":[{"damage_healed":0.0,"max_hp_gain":0.0,"max_hp_loss":0.0,"gold_gain":0.0,"cards_transformed":["Strike_R"],"event_name":"Transmorgrifier","player_choice":"Transformed","floor":2.0,"gold_loss":0.0,"damage_taken":0.0,"cards_obtained":["Rampage"]},{"damage_healed":0.0,"max_hp_gain":0.0,"max_hp_loss":0.0,"gold_gain":50.0,"event_name":"Golden Shrine","player_choice":"Pray","floor":19.0,"gold_loss":0.0,"damage_taken":0.0},{"damage_healed":0.0,"max_hp_gain":0.0,"max_hp_loss":0.0,"gold_gain":0.0,"event_name":"The Mausoleum","player_choice":"Ignored","floor":27.0,"gold_loss":0.0,"damage_taken":0.0},{"damage_healed":0.0,"max_hp_gain":0.0,"max_hp_loss":0.0,"gold_gain":0.0,"event_name":"Upgrade Shrine","player_choice":"Upgraded","floor":30.0,"gold_loss":0.0,"damage_taken":0.0,"cards_upgraded":["Double Tap"]},{"cards_removed":["Strike_R"],"damage_healed":0,"gold_gain":0,"player_choice":"Removed Attack","damage_taken":0,"max_hp_gain":0,"max_hp_loss":0,"event_name":"Falling","floor":36,"gold_loss":0},{"damage_healed":0,"gold_gain":0,"player_choice":"Fight","damage_taken":0,"max_hp_gain":0,"max_hp_loss":0,"event_name":"MindBloom","floor":37,"gold_loss":0},{"damage_healed":0,"gold_gain":0,"player_choice":"Bought 3 Potions","damage_taken":0,"max_hp_gain":0,"max_hp_loss":0,"event_name":"The Woman in Blue","floor":48,"gold_loss":0}],"is_beta":false,"boss_relics":[{"not_picked":["Philosopher\u0027s Stone","Astrolabe"],"picked":"Cursed Key"},{"not_picked":["Fusion Hammer","Runic Cube"],"picked":"Busted Crown"}],"items_purged_floors":[29,42,45],"is_endless":false,"potions_floor_spawned":[1,5,10,13,21,22,33,39],"ascension_level":19}