{"gold_per_floor":[360,535,36,56,56,56,72,49,49,81,91,91,41,55,55,151,151,151,151,151,151,151,151,151,151,151,151],"floor_reached":27,"playtime":1038,"items_purged":["Pain"],"score":271,"play_id":"d59d57a0-2563-4d60-a70f-958bae4ea338","local_time":"20190716160519","is_ascension_mode":true,"campfire_choices":[{"data":"Mayhem","floor":6,"key":"SMITH"},{"data":"Capacitor","floor":12,"key":"SMITH"},{"data":"Defragment","floor":15,"key":"SMITH"},{"data":"Creative AI","floor":23,"key":"SMITH"}],"neow_cost":"CURSE","seed_source_timestamp":423111192292647,"circlet_count":0,"master_deck":["Strike_B","Strike_B","Strike_B","Strike_B","Defend_B+1","Defend_B","Defend_B","Defend_B","Zap","Chill+1","Doubt","Capacitor+1","Mayhem+1","Ball Lightning","Ball Lightning","Leap","Doom and Gloom","Defragment+1","Sweeping Beam","Creative AI+1","Rip and Tear+1"],"relics":["Cracked Core","Oddly Smooth Stone","Kunai","Bottled Flame","Omamori","Ectoplasm","MutagenicStrength","War Paint","Ancient Tea Set"],"potions_floor_usage":[18,24,25,25],"damage_taken":[{"damage":12,"enemies":"Jaw Worm","floor":1,"turns":4},{"damage":0,"enemies":"2 Louse","floor":4,"turns":3},{"damage":0,"enemies":"Cultist","floor":7,"turns":3},{"damage":0,"enemies":"Lagavulin","floor":10,"turns":7},{"damage":0,"enemies":"2 Fungi Beasts","floor":11,"turns":2},{"damage":0,"enemies":"Large Slime","floor":14,"turns":5},{"damage":32,"enemies":"Hexaghost","floor":16,"turns":9},{"damage":6,"enemies":"3 Byrds","floor":18,"turns":6},{"damage":18,"enemies":"Chosen","floor":20,"turns":5},{"damage":5,"enemies":"Snecko","floor":22,"turns":4},{"damage":5,"enemies":"Sentry and Sphere","floor":24,"turns":5},{"damage":14,"enemies":"Book of Stabbing","floor":25,"turns":6},{"damage":20,"enemies":"Slavers","floor":27,"turns":1}],"seed_played":"4787334305877144707","potions_obtained":[{"floor":4,"key":"LiquidBronze"},{"floor":7,"key":"Weak Potion"},{"floor":16,"key":"Dexterity Potion"},{"floor":22,"key":"SkillPotion"}],"is_trial":false,"path_per_floor":["M","?","$","M","?","R","M","$","T","E","M","R","?","M","R","B",null,"M","?","M","?","M","R","M","E","T","E"],"character_chosen":"DEFECT","items_purchased":["Capacitor","Oddly Smooth Stone","Mayhem","Leap"],"campfire_rested":0,"item_purchase_floors":[3,3,3,8],"current_hp_per_floor":[63,63,63,63,63,63,63,63,63,63,63,63,63,63,63,31,75,69,55,37,37,32,32,27,13,13,0],"gold":151,"neow_bonus":"TWO_FIFTY_GOLD","is_prod":false,"is_daily":false,"chose_seed":false,"campfire_upgraded":4,"win_rate":0,"timestamp":1563307519,"path_taken":["M","?","$","M","?","R","?","$","T","E","M","R","?","M","R","BOSS","M","?","M","?","M","R","M","E","T","E"],"build_version":"2019-07-05","purchased_purges":1,"victory":false,"max_hp_per_floor":[75,75,75,75,75,75,75,75,75,75,75,75,75,75,75,75,75,75,80,80,80,80,80,80,80,80,80],"card_choices":[{"not_picked":["Turbo","Sweeping Beam"],"picked":"Chill","floor":1},{"not_picked":["Leap","Undo"],"picked":"Ball Lightning","floor":4},{"not_picked":["Sweeping Beam","Beam Cell"],"picked":"Ball Lightning","floor":7},{"not_picked":["White Noise","Heatsinks"],"picked":"Doom and Gloom","floor":10},{"not_picked":["Auto Shields","Turbo"],"picked":"Defragment","floor":11},{"not_picked":["Stack","Barrage"],"picked":"Sweeping Beam","floor":14},{"not_picked":["Rainbow","Multi-Cast"],"picked":"Creative AI","floor":16},{"not_picked":["Redo+1","FTL","Compile Driver"],"picked":"SKIP","floor":18},{"not_picked":["Auto Shields","Go for the Eyes"],"picked":"Rip and Tear+1","floor":20},{"not_picked":["Redo","Beam Cell","Stack"],"picked":"SKIP","floor":22},{"not_picked":["Coolheaded","Blizzard","Streamline"],"picked":"SKIP","floor":24},{"not_picked":["Barrage","Sweeping Beam","Recycle"],"picked":"SKIP","floor":25}],"player_experience":158913,"relics_obtained":[{"floor":5,"key":"Kunai"},{"floor":9,"key":"Bottled Flame"},{"floor":10,"key":"Omamori"},{"floor":25,"key":"War Paint"},{"floor":26,"key":"Ancient Tea Set"}],"event_choices":[{"damage_healed":0,"gold_gain":175,"player_choice":"AGREE","damage_taken":0,"max_hp_gain":0,"max_hp_loss":0,"event_name":"Liars Game","floor":2,"gold_loss":0,"cards_obtained":["Doubt"]},{"damage_healed":0,"gold_gain":0,"player_choice":"Relic","damage_taken":0,"max_hp_gain":0,"max_hp_loss":0,"event_name":"Wheel of Change","floor":5,"gold_loss":0},{"cards_removed":["Dualcast"],"damage_healed":0,"gold_gain":0,"player_choice":"Card Removal","damage_taken":0,"max_hp_gain":0,"max_hp_loss":0,"event_name":"The Cleric","floor":13,"gold_loss":50},{"damage_healed":0,"gold_gain":0,"player_choice":"Shed Blood","damage_taken":19,"max_hp_gain":5,"max_hp_loss":0,"event_name":"Forgotten Altar","floor":19,"gold_loss":0},{"damage_healed":0,"gold_gain":0,"player_choice":"Inject Mutagens","damage_taken":0,"relics_obtained":["MutagenicStrength"],"max_hp_gain":0,"max_hp_loss":0,"event_name":"Drug Dealer","floor":21,"gold_loss":0}],"is_beta":false,"boss_relics":[{"not_picked":["Sozu","FrozenCore"],"picked":"Ectoplasm"}],"items_purged_floors":[3],"is_endless":false,"potions_floor_spawned":[4,7,16,22],"killed_by":"Slavers","ascension_level":1}