{"gold_per_floor":[111,126,51,51,51,51,80,99,99,115,144,144,164,239,239,340,340,350,363,185,185,195,195,225,225,249,280,298,298],"floor_reached":29,"playtime":987,"items_purged":["Strike_B","Strike_B"],"score":313,"play_id":"b3154781-9dbe-4b2e-b41a-bceb58bf4f6c","local_time":"20190702225247","is_ascension_mode":true,"campfire_choices":[{"data":"Defragment","floor":6,"key":"SMITH"},{"data":"Static Discharge","floor":12,"key":"SMITH"},{"data":"Rip and Tear","floor":15,"key":"SMITH"},{"data":"Biased Cognition","floor":23,"key":"SMITH"},{"data":"Self Repair","floor":25,"key":"SMITH"}],"neow_cost":"NONE","seed_source_timestamp":1660672451543789,"circlet_count":0,"master_deck":["Strike_B","Defend_B","Defend_B","Defend_B","Defend_B","Zap","Dualcast","Defragment+1","Rip and Tear+1","Static Discharge+1","Biased Cognition+1","Storm+1","Ball Lightning","Self Repair+1","Capacitor","Self Repair+1"],"relics":["Cracked Core","NeowsBlessing","Mercury Hourglass","Regal Pillow","Symbiotic Virus","Oddly Smooth Stone","Eternal Feather","Kunai","Vajra","Boot"],"potions_floor_usage":[11,16,16,24,27,29],"damage_taken":[{"damage":0,"enemies":"Jaw Worm","floor":1,"turns":1},{"damage":0,"enemies":"2 Louse","floor":2,"turns":1},{"damage":0,"enemies":"Gremlin Nob","floor":7,"turns":1},{"damage":1,"enemies":"Cultist","floor":8,"turns":3},{"damage":0,"enemies":"Looter","floor":10,"turns":3},{"damage":9,"enemies":"3 Sentries","floor":11,"turns":3},{"damage":0,"enemies":"Blue Slaver","floor":13,"turns":3},{"damage":12,"enemies":"The Guardian","floor":16,"turns":7},{"damage":24,"enemies":"2 Thieves","floor":18,"turns":2},{"damage":8,"enemies":"Shell Parasite","floor":19,"turns":3},{"damage":12,"enemies":"3 Cultists","floor":22,"turns":3},{"damage":5,"enemies":"Gremlin Leader","floor":24,"turns":4},{"damage":24,"enemies":"Book of Stabbing","floor":27,"turns":2},{"damage":21,"enemies":"Snake Plant","floor":28,"turns":3},{"damage":26,"enemies":"Slavers","floor":29,"turns":1}],"seed_played":"-7388327459391345822","potions_obtained":[{"floor":1,"key":"AttackPotion"},{"floor":7,"key":"Swift Potion"},{"floor":8,"key":"Block Potion"},{"floor":13,"key":"Swift Potion"},{"floor":22,"key":"GamblersBrew"},{"floor":28,"key":"SteroidPotion"}],"is_trial":false,"path_per_floor":["M","M","$","?","?","R","E","M","T","M","E","R","M","?","R","B",null,"M","M","$","?","M","R","E","R","T","E","M","E"],"character_chosen":"DEFECT","items_purchased":["Self Repair"],"campfire_rested":0,"item_purchase_floors":[20],"current_hp_per_floor":[75,75,75,72,72,72,72,71,71,71,62,62,62,51,51,39,75,51,43,43,43,38,44,46,52,52,28,17,0],"gold":298,"neow_bonus":"THREE_ENEMY_KILL","is_prod":false,"is_daily":false,"chose_seed":false,"campfire_upgraded":5,"win_rate":0,"timestamp":1562122367,"path_taken":["M","M","$","?","?","R","E","M","T","?","E","R","M","?","R","BOSS","M","M","$","?","M","R","E","R","T","E","M","E"],"build_version":"2019-07-01","purchased_purges":2,"victory":false,"max_hp_per_floor":[75,75,75,75,75,75,75,75,75,75,75,75,75,75,75,75,75,75,75,75,75,75,75,75,75,75,75,75,75],"card_choices":[{"not_picked":["Go for the Eyes","Heatsinks","Redo"],"picked":"SKIP","floor":1},{"not_picked":["Steam Power","BootSequence"],"picked":"Defragment","floor":2},{"not_picked":["Conserve Battery","White Noise"],"picked":"Rip and Tear","floor":7},{"not_picked":["Sweeping Beam","Turbo","Gash"],"picked":"SKIP","floor":8},{"not_picked":["Meteor Strike","Rebound","Redo"],"picked":"SKIP","floor":10},{"not_picked":["Self Repair","Reboot"],"picked":"Static Discharge","floor":11},{"not_picked":["Hologram","Compile Driver","Heatsinks"],"picked":"SKIP","floor":13},{"not_picked":["Thunder Strike","Fission"],"picked":"Biased Cognition","floor":16},{"not_picked":["Double Energy","Streamline"],"picked":"Storm","floor":18},{"not_picked":["FTL","Rip and Tear"],"picked":"Ball Lightning","floor":19},{"not_picked":["Sweeping Beam","Gash","Stack"],"picked":"SKIP","floor":22},{"not_picked":["Scrape","Turbo","Compile Driver"],"picked":"SKIP","floor":24},{"not_picked":["Barrage+1","Coolheaded"],"picked":"Capacitor","floor":27},{"not_picked":["Chaos+1","Streamline"],"picked":"Self Repair+1","floor":28}],"player_experience":115473,"relics_obtained":[{"floor":7,"key":"Regal Pillow"},{"floor":9,"key":"Symbiotic Virus"},{"floor":11,"key":"Oddly Smooth Stone"},{"floor":24,"key":"Kunai"},{"floor":26,"key":"Vajra"},{"floor":27,"key":"Boot"}],"event_choices":[{"damage_healed":0,"gold_gain":0,"player_choice":"Success","damage_taken":3,"relics_obtained":["Mercury Hourglass"],"max_hp_gain":0,"max_hp_loss":0,"event_name":"Scrap Ooze","floor":4,"gold_loss":0},{"cards_removed":["Strike_B"],"damage_healed":0,"gold_gain":0,"player_choice":"Card Removal","damage_taken":0,"max_hp_gain":0,"max_hp_loss":0,"event_name":"Wheel of Change","floor":5,"gold_loss":0},{"damage_healed":0,"gold_gain":75,"player_choice":"Gather Gold","damage_taken":11,"max_hp_gain":0,"max_hp_loss":0,"event_name":"World of Goop","floor":14,"gold_loss":0},{"damage_healed":0,"gold_gain":0,"player_choice":"Forge","damage_taken":0,"max_hp_gain":0,"max_hp_loss":0,"event_name":"Accursed Blacksmith","floor":21,"gold_loss":0,"cards_upgraded":["Storm"]}],"is_beta":false,"boss_relics":[{"not_picked":["Tiny House","Philosopher\u0027s Stone"],"picked":"Eternal Feather"}],"items_purged_floors":[3,20],"is_endless":false,"potions_floor_spawned":[1,7,8,13,22,28],"killed_by":"Slavers","ascension_level":1}