{"path_per_floor":["M","M","?","?","?","R","M","R","T","M","E","M","?","M","R","B",null,"M","M","?","?","$","M","E","?","T","R","?","M","M","M","R"],"character_chosen":"DEFECT","items_purchased":["Static Discharge","Shuriken"],"gold_per_floor":[113,131,131,131,131,131,148,148,148,161,192,210,210,225,225,320,320,330,341,341,291,4,14,44,44,71,71,0,20,38,50,50,50],"floor_reached":33,"campfire_rested":0,"playtime":2056,"current_hp_per_floor":[74,67,42,27,20,20,14,14,14,25,17,28,28,38,38,26,75,69,66,66,66,66,59,32,32,32,32,32,46,47,54,54,0],"items_purged":["Strike_B"],"gold":50,"score":269,"play_id":"ed90216e-220e-4f5b-9b49-5c212ecfb922","local_time":"20180430130846","is_prod":false,"is_daily":false,"chose_seed":false,"is_ascension_mode":false,"campfire_upgraded":5,"timestamp":1525086526,"path_taken":["M","M","?","?","?","R","?","R","T","M","E","M","?","?","R","BOSS","M","M","?","?","$","M","E","?","T","R","?","M","M","?","R","BOSS"],"build_version":"2018-04-27v3","seed_source_timestamp":478674704269968,"purchased_purges":1,"victory":false,"master_deck":["Strike_B+1","Strike_B+1","Defend_B","Defend_B","Defend_B","Defend_B","Zap+1","Dualcast","Beam Cell+1","Auto Shields","White Noise","Chill","Redo+1","Barrage","Creative AI+1","Cold Snap","Self Repair","Static Discharge","Skim","Sweeping Beam+1","Barrage+1","Melter","Capacitor+1"],"max_hp_per_floor":[75,75,75,75,75,75,75,75,75,75,75,75,75,75,75,75,75,75,75,75,75,75,75,75,75,75,75,75,75,75,75,75,75],"relics":["Cracked Core","The Courier","Meat on the Bone","Mercury Hourglass","Regal Pillow","Inserter","Shuriken","Vajra","Prayer Wheel"],"card_choices":[{"not_picked":["Capacitor","Cold Snap"],"picked":"Beam Cell","floor":1.0},{"not_picked":["Rip and Tear","Flux Capacitor"],"picked":"Auto Shields","floor":2},{"not_picked":["Sweeping Beam","Force Field"],"picked":"White Noise","floor":7},{"not_picked":["Cold Snap","Rip and Tear"],"picked":"Chill","floor":11},{"not_picked":["Sweeping Beam","Conserve Battery"],"picked":"Redo","floor":12},{"not_picked":["Chill","Flux Capacitor"],"picked":"Barrage","floor":14},{"not_picked":["Thunder Strike","Amplify"],"picked":"Creative AI","floor":16},{"not_picked":["Hologram","Go for the Eyes"],"picked":"Cold Snap","floor":18},{"not_picked":["Buffer","Auto Shields"],"picked":"Self Repair","floor":19},{"not_picked":["Chill","Storm"],"picked":"Skim","floor":23},{"not_picked":["Scrape","Beam Cell"],"picked":"Sweeping Beam","floor":24},{"not_picked":["Streamline","Conserve Battery"],"picked":"Barrage","floor":29},{"not_picked":["Sweeping Beam","Auto Shields"],"picked":"Melter","floor":30},{"not_picked":["Skim","Stack"],"picked":"Capacitor","floor":31}],"player_experience":542183,"potions_floor_usage":[11,14,18,24,24],"damage_taken":[{"damage":1.0,"enemies":"Jaw Worm","floor":1.0,"turns":3.0},{"damage":7.0,"enemies":"2 Louse","floor":2.0,"turns":3.0},{"damage":6,"enemies":"Looter","floor":7,"turns":4},{"damage":1,"enemies":"Blue Slaver","floor":10,"turns":3},{"damage":29,"enemies":"Lagavulin","floor":11,"turns":7},{"damage":1,"enemies":"2 Fungi Beasts","floor":12,"turns":2},{"damage":8,"enemies":"Looter","floor":14,"turns":3},{"damage":24,"enemies":"Hexaghost","floor":16,"turns":9},{"damage":6,"enemies":"Chosen","floor":18,"turns":4},{"damage":3,"enemies":"3 Byrds","floor":19,"turns":4},{"damage":14,"enemies":"Snake Plant","floor":23,"turns":4},{"damage":46,"enemies":"Gremlin Leader","floor":24,"turns":9},{"damage":5,"enemies":"Sentry and Sphere","floor":29,"turns":4},{"damage":6,"enemies":"Cultist and Chosen","floor":30,"turns":4},{"damage":12,"enemies":"Snake Plant","floor":31,"turns":4},{"damage":77,"enemies":"Automaton","floor":33,"turns":6}],"event_choices":[{"event_name":"Scrap Ooze","player_choice":"success","floor":3,"damage_taken":25},{"event_name":"Shining Light","player_choice":"Entered Light","floor":4,"damage_taken":0},{"event_name":"Golden Wing","player_choice":"Card Removal","floor":5,"damage_taken":0},{"event_name":"Dead Adventurer","player_choice":"Searched \u00271\u0027 times","floor":13,"damage_taken":0},{"event_name":"Match and Keep!","player_choice":"0 cards matched","floor":20,"damage_taken":0},{"event_name":"The Joust","player_choice":"Bet on Murderer","floor":21,"damage_taken":0},{"event_name":"Addict","player_choice":"Ignored","floor":25,"damage_taken":0}],"boss_relics":[{"not_picked":["Lizard Tail","Philosopher\u0027s Stone"],"picked":"Inserter"}],"potions_floor_spawned":[2,10,14,16,18,19,24,31],"seed_played":"8704904654585908807","killed_by":"Automaton","ascension_level":0,"is_trial":false}