{"gold_per_floor":[115,39,98,98,61,61,92,92,119,131,181,240,290,326,326,420,420,438,471,471],"floor_reached":20,"playtime":708,"items_purged":[],"score":315,"play_id":"8585a8bd-a636-49ab-98ba-6f7faaf91ae4","local_time":"20190220141930","is_ascension_mode":true,"campfire_choices":[{"data":"Noxious Fumes","floor":6.0,"key":"SMITH"},{"data":"Neutralize","floor":8.0,"key":"SMITH"},{"data":"Calculated Gamble","floor":15.0,"key":"SMITH"}],"neow_cost":"TEN_PERCENT_HP_LOSS","seed_source_timestamp":1212130940465922,"circlet_count":0,"master_deck":["AscendersBane","Defend_G","Defend_G","Defend_G","Defend_G","Defend_G","Strike_G","Strike_G","Strike_G","Strike_G","Survivor","Neutralize+1","HandOfGreed","Dramatic Entrance","Well Laid Plans","Dash","Noxious Fumes+1","Dagger Spray","Calculated Gamble+1","Infinite Blades","Corpse Explosion","Prepared"],"special_seed":0,"relics":["Ring of the Snake","Bag of Marbles","Sozu"],"potions_floor_usage":[16,20],"damage_taken":[{"damage":0.0,"enemies":"Cultist","floor":1.0,"turns":3.0},{"damage":7.0,"enemies":"Small Slimes","floor":3.0,"turns":5.0},{"damage":7.0,"enemies":"Jaw Worm","floor":7.0,"turns":4.0},{"damage":0.0,"enemies":"Large Slime","floor":10.0,"turns":5.0},{"damage":1.0,"enemies":"Lots of Slimes","floor":12.0,"turns":6.0},{"damage":0.0,"enemies":"2 Fungi Beasts","floor":14.0,"turns":2.0},{"damage":25,"enemies":"Slime Boss","floor":16,"turns":9},{"damage":13,"enemies":"Chosen","floor":18,"turns":4},{"damage":24,"enemies":"Shell Parasite","floor":19,"turns":5},{"damage":13,"enemies":"Centurion and Healer","floor":20,"turns":3}],"seed_played":"3361034141383016526","potions_obtained":[{"floor":1.0,"key":"GamblersBrew"},{"floor":12.0,"key":"SpeedPotion"},{"floor":14.0,"key":"Strength Potion"},{"floor":16,"key":"SkillPotion"}],"is_trial":false,"path_per_floor":["M","$","M","?","$","R","M","R","T","M","?","M","?","M","R","B",null,"M","M","M"],"character_chosen":"THE_SILENT","items_purchased":["Well Laid Plans","Noxious Fumes"],"campfire_rested":0,"item_purchase_floors":[2,5],"current_hp_per_floor":[59,59,52,45,45,45,38,38,38,38,38,37,37,37,37,12,48,35,11,0],"gold":471,"neow_bonus":"RANDOM_COLORLESS_2","is_prod":false,"is_daily":false,"chose_seed":false,"campfire_upgraded":3,"win_rate":0,"timestamp":1550668770,"path_taken":["M","$","?","?","?","R","M","R","T","M","?","?","?","M","R","BOSS","M","?","M"],"build_version":"2019-01-23","purchased_purges":0,"victory":false,"max_hp_per_floor":[60,60,60,60,60,60,60,60,60,60,60,60,60,60,60,60,60,60,60,60],"card_choices":[{"not_picked":["Acrobatics","All Out Attack","Sucker Punch"],"picked":"SKIP","floor":1.0},{"not_picked":["Poisoned Stab","Masterful Stab"],"picked":"Dash","floor":3.0},{"not_picked":["Bane","Underhanded Strike","Sucker Punch"],"picked":"SKIP","floor":7.0},{"not_picked":["Poisoned Stab","Flying Knee"],"picked":"Dagger Spray","floor":10.0},{"not_picked":["PiercingWail","Flying Knee"],"picked":"Calculated Gamble","floor":12.0},{"not_picked":["Catalyst","Expertise"],"picked":"Infinite Blades","floor":14.0},{"not_picked":["Wraith Form v2","Malaise"],"picked":"Corpse Explosion","floor":16},{"not_picked":["Blade Dance","Sucker Punch","Dagger Spray"],"picked":"SKIP","floor":18},{"not_picked":["Flying Knee","Bouncing Flask"],"picked":"Prepared","floor":19}],"player_experience":827453,"relics_obtained":[{"floor":9.0,"key":"Bag of Marbles"}],"event_choices":[{"cards_removed":["Strike_G"],"damage_healed":0.0,"max_hp_gain":0.0,"max_hp_loss":0.0,"gold_gain":0.0,"event_name":"Golden Wing","player_choice":"Card Removal","floor":4.0,"gold_loss":0.0,"damage_taken":7.0},{"damage_healed":0.0,"max_hp_gain":0.0,"max_hp_loss":0.0,"gold_gain":50.0,"event_name":"Golden Shrine","player_choice":"Pray","floor":11.0,"gold_loss":0.0,"damage_taken":0.0},{"damage_healed":0.0,"max_hp_gain":0.0,"max_hp_loss":0.0,"gold_gain":50.0,"event_name":"Golden Shrine","player_choice":"Pray","floor":13.0,"gold_loss":0.0,"damage_taken":0.0}],"is_beta":false,"boss_relics":[{"not_picked":["Black Star","Ring of the Serpent"],"picked":"Sozu"}],"items_purged_floors":[],"is_endless":false,"potions_floor_spawned":[1,12,14,16],"killed_by":"Centurion and Healer","ascension_level":18}