{"gold_per_floor":[109,159,173,189,114,114,143,143,167,184,195,212,228,228,228,228],"floor_reached":16,"playtime":459,"items_purged":["Strike_B"],"score":192,"play_id":"fe5f7ab1-ddf1-47cf-8aff-bc9d5566bc89","local_time":"20190216003103","is_ascension_mode":true,"campfire_choices":[{"data":"Zap","floor":6,"key":"SMITH"},{"data":"Steam","floor":8,"key":"SMITH"},{"data":"Coolheaded","floor":15,"key":"SMITH"}],"neow_cost":"NONE","seed_source_timestamp":943694552638058,"circlet_count":0,"master_deck":["AscendersBane","Strike_B","Strike_B","Strike_B","Defend_B","Defend_B","Defend_B","Defend_B","Zap+1","Dualcast","Steam+1","Ball Lightning","Chill","Melter","Steam","Coolheaded+1"],"special_seed":0,"relics":["Cracked Core","DataDisk","Happy Flower","Smiling Mask"],"potions_floor_usage":[16],"damage_taken":[{"damage":11.0,"enemies":"Small Slimes","floor":1.0,"turns":3.0},{"damage":1,"enemies":"Cultist","floor":3,"turns":4},{"damage":1,"enemies":"Jaw Worm","floor":4,"turns":4},{"damage":22,"enemies":"Gremlin Nob","floor":7,"turns":4},{"damage":2,"enemies":"Large Slime","floor":10,"turns":4},{"damage":0,"enemies":"2 Fungi Beasts","floor":11,"turns":3},{"damage":11,"enemies":"Exordium Wildlife","floor":12,"turns":4},{"damage":0,"enemies":"Large Slime","floor":13,"turns":4},{"damage":21,"enemies":"Slime Boss","floor":16,"turns":5}],"seed_played":"9138487931791951020","potions_obtained":[{"floor":3,"key":"Explosive Potion"},{"floor":10,"key":"Energy Potion"}],"is_trial":false,"path_per_floor":["M","?","M","M","$","R","E","R","T","M","M","M","M","?","R","B"],"character_chosen":"DEFECT","items_purchased":[],"campfire_rested":0,"item_purchase_floors":[],"current_hp_per_floor":[53,53,52,51,51,51,29,29,29,27,27,16,16,16,16,0],"gold":228,"neow_bonus":"RANDOM_COMMON_RELIC","is_prod":false,"is_daily":false,"chose_seed":false,"campfire_upgraded":3,"win_rate":0,"timestamp":1550273463,"path_taken":["M","?","M","M","$","R","E","R","T","M","M","?","M","?","R","BOSS"],"build_version":"2019-01-23","purchased_purges":1,"victory":false,"max_hp_per_floor":[71,71,71,71,71,71,71,71,71,71,71,71,71,71,71,71],"card_choices":[{"not_picked":["Redo","Chaos"],"picked":"Steam","floor":1.0},{"not_picked":["Streamline","White Noise","Heatsinks"],"picked":"SKIP","floor":3},{"not_picked":["Capacitor","Cold Snap"],"picked":"Ball Lightning","floor":4},{"not_picked":["Gash","Ball Lightning"],"picked":"Chill","floor":7},{"not_picked":["Barrage","Storm","Chaos"],"picked":"SKIP","floor":10},{"not_picked":["Hello World","Recycle"],"picked":"Melter","floor":11},{"not_picked":["Leap","Tempest"],"picked":"Steam","floor":12},{"not_picked":["Doom and Gloom","Compile Driver"],"picked":"Coolheaded","floor":13}],"player_experience":808489,"relics_obtained":[{"floor":7,"key":"Happy Flower"},{"floor":9,"key":"Smiling Mask"}],"event_choices":[{"damage_healed":0.0,"max_hp_gain":0.0,"max_hp_loss":0.0,"gold_gain":50.0,"event_name":"Golden Shrine","player_choice":"Pray","floor":2.0,"gold_loss":0.0,"damage_taken":0.0},{"damage_healed":0,"gold_gain":0,"player_choice":"Ignored","damage_taken":0,"max_hp_gain":0,"max_hp_loss":0,"event_name":"Golden Idol","floor":14,"gold_loss":0}],"is_beta":false,"boss_relics":[],"items_purged_floors":[5],"is_endless":false,"potions_floor_spawned":[3,10,13],"killed_by":"Slime Boss","ascension_level":17}