{"gold_per_floor":[10,10,10,25,50,83,83,96,96,96,120,120,120,154,154,249,549,563,190,190,208,227,227,270,270,295,295,326,346,45,45,45,141,141,164,177,202,226,226,226],"floor_reached":40,"playtime":1902,"items_purged":["Writhe","Writhe"],"score":922,"play_id":"7647e7d1-de54-43c3-b311-62c2b5fce2d2","local_time":"20190727152509","is_ascension_mode":true,"campfire_choices":[{"data":"Crippling Poison","floor":7.0,"key":"SMITH"},{"floor":10.0,"key":"REST"},{"data":"Bouncing Flask","floor":13.0,"key":"SMITH"},{"data":"Neutralize","floor":15.0,"key":"SMITH"},{"data":"Well Laid Plans","floor":23.0,"key":"SMITH"},{"data":"Prepared","floor":25.0,"key":"SMITH"},{"data":"Tools of the Trade","floor":27.0,"key":"SMITH"},{"data":"Footwork","floor":32.0,"key":"SMITH"}],"neow_cost":"NO_GOLD","seed_source_timestamp":500708739723853,"circlet_count":0,"master_deck":["AscendersBane","Defend_G","Defend_G","Defend_G","Defend_G","Defend_G","Survivor","Neutralize+1","Dagger Throw","Bouncing Flask+1","Crippling Poison+1","Well Laid Plans+1","Prepared+1","PiercingWail","Burst+1","Tools of the Trade+1","Bane","Backflip","Backflip","Escape Plan","Corpse Explosion","Footwork+1","Night Terror","Deflect+1","Unload+1","Tools of the Trade+1","Noxious Fumes","Eviscerate+1"],"special_seed":0,"relics":["Ring of the Snake","Torii","Golden Idol","Pantograph","Bottled Tornado","Calling Bell","Art of War","Meat on the Bone","Old Coin","Snake Skull","Unceasing Top","Bronze Scales","Shuriken","Oddly Smooth Stone","Astrolabe"],"potions_floor_usage":[],"damage_taken":[{"damage":2.0,"enemies":"Small Slimes","floor":1.0,"turns":6.0},{"damage":0.0,"enemies":"2 Louse","floor":4.0,"turns":3.0},{"damage":0.0,"enemies":"Cultist","floor":5.0,"turns":3.0},{"damage":33.0,"enemies":"Lagavulin","floor":6.0,"turns":8.0},{"damage":14.0,"enemies":"Lots of Slimes","floor":8.0,"turns":4.0},{"damage":2.0,"enemies":"2 Fungi Beasts","floor":11.0,"turns":3.0},{"damage":15.0,"enemies":"3 Sentries","floor":14.0,"turns":7.0},{"damage":40.0,"enemies":"Slime Boss","floor":16.0,"turns":16.0},{"damage":7.0,"enemies":"3 Byrds","floor":18.0,"turns":5.0},{"damage":0.0,"enemies":"Spheric Guardian","floor":21.0,"turns":2.0},{"damage":18.0,"enemies":"3 Cultists","floor":22.0,"turns":6.0},{"damage":15.0,"enemies":"Book of Stabbing","floor":24.0,"turns":5.0},{"damage":19.0,"enemies":"Gremlin Leader","floor":28.0,"turns":5.0},{"damage":3.0,"enemies":"Snake Plant","floor":29.0,"turns":5.0},{"damage":15.0,"enemies":"Champ","floor":33.0,"turns":9.0},{"damage":0.0,"enemies":"3 Shapes","floor":35.0,"turns":5.0},{"damage":15.0,"enemies":"3 Darklings","floor":36.0,"turns":3.0},{"damage":18.0,"enemies":"Writhing Mass","floor":37.0,"turns":5.0},{"damage":0.0,"enemies":"Sphere and 2 Shapes","floor":38.0,"turns":3.0},{"damage":48,"enemies":"Giant Head","floor":40,"turns":6}],"seed_played":"8225402670999937402","potions_obtained":[{"floor":6.0,"key":"Strength Potion"},{"floor":8.0,"key":"SpeedPotion"},{"floor":11.0,"key":"Regen Potion"},{"floor":14.0,"key":"Block Potion"},{"floor":24.0,"key":"Ancient Potion"},{"floor":28.0,"key":"Strength Potion"},{"floor":29.0,"key":"Fire Potion"},{"floor":38.0,"key":"Strength Potion"}],"is_trial":false,"path_per_floor":["M","?","?","M","M","E","R","M","T","R","M","?","R","E","R","B",null,"M","$","?","M","M","R","E","R","T","R","E","M","$","?","R","B",null,"M","M","M","M","?","E"],"character_chosen":"THE_SILENT","items_purchased":["Snake Skull","GhostInAJar","Backflip","Footwork","Oddly Smooth Stone"],"campfire_rested":1,"item_purchase_floors":[19,19,19,30,30],"current_hp_per_floor":[57,57,50,50,50,17,17,3,3,21,19,19,19,19,19,4,46,39,39,39,39,33,33,30,30,30,30,23,32,32,32,32,42,56,56,41,35,35,35,0],"gold":226,"neow_bonus":"ONE_RARE_RELIC","is_prod":false,"is_daily":false,"chose_seed":false,"campfire_upgraded":7,"win_rate":0,"timestamp":1564208709,"path_taken":["M","?","?","M","M","E","R","M","T","R","M","?","R","E","R","BOSS","M","$","?","?","M","R","E","R","T","R","E","M","$","?","R","BOSS","M","M","M","M","?","E"],"build_version":"2019-07-17","purchased_purges":2,"victory":false,"max_hp_per_floor":[66,60,60,60,60,60,60,60,60,60,60,60,60,60,60,60,60,60,60,60,60,60,60,60,60,60,60,60,60,60,60,60,60,60,60,60,60,60,60,60],"card_choices":[{"not_picked":["Slice","Dodge and Roll"],"picked":"Dagger Throw","floor":1.0},{"not_picked":["Expertise","Poisoned Stab"],"picked":"Bouncing Flask","floor":4.0},{"not_picked":["Reflex","Poisoned Stab"],"picked":"Crippling Poison","floor":5.0},{"not_picked":["Heel Hook","Acrobatics"],"picked":"Well Laid Plans","floor":6.0},{"not_picked":["Dodge and Roll","Eviscerate"],"picked":"Prepared","floor":8.0},{"not_picked":["Prepared","Quick Slash"],"picked":"PiercingWail","floor":11.0},{"not_picked":["Venomology","Underhanded Strike","Dagger Throw"],"picked":"SKIP","floor":14.0},{"not_picked":["Venomology","Underhanded Strike","Dagger Throw"],"picked":"SKIP","floor":14.0},{"not_picked":["Envenom","Burst"],"picked":"Tools of the Trade","floor":16.0},{"not_picked":["Distraction","Sucker Punch"],"picked":"Bane","floor":18.0},{"not_picked":["Crippling Poison+1","Outmaneuver"],"picked":"Backflip","floor":21.0},{"not_picked":["Well Laid Plans","Choke"],"picked":"Escape Plan","floor":22.0},{"not_picked":["Blur+1","Well Laid Plans"],"picked":"Corpse Explosion","floor":24.0},{"not_picked":["Poisoned Stab","Dagger Throw","Flechettes"],"picked":"SKIP","floor":28.0},{"not_picked":["Slice","Prepared","Underhanded Strike"],"picked":"SKIP","floor":29.0},{"not_picked":["Phantasmal Killer","Die Die Die"],"picked":"Night Terror","floor":33.0},{"not_picked":["Riddle With Holes","Flechettes","Distraction+1"],"picked":"SKIP","floor":35.0},{"not_picked":["Quick Slash","Skewer"],"picked":"Noxious Fumes","floor":36.0},{"not_picked":["Slice+1","Masterful Stab+1"],"picked":"Eviscerate+1","floor":37.0},{"not_picked":["Eviscerate","Dodge and Roll","Dagger Throw"],"picked":"SKIP","floor":38.0}],"player_experience":1029752,"relics_obtained":[{"floor":6.0,"key":"Pantograph"},{"floor":14.0,"key":"Bottled Tornado"},{"floor":17.0,"key":"Art of War"},{"floor":17.0,"key":"Meat on the Bone"},{"floor":17.0,"key":"Old Coin"},{"floor":24.0,"key":"Unceasing Top"},{"floor":26.0,"key":"Bronze Scales"},{"floor":28.0,"key":"Shuriken"}],"event_choices":[{"damage_healed":0.0,"max_hp_gain":0.0,"max_hp_loss":6.0,"gold_gain":0.0,"event_name":"Golden Idol","player_choice":"Lose Max HP","floor":2.0,"gold_loss":0.0,"damage_taken":0.0,"relics_obtained":["Golden Idol"]},{"cards_removed":["Strike_G"],"damage_healed":0.0,"max_hp_gain":0.0,"max_hp_loss":0.0,"gold_gain":0.0,"event_name":"Golden Wing","player_choice":"Card Removal","floor":3.0,"gold_loss":0.0,"damage_taken":7.0},{"damage_healed":0.0,"max_hp_gain":0.0,"max_hp_loss":0.0,"gold_gain":0.0,"cards_transformed":["Strike_G"],"event_name":"Transmorgrifier","player_choice":"Transformed","floor":12.0,"gold_loss":0.0,"damage_taken":0.0,"cards_obtained":["Burst"]},{"damage_healed":0.0,"max_hp_gain":0.0,"max_hp_loss":0.0,"gold_gain":0.0,"event_name":"Upgrade Shrine","player_choice":"Upgraded","floor":20.0,"gold_loss":0.0,"damage_taken":0.0,"cards_upgraded":["Burst"]},{"damage_healed":0.0,"max_hp_gain":0.0,"max_hp_loss":0.0,"gold_gain":0.0,"event_name":"Cursed Tome","player_choice":"Ignored","floor":31.0,"gold_loss":0.0,"damage_taken":0.0},{"cards_removed":["Injury"],"damage_healed":0.0,"max_hp_gain":0.0,"max_hp_loss":0.0,"gold_gain":0.0,"event_name":"Purifier","player_choice":"Purged","floor":39.0,"gold_loss":0.0,"damage_taken":0.0}],"is_beta":false,"boss_relics":[{"not_picked":["Snecko Eye","Lizard Tail"],"picked":"Calling Bell"},{"not_picked":["HoveringKite","Busted Crown"],"picked":"Astrolabe"}],"items_purged_floors":[19,30],"is_endless":false,"potions_floor_spawned":[6,8,11,14,24,28,29,38],"killed_by":"Giant Head","ascension_level":20}