{"gold_per_floor":[111,111,111,125,150,150,174,174,174,174],"floor_reached":10,"playtime":198,"items_purged":[],"score":116,"play_id":"fe92039e-4519-4d3a-bf61-0f7f77c2fa62","local_time":"20190305225744","is_ascension_mode":true,"campfire_choices":[{"data":"Zap","floor":6.0,"key":"SMITH"},{"data":"Dualcast","floor":8.0,"key":"SMITH"}],"neow_cost":"PERCENT_DAMAGE","seed_source_timestamp":77940911982344,"circlet_count":0,"master_deck":["AscendersBane","Strike_B","Strike_B","Strike_B","Strike_B","Defend_B","Defend_B","Defend_B","Defend_B","Zap+1","Dualcast+1","Ball Lightning","Compile Driver","FTL","Glacier","Coolheaded"],"special_seed":0,"relics":["Cracked Core","Prayer Wheel","Golden Idol","Blue Candle"],"potions_floor_usage":[],"damage_taken":[{"damage":7.0,"enemies":"2 Louse","floor":1.0,"turns":2.0},{"damage":2.0,"enemies":"Jaw Worm","floor":4.0,"turns":3.0},{"damage":7.0,"enemies":"Small Slimes","floor":5.0,"turns":3.0},{"damage":8.0,"enemies":"Exordium Wildlife","floor":7.0,"turns":3.0},{"damage":27,"enemies":"Gremlin Nob","floor":10,"turns":3}],"seed_played":"3671450869416468765","potions_obtained":[{"floor":1.0,"key":"Explosive Potion"}],"is_trial":false,"path_per_floor":["M","?","?","M","M","R","M","R","T","E"],"character_chosen":"DEFECT","items_purchased":[],"campfire_rested":0,"item_purchase_floors":[],"current_hp_per_floor":[39,39,39,37,30,30,22,22,22,0],"gold":174,"neow_bonus":"ONE_RARE_RELIC","is_prod":false,"is_daily":false,"chose_seed":false,"campfire_upgraded":2,"win_rate":0,"timestamp":1551823064,"path_taken":["M","?","?","M","M","R","M","R","T","E"],"build_version":"2019-01-23","purchased_purges":0,"victory":false,"max_hp_per_floor":[71,71,64,64,64,64,64,64,64,64],"card_choices":[{"not_picked":["Chaos","Beam Cell"],"picked":"Ball Lightning","floor":1.0},{"not_picked":["Force Field","Gash","Auto Shields"],"picked":"SKIP","floor":1.0},{"not_picked":["Stack","FTL"],"picked":"Compile Driver","floor":4.0},{"not_picked":["Ball Lightning","Turbo","Doom and Gloom"],"picked":"SKIP","floor":4.0},{"not_picked":["Chaos","Multi-Cast"],"picked":"FTL","floor":5.0},{"not_picked":["Rip and Tear","White Noise","Rebound"],"picked":"SKIP","floor":5.0},{"not_picked":["Defragment","Gash"],"picked":"Glacier","floor":7.0},{"not_picked":["Compile Driver","Seek"],"picked":"Coolheaded","floor":7.0}],"player_experience":941849,"relics_obtained":[{"floor":9.0,"key":"Blue Candle"}],"event_choices":[{"damage_healed":0.0,"max_hp_gain":0.0,"max_hp_loss":0.0,"gold_gain":0.0,"event_name":"Scrap Ooze","player_choice":"Fled","floor":2.0,"gold_loss":0.0,"damage_taken":0.0},{"damage_healed":0.0,"max_hp_gain":0.0,"max_hp_loss":7.0,"gold_gain":0.0,"event_name":"Golden Idol","player_choice":"Lose Max HP","floor":3.0,"gold_loss":0.0,"damage_taken":0.0,"relics_obtained":["Golden Idol"]}],"is_beta":false,"boss_relics":[],"items_purged_floors":[],"is_endless":false,"potions_floor_spawned":[1],"killed_by":"Gremlin Nob","ascension_level":20}