{"gold_per_floor":[114,125,138,153,168,198,198,198,198,198,198,234,234,273,273,394,394,385],"floor_reached":18,"playtime":520,"items_purged":[],"score":200,"play_id":"1247a11b-e328-4869-ae74-f586b85ba23f","local_time":"20190727194459","is_ascension_mode":true,"campfire_choices":[{"data":"Armaments","floor":8,"key":"SMITH"},{"data":"Flex","floor":11,"key":"SMITH"},{"data":"Fire Breathing","floor":13,"key":"SMITH"},{"floor":15,"key":"REST"}],"neow_cost":"NONE","seed_source_timestamp":278594216217464,"circlet_count":0,"master_deck":["Strike_R","Strike_R","Strike_R","Strike_R","Defend_R","Defend_R","Defend_R","Defend_R","Bash","Fire Breathing+1","Anger","Clash","Armaments+1","Rampage","Flex+1","Inflame","Injury","Twin Strike","Shrug It Off","Bludgeon"],"relics":["Burning Blood","Ancient Tea Set","Golden Idol","Blue Candle","Happy Flower","Gremlin Horn","Velvet Choker"],"potions_floor_usage":[12],"damage_taken":[{"damage":0,"enemies":"Small Slimes","floor":1,"turns":3},{"damage":9,"enemies":"2 Louse","floor":2,"turns":3},{"damage":0,"enemies":"Cultist","floor":3,"turns":2},{"damage":11,"enemies":"Looter","floor":4,"turns":3},{"damage":11,"enemies":"2 Fungi Beasts","floor":5,"turns":3},{"damage":30,"enemies":"Gremlin Nob","floor":6,"turns":4},{"damage":9,"enemies":"3 Sentries","floor":12,"turns":5},{"damage":27,"enemies":"Lagavulin","floor":14,"turns":4},{"damage":42,"enemies":"Hexaghost","floor":16,"turns":8},{"damage":25,"enemies":"2 Thieves","floor":18,"turns":4}],"seed_played":"-4429674157608467197","potions_obtained":[{"floor":2,"key":"Dexterity Potion"},{"floor":4,"key":"Energy Potion"},{"floor":5,"key":"Energy Potion"},{"floor":6,"key":"Regen Potion"},{"floor":12,"key":"Regen Potion"}],"is_trial":false,"path_per_floor":["M","M","M","M","M","E","?","R","T","?","R","E","R","E","R","B",null,"M"],"character_chosen":"IRONCLAD","items_purchased":[],"campfire_rested":1,"item_purchase_floors":[],"current_hp_per_floor":[80,77,80,75,70,46,46,46,46,51,51,60,60,39,64,28,85,66],"gold":385,"neow_bonus":"TRANSFORM_CARD","is_prod":false,"is_daily":false,"chose_seed":false,"campfire_upgraded":3,"win_rate":0,"timestamp":1564274699,"path_taken":["M","M","M","M","M","E","?","R","T","?","R","E","R","E","R","BOSS","M"],"build_version":"2019-07-17","purchased_purges":0,"victory":false,"max_hp_per_floor":[80,80,80,80,80,80,80,80,80,85,85,85,85,85,85,85,85,85],"card_choices":[{"not_picked":["Pommel Strike","Dropkick"],"picked":"Anger","floor":1},{"not_picked":["Iron Wave","Sword Boomerang"],"picked":"Clash","floor":2},{"not_picked":["Impervious","Shrug It Off"],"picked":"Armaments","floor":3},{"not_picked":["Feel No Pain","Perfected Strike"],"picked":"Rampage","floor":4},{"not_picked":["Searing Blow","Pummel"],"picked":"Flex","floor":5},{"not_picked":["Shrug It Off","Iron Wave"],"picked":"Inflame","floor":6},{"not_picked":["Pommel Strike","Flex"],"picked":"Twin Strike","floor":12},{"not_picked":["Warcry","Feel No Pain"],"picked":"Shrug It Off","floor":14},{"not_picked":["Juggernaut","Exhume"],"picked":"Bludgeon","floor":16}],"player_experience":138679,"relics_obtained":[{"floor":6,"key":"Ancient Tea Set"},{"floor":9,"key":"Blue Candle"},{"floor":12,"key":"Happy Flower"},{"floor":14,"key":"Gremlin Horn"}],"event_choices":[{"damage_healed":0,"gold_gain":0,"player_choice":"Take Wound","damage_taken":0,"relics_obtained":["Golden Idol"],"max_hp_gain":0,"max_hp_loss":0,"event_name":"Golden Idol","floor":7,"gold_loss":0,"cards_obtained":["Injury"]},{"damage_healed":0,"gold_gain":0,"player_choice":"Donut","damage_taken":0,"max_hp_gain":5,"max_hp_loss":0,"event_name":"Big Fish","floor":10,"gold_loss":0}],"is_beta":false,"boss_relics":[{"not_picked":["Cursed Key","Coffee Dripper"],"picked":"Velvet Choker"}],"items_purged_floors":[],"is_endless":false,"potions_floor_spawned":[2,4,5,6,12,14,18],"killed_by":"2 Thieves","ascension_level":2}