{"gold_per_floor":[116,191,34,134,17,44,55,85,85,104,104,115,145,156,156,229,229,149,64,114,39,39,68,68,68],"floor_reached":25,"playtime":1095,"items_purged":["Strike_B"],"score":570,"play_id":"25d000ed-2c46-4d05-87e6-0f7e2d458481","local_time":"20190731104515","is_ascension_mode":true,"campfire_choices":[{"floor":11.0,"key":"REST"},{"data":"Sunder","floor":15.0,"key":"SMITH"},{"data":"Buffer","floor":24.0,"key":"SMITH"}],"neow_cost":"NONE","seed_source_timestamp":655311003917382,"circlet_count":0,"master_deck":["AscendersBane","Strike_B","Strike_B","Strike_B","Defend_B","Defend_B","Defend_B","Defend_B","Zap+1","Dualcast","Capacitor","Scrape","BootSequence","Sunder+1","Double Energy+1","Buffer+1","Beam Cell","Tempest+1","Cold Snap","Reinforced Body","Creative AI","Capacitor","Shame","Self Repair"],"special_seed":0,"relics":["Cracked Core","PreservedInsect","Unceasing Top","Dream Catcher","FossilizedHelix","Shuriken","Cursed Key","Vajra","War Paint","Happy Flower"],"potions_floor_usage":[25],"damage_taken":[{"damage":7.0,"enemies":"Jaw Worm","floor":1.0,"turns":2.0},{"damage":20.0,"enemies":"Lagavulin","floor":6.0,"turns":6.0},{"damage":0.0,"enemies":"Small Slimes","floor":7.0,"turns":2.0},{"damage":0.0,"enemies":"Gremlin Nob","floor":8.0,"turns":2.0},{"damage":0.0,"enemies":"Cultist","floor":10.0,"turns":4.0},{"damage":10.0,"enemies":"Exordium Wildlife","floor":12.0,"turns":5.0},{"damage":0.0,"enemies":"Lagavulin","floor":13.0,"turns":6.0},{"damage":0.0,"enemies":"2 Fungi Beasts","floor":14.0,"turns":2.0},{"damage":13.0,"enemies":"Hexaghost","floor":16.0,"turns":9.0},{"damage":0.0,"enemies":"2 Thieves","floor":18.0,"turns":4.0},{"damage":26.0,"enemies":"Book of Stabbing","floor":23.0,"turns":4.0},{"damage":42,"enemies":"Gremlin Leader","floor":25,"turns":2}],"seed_played":"-7521298989897323035","potions_obtained":[{"floor":1.0,"key":"Fire Potion"},{"floor":6.0,"key":"SkillPotion"},{"floor":8.0,"key":"FocusPotion"},{"floor":23.0,"key":"FearPotion"}],"is_trial":false,"path_per_floor":["M","?","$","?","$","E","M","E","T","M","R","M","E","M","R","B",null,"M","?","?","$","T","E","R","E"],"character_chosen":"DEFECT","items_purchased":["PreservedInsect","Scrape","BootSequence"],"campfire_rested":1,"item_purchase_floors":[3,5,5],"current_hp_per_floor":[57,46,46,46,46,26,26,26,26,26,47,37,37,37,37,24,59,59,59,59,59,59,33,33,0],"gold":68,"neow_bonus":"UPGRADE_CARD","is_prod":false,"is_daily":false,"chose_seed":false,"campfire_upgraded":2,"win_rate":0,"timestamp":1564595115,"path_taken":["M","?","$","?","$","E","M","E","T","?","R","M","E","M","R","BOSS","M","?","?","$","?","E","R","E"],"build_version":"2019-07-17","purchased_purges":1,"victory":false,"max_hp_per_floor":[71,71,71,71,71,71,71,71,71,71,71,71,71,71,71,71,71,71,71,71,71,71,71,71,71],"card_choices":[{"not_picked":["Aggregate","Go for the Eyes"],"picked":"Capacitor","floor":1.0},{"not_picked":["Ball Lightning","Loop"],"picked":"Sunder","floor":6.0},{"not_picked":["Barrage","Scrape"],"picked":"Double Energy","floor":7.0},{"not_picked":["Hologram","Barrage"],"picked":"Buffer","floor":8.0},{"not_picked":["Coolheaded","Compile Driver","Sweeping Beam"],"picked":"SKIP","floor":10.0},{"not_picked":["Redo","Reprogram"],"picked":"Beam Cell","floor":11.0},{"not_picked":["Compile Driver","Aggregate"],"picked":"Tempest","floor":12.0},{"not_picked":["Ball Lightning","Gash"],"picked":"Cold Snap","floor":13.0},{"not_picked":["Cold Snap","Multi-Cast"],"picked":"Reinforced Body","floor":14.0},{"not_picked":["Thunder Strike","Buffer"],"picked":"Creative AI","floor":16.0},{"not_picked":["Hologram","Chaos"],"picked":"Capacitor","floor":18.0},{"not_picked":["Auto Shields","Chaos"],"picked":"Self Repair","floor":23.0}],"player_experience":1030646,"relics_obtained":[{"floor":6.0,"key":"Unceasing Top"},{"floor":8.0,"key":"Dream Catcher"},{"floor":9.0,"key":"FossilizedHelix"},{"floor":13.0,"key":"Shuriken"},{"floor":22.0,"key":"War Paint"},{"floor":23.0,"key":"Happy Flower"}],"event_choices":[{"damage_healed":0.0,"max_hp_gain":0.0,"max_hp_loss":0.0,"gold_gain":75.0,"event_name":"World of Goop","player_choice":"Gather Gold","floor":2.0,"gold_loss":0.0,"damage_taken":11.0},{"damage_healed":0.0,"max_hp_gain":0.0,"max_hp_loss":0.0,"gold_gain":100.0,"event_name":"Wheel of Change","player_choice":"Gold","floor":4.0,"gold_loss":0.0,"damage_taken":0.0},{"damage_healed":0.0,"max_hp_gain":0.0,"max_hp_loss":0.0,"gold_gain":0.0,"event_name":"Addict","player_choice":"Obtained Relic","floor":19.0,"gold_loss":85.0,"damage_taken":0.0,"relics_obtained":["Vajra"]},{"damage_healed":0.0,"max_hp_gain":0.0,"max_hp_loss":0.0,"gold_gain":50.0,"event_name":"Nest","player_choice":"Stole From Cult","floor":20.0,"gold_loss":0.0,"damage_taken":0.0}],"is_beta":false,"boss_relics":[{"not_picked":["Coffee Dripper","Tiny House"],"picked":"Cursed Key"}],"items_purged_floors":[21],"is_endless":false,"potions_floor_spawned":[1,6,8,12,13,23],"killed_by":"Gremlin Leader","ascension_level":20}