{"gold_per_floor":[110,110,110,35,58,58,82,103,128,41,41,84,103,123,123,123],"floor_reached":16,"playtime":349,"items_purged":["Strike_B"],"score":189,"play_id":"b3227b30-30b7-42fb-862c-1b63b6af61dc","local_time":"20190206105956","is_ascension_mode":true,"campfire_choices":[{"data":"Dualcast","floor":6,"key":"SMITH"},{"data":"Coolheaded","floor":15,"key":"SMITH"}],"neow_cost":"NONE","seed_source_timestamp":394138952818114,"circlet_count":0,"master_deck":["AscendersBane","Strike_B","Strike_B","Strike_B","Defend_B","Defend_B","Defend_B","Defend_B","Zap+1","Dualcast+1","Ball Lightning","BootSequence","Compile Driver","Defragment+1","Genetic Algorithm","Coolheaded+1"],"relics":["Cracked Core","Golden Idol","Omamori","Dream Catcher"],"potions_floor_usage":[],"damage_taken":[{"damage":0,"enemies":"Small Slimes","floor":1,"turns":2},{"damage":0,"enemies":"Jaw Worm","floor":5,"turns":3},{"damage":0,"enemies":"Cultist","floor":7,"turns":3},{"damage":0,"enemies":"2 Fungi Beasts","floor":8,"turns":2},{"damage":10,"enemies":"Gremlin Nob","floor":12,"turns":3},{"damage":4,"enemies":"Red Slaver","floor":13,"turns":3},{"damage":1,"enemies":"Looter","floor":14,"turns":2},{"damage":29,"enemies":"Hexaghost","floor":16,"turns":11}],"seed_played":"-3650750078660296448","potions_obtained":[{"floor":1,"key":"Block Potion"},{"floor":8,"key":"Regen Potion"}],"is_trial":false,"path_per_floor":["M","?","?","$","M","R","M","M","T","$","?","E","M","M","R","B"],"character_chosen":"DEFECT","items_purchased":["Defragment"],"campfire_rested":0,"item_purchase_floors":[10],"current_hp_per_floor":[64,69,43,43,43,43,43,43,43,43,43,33,29,28,28,0],"gold":123,"neow_bonus":"UPGRADE_CARD","is_prod":false,"is_daily":false,"chose_seed":false,"campfire_upgraded":2,"win_rate":0,"timestamp":1549447196,"path_taken":["M","?","?","?","M","R","M","?","T","$","?","E","M","?","R","BOSS"],"build_version":"2019-01-23","purchased_purges":1,"victory":false,"max_hp_per_floor":[71,76,76,76,76,76,76,76,76,76,76,76,76,76,76,76],"card_choices":[{"not_picked":["Self Repair","Beam Cell"],"picked":"Ball Lightning","floor":1},{"not_picked":["Compile Driver","Turbo"],"picked":"BootSequence","floor":5},{"not_picked":["Stack","Static Discharge"],"picked":"Compile Driver","floor":7},{"not_picked":["Streamline","Go for the Eyes","Lockon"],"picked":"SKIP","floor":8},{"not_picked":["Meteor Strike","Compile Driver","Barrage"],"picked":"SKIP","floor":12},{"not_picked":["Double Energy","Reprogram"],"picked":"Genetic Algorithm","floor":13},{"not_picked":["Double Energy","Static Discharge"],"picked":"Coolheaded","floor":14}],"player_experience":787718,"relics_obtained":[{"floor":9,"key":"Omamori"},{"floor":12,"key":"Dream Catcher"}],"event_choices":[{"damage_healed":0,"gold_gain":0,"player_choice":"Donut","damage_taken":0,"max_hp_gain":5,"max_hp_loss":0,"event_name":"Big Fish","floor":2,"gold_loss":0},{"damage_healed":0,"gold_gain":0,"player_choice":"Take Damage","damage_taken":26,"relics_obtained":["Golden Idol"],"max_hp_gain":0,"max_hp_loss":0,"event_name":"Golden Idol","floor":3,"gold_loss":0},{"damage_healed":0,"gold_gain":0,"player_choice":"Forge","damage_taken":0,"max_hp_gain":0,"max_hp_loss":0,"event_name":"Accursed Blacksmith","floor":11,"gold_loss":0,"cards_upgraded":["Defragment"]}],"is_beta":false,"boss_relics":[],"items_purged_floors":[4],"is_endless":false,"potions_floor_spawned":[1,8],"killed_by":"Hexaghost","ascension_level":17}