{"gold_per_floor":[114,133,18,18,18,52,52,66,93,93,93,148,148,175,175,175],"floor_reached":16,"playtime":344,"items_purged":["Defend_G"],"score":249,"play_id":"bae84ee9-ade4-4263-bcd1-177724173a18","local_time":"20190218004050","is_ascension_mode":true,"campfire_choices":[{"data":"Neutralize","floor":7.0,"key":"SMITH"},{"data":"Blur","floor":10.0,"key":"SMITH"},{"data":"Deflect","floor":13.0,"key":"SMITH"},{"data":"Slice","floor":15,"key":"SMITH"}],"neow_cost":"NONE","seed_source_timestamp":1067015863381899,"circlet_count":0,"master_deck":["AscendersBane","Defend_G","Defend_G","Defend_G","Defend_G","Strike_G","Strike_G","Strike_G","Strike_G","Survivor","Neutralize+1","Deflect+1","Blur+1","Slice+1","Slice","Dash"],"special_seed":0,"relics":["Ring of the Snake","NeowsBlessing","Juzu Bracelet","Bag of Marbles","Bag of Preparation","Singing Bowl"],"potions_floor_usage":[14],"damage_taken":[{"damage":0.0,"enemies":"Small Slimes","floor":1.0,"turns":1.0},{"damage":0.0,"enemies":"2 Louse","floor":2.0,"turns":1.0},{"damage":0.0,"enemies":"3 Sentries","floor":6.0,"turns":2.0},{"damage":3.0,"enemies":"Jaw Worm","floor":8.0,"turns":5.0},{"damage":3,"enemies":"Lagavulin","floor":14,"turns":6},{"damage":50,"enemies":"Hexaghost","floor":16,"turns":13}],"seed_played":"2973037116638626359","potions_obtained":[{"floor":1.0,"key":"Poison Potion"},{"floor":6.0,"key":"Strength Potion"},{"floor":14,"key":"Regen Potion"}],"is_trial":false,"path_per_floor":["M","M","$","?","$","E","R","M","T","R","?","T","R","E","R","B"],"character_chosen":"THE_SILENT","items_purchased":["Blur"],"campfire_rested":0,"item_purchase_floors":[3],"current_hp_per_floor":[59,59,59,59,59,59,59,56,56,56,56,56,56,53,53,3],"gold":175,"neow_bonus":"THREE_ENEMY_KILL","is_prod":false,"is_daily":false,"chose_seed":false,"campfire_upgraded":4,"win_rate":0,"timestamp":1550446850,"path_taken":["M","M","$","?","$","E","R","M","T","R","?","?","R","E","R","BOSS"],"build_version":"2019-01-23","purchased_purges":1,"victory":false,"max_hp_per_floor":[66,66,66,66,66,66,66,66,66,66,66,66,66,66,66,66],"card_choices":[{"not_picked":["All Out Attack","Quick Slash"],"picked":"Deflect","floor":1.0},{"not_picked":["Dagger Throw","Sucker Punch","Prepared"],"picked":"SKIP","floor":2.0},{"not_picked":["Backstab","Cloak And Dagger"],"picked":"Slice","floor":6.0},{"not_picked":["Caltrops","Bane"],"picked":"Slice","floor":8.0},{"not_picked":["Flying Knee","Malaise"],"picked":"Dash","floor":14}],"player_experience":813526,"relics_obtained":[{"floor":6.0,"key":"Juzu Bracelet"},{"floor":9.0,"key":"Bag of Marbles"},{"floor":12.0,"key":"Bag of Preparation"},{"floor":14,"key":"Singing Bowl"}],"event_choices":[{"cards_removed":["Strike_G"],"damage_healed":0.0,"max_hp_gain":0.0,"max_hp_loss":0.0,"gold_gain":0.0,"event_name":"Living Wall","player_choice":"Forget","floor":4.0,"gold_loss":0.0,"damage_taken":0.0},{"damage_healed":0.0,"max_hp_gain":0.0,"max_hp_loss":0.0,"gold_gain":0.0,"event_name":"Dead Adventurer","player_choice":"Searched \u00270\u0027 times","floor":11.0,"gold_loss":0.0,"damage_taken":0.0}],"is_beta":false,"boss_relics":[],"items_purged_floors":[3],"is_endless":false,"potions_floor_spawned":[1,6,14],"killed_by":"Hexaghost","ascension_level":18}