{"path_per_floor":["M","M","M","M","M","R","E","M","T","R","?","$","R","M","R"],"character_chosen":"THE_SILENT","items_purchased":[],"gold_per_floor":[114,128,141,153,170,170,196,206,206,206,206,156,156,166,166,166],"floor_reached":16,"campfire_rested":0,"playtime":559,"current_hp_per_floor":[69,66,66,66,62,62,60,60,60,60,70,70,70,70,70,0],"items_purged":["Strike_G"],"gold":166,"score":104,"play_id":"0a740850-81a8-4df8-8225-6a83ebdb5838","local_time":"20180430123330","is_prod":false,"is_daily":false,"chose_seed":false,"is_ascension_mode":false,"campfire_upgraded":1,"timestamp":1525084410,"path_taken":["M","M","M","M","?","R","E","M","T","R","?","$","R","M","R","BOSS"],"build_version":"2018-04-27v3","seed_source_timestamp":478097992493899,"purchased_purges":1,"victory":false,"master_deck":["Defend_G","Defend_G","Defend_G","Defend_G","Defend_G","Strike_G","Strike_G","Strike_G","Strike_G","Survivor","Neutralize+1","Dagger Throw","Deflect","Slice","Die Die Die","Acrobatics","Footwork","Prepared","Slice"],"max_hp_per_floor":[70,70,70,70,70,70,70,70,70,70,70,70,70,70,70,70],"relics":["Ring of the Snake","Smiling Mask","Shovel","Bag of Preparation","Calipers","Du-Vu Doll"],"card_choices":[{"not_picked":["Finisher","Poisoned Stab"],"picked":"Dagger Throw","floor":1},{"not_picked":["Outmaneuver","Dodge and Roll"],"picked":"Deflect","floor":2},{"not_picked":["Well Laid Plans","Concentrate"],"picked":"Slice","floor":3},{"not_picked":["Dagger Spray","Underhanded Strike"],"picked":"Die Die Die","floor":4},{"not_picked":["Noxious Fumes","Setup"],"picked":"Acrobatics","floor":5},{"not_picked":["Doppelganger","Sucker Punch"],"picked":"Footwork","floor":7},{"not_picked":["Outmaneuver","Dodge and Roll"],"picked":"Prepared","floor":8},{"not_picked":["Crippling Poison","Underhanded Strike"],"picked":"Slice","floor":14}],"player_experience":541624,"potions_floor_usage":[7],"damage_taken":[{"damage":1,"enemies":"Cultist","floor":1,"turns":4},{"damage":3,"enemies":"Small Slimes","floor":2,"turns":3},{"damage":0,"enemies":"2 Louse","floor":3,"turns":3},{"damage":0,"enemies":"Blue Slaver","floor":4,"turns":4},{"damage":4,"enemies":"Red Slaver","floor":5,"turns":3},{"damage":2,"enemies":"3 Sentries","floor":7,"turns":6},{"damage":0,"enemies":"3 Louse","floor":8,"turns":1},{"damage":0,"enemies":"2 Fungi Beasts","floor":14,"turns":3},{"damage":73,"enemies":"Hexaghost","floor":16,"turns":16}],"event_choices":[{"event_name":"Wheel of Change","player_choice":"Full Heal","floor":11,"damage_taken":0}],"boss_relics":[],"potions_floor_spawned":[1,5],"seed_played":"3817883489014588975","killed_by":"Hexaghost","ascension_level":0,"is_trial":false}