{"gold_per_floor":[119,137,149,159,185,213,213,241,253,276,305,317,352,314,326,338],"floor_reached":16,"playtime":782,"items_purged":[],"score":137,"play_id":"84d2c3cb-984d-442a-ab08-89e6cae20f25","local_time":"20190714172531","is_ascension_mode":false,"campfire_choices":[{"data":"Chill","floor":7,"key":"SMITH"},{"floor":12,"key":"REST"},{"floor":15,"key":"REST"}],"neow_cost":"PERCENT_DAMAGE","seed_source_timestamp":277026578337997,"circlet_count":0,"master_deck":["Strike_B","Strike_B","Defend_B","Defend_B","Defend_B","Defend_B","Dualcast","Sweeping Beam","Auto Shields","Chill+1","Cold Snap","Coolheaded","Glacier","Cold Snap","Barrage"],"relics":["Cracked Core","Potion Belt","Omamori","MawBank","Frozen Egg 2","Regal Pillow"],"potions_floor_usage":[8,8],"damage_taken":[{"damage":0,"enemies":"Cultist","floor":1,"turns":3},{"damage":1,"enemies":"Jaw Worm","floor":2,"turns":4},{"damage":0,"enemies":"Small Slimes","floor":3,"turns":3},{"damage":1,"enemies":"2 Fungi Beasts","floor":4,"turns":5},{"damage":0,"enemies":"3 Sentries","floor":6,"turns":10},{"damage":44,"enemies":"Gremlin Nob","floor":8,"turns":7},{"damage":0,"enemies":"Large Slime","floor":10,"turns":11},{"damage":2,"enemies":"Exordium Thugs","floor":11,"turns":8},{"damage":68,"enemies":"Hexaghost","floor":16,"turns":16}],"seed_played":"-8762088856951528222","potions_obtained":[{"floor":1,"key":"SpeedPotion"},{"floor":3,"key":"Poison Potion"}],"is_trial":false,"path_per_floor":["M","M","M","M","T","E","R","E","T","M","M","R","T","?","R","B"],"character_chosen":"DEFECT","items_purchased":[],"campfire_rested":2,"item_purchase_floors":[],"current_hp_per_floor":[54,53,53,52,52,52,52,8,8,8,6,28,28,28,65,0],"gold":338,"neow_bonus":"REMOVE_TWO","is_prod":false,"is_daily":false,"chose_seed":false,"campfire_upgraded":1,"win_rate":0.0,"timestamp":1563143131,"path_taken":["M","M","M","M","?","E","R","E","T","?","?","R","?","?","R","BOSS"],"build_version":"2019-07-05","purchased_purges":0,"victory":false,"max_hp_per_floor":[75,75,75,75,75,75,75,75,75,75,75,75,75,75,75,75],"card_choices":[{"not_picked":["Tempest","Recycle"],"picked":"Sweeping Beam","floor":1},{"not_picked":["Ball Lightning","Go for the Eyes"],"picked":"Auto Shields","floor":2},{"not_picked":["Coolheaded","Cold Snap"],"picked":"Chill","floor":3},{"not_picked":["Skim","Scrape"],"picked":"Cold Snap","floor":4},{"not_picked":["Compile Driver","Aggregate"],"picked":"Coolheaded","floor":6},{"not_picked":["Consume","Gash"],"picked":"Glacier","floor":8},{"not_picked":["Beam Cell","Fusion"],"picked":"Cold Snap","floor":10},{"not_picked":["Electrodynamics+1","Ball Lightning"],"picked":"Barrage","floor":11}],"player_experience":83534,"relics_obtained":[{"floor":5,"key":"Potion Belt"},{"floor":6,"key":"Omamori"},{"floor":8,"key":"MawBank"},{"floor":9,"key":"Frozen Egg 2"},{"floor":13,"key":"Regal Pillow"}],"event_choices":[{"cards_removed":["Zap"],"damage_healed":0,"gold_gain":0,"player_choice":"Card Removal","damage_taken":0,"max_hp_gain":0,"max_hp_loss":0,"event_name":"The Cleric","floor":14,"gold_loss":50}],"is_beta":false,"boss_relics":[],"items_purged_floors":[],"is_endless":false,"potions_floor_spawned":[1,3],"killed_by":"Hexaghost","ascension_level":0}