{"path_per_floor":["M","?","M","M","M","R","E","M","T","R","M","?","$","?","R","B",null,"M","$","?","$","M","R","M","$","T","R","M","E","M","?","R","B",null],"character_chosen":"DEFECT","items_purchased":["Defragment","Singing Bowl","Turbo"],"gold_per_floor":[11,11,31,54,74,74,110,124,177,177,193,193,48,48,48,179,179,195,41,140,40,53,53,69,23,23,23,46,89,109,109,109,232,232,232],"floor_reached":35,"campfire_rested":0,"playtime":1885,"item_purchase_floors":[13,19,25],"current_hp_per_floor":[75,57,57,57,55,55,50,49,49,49,49,49,49,49,49,49,75,70,70,70,70,62,62,62,62,62,62,59,61,63,63,63,46,81,0],"items_purged":["Injury","Strike_B"],"gold":232,"score":452,"play_id":"029b9ebd-062e-4cf7-987d-91115e283bab","local_time":"20180616043529","is_prod":false,"is_daily":false,"chose_seed":false,"is_ascension_mode":false,"campfire_upgraded":6,"win_rate":0,"timestamp":1529116529,"campfire_choices":[{"data":"Zap","floor":6,"key":"SMITH"},{"data":"Defragment","floor":10,"key":"SMITH"},{"data":"Dualcast","floor":15,"key":"SMITH"},{"data":"Fusion","floor":23,"key":"SMITH"},{"data":"Turbo","floor":27,"key":"SMITH"},{"data":"Coolheaded","floor":32,"key":"SMITH"}],"path_taken":["M","?","M","M","M","R","E","M","T","R","M","?","?","?","R","BOSS","M","$","?","?","M","R","M","$","T","R","M","E","?","?","R","BOSS","M"],"build_version":"2018-06-14v2","seed_source_timestamp":48374582393352,"purchased_purges":2,"victory":false,"master_deck":["Defend_B","Defend_B","Zap+1","Dualcast+1","Conserve Battery","Glacier","Loop","Compile Driver+1","Defragment+1","Coolheaded+1","Defragment","Electrodynamics","Go for the Eyes+1","Fusion+1","Coolheaded+1","Turbo+1","Decay","Reboot"],"max_hp_per_floor":[75,75,75,75,75,75,75,75,75,75,75,75,75,75,75,75,75,75,75,75,75,75,75,75,75,75,75,77,79,81,81,81,81,81,81],"special_seed":17698,"relics":["Cracked Core","Golden Idol","Molten Egg 2","Tiny Chest","Empty Cage","Singing Bowl","Oddly Smooth Stone","Pen Nib","Runic Pyramid"],"card_choices":[{"not_picked":["Leap","Auto Shields"],"picked":"Conserve Battery","floor":1},{"not_picked":["Gash","Streamline"],"picked":"Glacier","floor":3},{"not_picked":["Steam","Glacier"],"picked":"Loop","floor":4},{"not_picked":["Rebound","Cold Snap","Rainbow"],"picked":"SKIP","floor":5},{"not_picked":["Turbo","Steam"],"picked":"Compile Driver","floor":7},{"not_picked":["Compile Driver+1","Sweeping Beam+1"],"picked":"Defragment","floor":8},{"not_picked":["Ball Lightning+1","Gash+1"],"picked":"Coolheaded","floor":11},{"not_picked":["Machine Learning","Echo Form"],"picked":"Electrodynamics","floor":16},{"not_picked":["Sweeping Beam+1","Conserve Battery+1"],"picked":"Go for the Eyes+1","floor":18},{"not_picked":["Consume","Turbo"],"picked":"Fusion","floor":22},{"not_picked":["Steam","Reinforced Body"],"picked":"Coolheaded","floor":24},{"not_picked":["Aggregate","Reinforced Body+1","Skim"],"picked":"Singing Bowl","floor":28},{"not_picked":["Darkness","Genetic Algorithm","Scrape+1"],"picked":"Singing Bowl","floor":29},{"not_picked":["Chill","Ball Lightning+1","Self Repair+1"],"picked":"Singing Bowl","floor":30},{"not_picked":["Buffer","Electrodynamics"],"picked":"Reboot","floor":33}],"player_experience":721110,"potions_floor_usage":[16,22,35],"damage_taken":[{"damage":0,"enemies":"Small Slimes","floor":1,"turns":3},{"damage":0,"enemies":"2 Louse","floor":3,"turns":2},{"damage":0,"enemies":"Cultist","floor":4,"turns":4},{"damage":2,"enemies":"2 Fungi Beasts","floor":5,"turns":4},{"damage":5,"enemies":"Gremlin Nob","floor":7,"turns":5},{"damage":1,"enemies":"Red Slaver","floor":8,"turns":3},{"damage":0,"enemies":"3 Louse","floor":11,"turns":3},{"damage":0,"enemies":"The Guardian","floor":16,"turns":12},{"damage":5,"enemies":"3 Byrds","floor":18,"turns":2},{"damage":8,"enemies":"2 Thieves","floor":22,"turns":2},{"damage":0,"enemies":"Sentry and Sphere","floor":24,"turns":4},{"damage":5,"enemies":"Snake Plant","floor":28,"turns":4},{"damage":0,"enemies":"Book of Stabbing","floor":29,"turns":7},{"damage":0,"enemies":"3 Cultists","floor":30,"turns":3},{"damage":17,"enemies":"Collector","floor":33,"turns":17},{"damage":81,"enemies":"Flame Bruiser 1 Orb","floor":35,"turns":31}],"relics_obtained":[{"floor":7,"key":"Molten Egg 2"},{"floor":9,"key":"Tiny Chest"},{"floor":26,"key":"Oddly Smooth Stone"},{"floor":29,"key":"Pen Nib"}],"event_choices":[{"event_name":"Golden Idol","player_choice":"Take Damage","floor":2,"damage_taken":0},{"event_name":"Accursed Blacksmith","player_choice":"Forge","floor":12,"damage_taken":0},{"event_name":"Purifier","player_choice":"One Purge","floor":14,"damage_taken":0},{"event_name":"Nest","player_choice":"Stole From Cult","floor":20,"damage_taken":0},{"event_name":"Wheel of Change","player_choice":"Curse","floor":31,"damage_taken":0}],"boss_relics":[{"not_picked":["Snecko Eye","Fusion Hammer"],"picked":"Empty Cage"},{"not_picked":["Calling Bell","Runic Dome"],"picked":"Runic Pyramid"}],"items_purged_floors":[13,21],"is_endless":true,"potions_floor_spawned":[3,4,5,8,16,18,24,28],"seed_played":"-2212426761749118387","killed_by":"Flame Bruiser 1 Orb","ascension_level":0,"potions_obtained":[{"floor":3,"key":"Block Potion"},{"floor":4,"key":"Fire Potion"},{"floor":5,"key":"Ancient Potion"},{"floor":16,"key":"PowerPotion"},{"floor":24,"key":"Strength Potion"}],"is_trial":false}