{"path_per_floor":["M","?","$","M","M","R","M","M","T","?","E","?","M","M","R"],"character_chosen":"THE_SILENT","items_purchased":["Infinite Blades"],"gold_per_floor":[117,117,39,55,69,69,87,105,105,105,139,239,249,266,266,266],"floor_reached":16,"campfire_rested":1,"playtime":806,"current_hp_per_floor":[58,63,63,61,56,56,46,42,42,42,4,4,2,2,23,0],"items_purged":[],"gold":266,"score":177,"play_id":"7f2593b2-fd08-4b38-8715-71a0fe9edd3d","local_time":"20180401232929","is_prod":false,"is_daily":false,"is_ascension_mode":true,"campfire_upgraded":1,"timestamp":1522618169,"path_taken":["M","?","$","?","M","R","M","M","T","?","E","?","M","M","R","BOSS"],"build_version":"2018-03-29v2","purchased_purges":0,"victory":false,"master_deck":["Defend_G","Defend_G","Defend_G","Defend_G","Defend_G","Strike_G","Strike_G","Strike_G","Survivor","Neutralize+1","AscendersBane","Flying Knee","Infinite Blades","Slice","Slice","Cloak And Dagger","Tools of the Trade","Catalyst","Blur","Leg Sweep","Backstab"],"max_hp_per_floor":[66,71,71,71,71,71,71,71,71,71,71,71,71,71,71,71],"relics":["Ring of the Snake","Unceasing Top","Snake Skull"],"card_choices":[{"not_picked":["Deadly Poison","Distraction"],"picked":"Flying Knee","floor":1.0},{"not_picked":["Deadly Poison","Deflect"],"picked":"Slice","floor":4.0},{"not_picked":["Outmaneuver","PiercingWail"],"picked":"Slice","floor":5.0},{"not_picked":["Infinite Blades","Endless Agony"],"picked":"Cloak And Dagger","floor":7.0},{"not_picked":["Slice","Flying Knee"],"picked":"Tools of the Trade","floor":8.0},{"not_picked":["Slice","Riddle With Holes"],"picked":"Blur","floor":11.0},{"not_picked":["Quick Slash","Dodge and Roll"],"picked":"Leg Sweep","floor":13},{"not_picked":["Slice","Poisoned Stab"],"picked":"Backstab","floor":14}],"player_experience":503696,"potions_floor_usage":[13],"damage_taken":[{"damage":1.0,"enemies":"2 Louse","floor":1.0,"turns":3.0},{"damage":2.0,"enemies":"Jaw Worm","floor":4.0,"turns":5.0},{"damage":5.0,"enemies":"Small Slimes","floor":5.0,"turns":4.0},{"damage":10.0,"enemies":"Gremlin Gang","floor":7.0,"turns":6.0},{"damage":4.0,"enemies":"3 Louse","floor":8.0,"turns":4.0},{"damage":38.0,"enemies":"Lagavulin","floor":11.0,"turns":7.0},{"damage":2,"enemies":"Exordium Thugs","floor":13,"turns":6},{"damage":0,"enemies":"2 Fungi Beasts","floor":14,"turns":4},{"damage":40,"enemies":"Slime Boss","floor":16,"turns":11}],"event_choices":[{"event_name":"Big Fish","player_choice":"Donut","floor":2.0,"damage_taken":0.0},{"event_name":"Transmorgrifier","player_choice":"Transform","floor":10.0,"damage_taken":0.0},{"event_name":"Golden Shrine","player_choice":"Pray","floor":12.0,"damage_taken":0.0}],"boss_relics":[],"potions_floor_spawned":[4,8,11],"seed_played":"3547296940603146887","killed_by":"Slime Boss","ascension_level":14,"is_trial":false}