{"path_per_floor":["M","?","M","$","M","R","M","?","T","?","M","E","R","E","R","B",null,"M","M","M","$","M","R","M","R","T"],"character_chosen":"DEFECT","items_purchased":["Mummified Hand"],"gold_per_floor":[12,12,30,30,42,42,57,85,109,184,202,227,227,253,253,348,348,363,377,395,70,90,90,107,107,161,161],"floor_reached":27,"campfire_rested":1,"playtime":1554,"current_hp_per_floor":[69,69,68,68,67,67,62,52,52,41,30,20,42,40,40,17,75,71,71,46,46,46,46,30,30,30,0],"items_purged":["Strike_B"],"gold":161,"score":225,"play_id":"c493d899-fc35-47e3-adba-8a08cbae5c7f","local_time":"20180430194641","is_prod":false,"is_daily":false,"chose_seed":false,"is_ascension_mode":false,"campfire_upgraded":4,"timestamp":1525110401,"path_taken":["M","?","M","$","?","R","M","?","T","?","M","E","R","E","R","BOSS","M","M","M","$","M","R","M","R","T","E"],"build_version":"2018-04-27v3","seed_source_timestamp":499475472301228,"purchased_purges":1,"victory":false,"master_deck":["Strike_B","Strike_B","Strike_B","Defend_B","Defend_B","Defend_B","Defend_B","Zap+1","Dualcast+1","Melter","Ball Lightning","Skim","Rebound","Coolheaded","Cold Snap","Leap","Capacitor","Fusion+1","Barrage","Skim+1","Hologram+1","White Noise","Injury","Creative AI"],"max_hp_per_floor":[75,75,75,75,75,75,75,75,75,75,75,75,75,75,75,75,75,75,75,75,75,75,75,75,75,75,75],"relics":["Cracked Core","Du-Vu Doll","Odd Mushroom","Lantern","Happy Flower","Prayer Wheel","Cursed Key","Mummified Hand","Juzu Bracelet"],"card_choices":[{"not_picked":["Tempest","Undo"],"picked":"Melter","floor":1.0},{"not_picked":["Gash","Skim"],"picked":"Ball Lightning","floor":3.0},{"not_picked":["Go for the Eyes","Self Repair"],"picked":"Skim","floor":5.0},{"not_picked":["White Noise","Scrape"],"picked":"Rebound","floor":7.0},{"not_picked":["Leap","Flux Capacitor"],"picked":"Coolheaded","floor":8.0},{"not_picked":["Streamline","Leap"],"picked":"Cold Snap","floor":11.0},{"not_picked":["Steam Power","Meteor Strike"],"picked":"Leap","floor":12.0},{"not_picked":["Streamline","Force Field"],"picked":"Capacitor","floor":14.0},{"not_picked":["Prime","Thunder Strike"],"picked":"Fusion","floor":16.0},{"not_picked":["Coolheaded","Ball Lightning"],"picked":"Barrage","floor":18.0},{"not_picked":["Hologram","Sweeping Beam"],"picked":"Skim","floor":20.0},{"not_picked":["Cold Snap","Auto Shields"],"picked":"Hologram","floor":22},{"not_picked":["Beam Cell","Barrage"],"picked":"White Noise","floor":24},{"not_picked":["Stack","Cold Snap"],"picked":"Creative AI","floor":26}],"player_experience":551315,"potions_floor_usage":[],"damage_taken":[{"damage":6.0,"enemies":"Jaw Worm","floor":1.0,"turns":4.0},{"damage":1.0,"enemies":"Cultist","floor":3.0,"turns":3.0},{"damage":1.0,"enemies":"2 Louse","floor":5.0,"turns":2.0},{"damage":5.0,"enemies":"Looter","floor":7.0,"turns":2.0},{"damage":10.0,"enemies":"The Mushroom Lair","floor":8.0,"turns":3.0},{"damage":11.0,"enemies":"Exordium Thugs","floor":11.0,"turns":3.0},{"damage":10.0,"enemies":"Gremlin Nob","floor":12.0,"turns":4.0},{"damage":2.0,"enemies":"3 Sentries","floor":14.0,"turns":6.0},{"damage":23.0,"enemies":"The Guardian","floor":16.0,"turns":13.0},{"damage":4.0,"enemies":"Shell Parasite","floor":18.0,"turns":4.0},{"damage":0.0,"enemies":"Chosen","floor":19.0,"turns":4.0},{"damage":25.0,"enemies":"Snake Plant","floor":20.0,"turns":6.0},{"damage":0,"enemies":"Chosen and Byrds","floor":22,"turns":7},{"damage":16,"enemies":"Cultist and Chosen","floor":24,"turns":6},{"damage":32,"enemies":"Slavers","floor":27,"turns":2}],"event_choices":[{"event_name":"The Lab","player_choice":"Got Potions","floor":2.0,"damage_taken":0.0},{"event_name":"Mushrooms","player_choice":"Fought Mushrooms","floor":8.0,"damage_taken":0.0},{"event_name":"World of Goop","player_choice":"Gather Gold","floor":10.0,"damage_taken":0.0}],"boss_relics":[],"potions_floor_spawned":[1,8,11,14,22,24],"seed_played":"-4958080643220826437","killed_by":"Slavers","ascension_level":0,"is_trial":false}