{"gold_per_floor":[112,187,207,217,231,231,258,218,218,233,259,275,275,286,286,286],"floor_reached":16,"playtime":481,"items_purged":[],"score":328,"play_id":"8622985c-cb4f-4afa-84da-bb3db83e7fb1","local_time":"20190725215451","is_ascension_mode":true,"campfire_choices":[{"data":"Bash","floor":6.0,"key":"SMITH"},{"data":"Pommel Strike","floor":13.0,"key":"SMITH"},{"floor":15,"key":"REST"}],"neow_cost":"TEN_PERCENT_HP_LOSS","seed_source_timestamp":0,"circlet_count":0,"master_deck":["AscendersBane","Strike_R","Strike_R","Strike_R","Strike_R","Defend_R","Defend_R","Defend_R","Bash+1","Pommel Strike+1","Thunderclap","Sever Soul","Feed","Cleave","Ghostly Armor","Disarm","Pummel","Sword Boomerang"],"special_seed":0,"relics":["Burning Blood","Mummified Hand","Self Forming Clay"],"potions_floor_usage":[14],"damage_taken":[{"damage":7.0,"enemies":"Jaw Worm","floor":1.0,"turns":3.0},{"damage":9.0,"enemies":"Small Slimes","floor":3.0,"turns":4.0},{"damage":1.0,"enemies":"Cultist","floor":4.0,"turns":3.0},{"damage":13.0,"enemies":"Red Slaver","floor":5.0,"turns":4.0},{"damage":8.0,"enemies":"Gremlin Nob","floor":7.0,"turns":3.0},{"damage":11.0,"enemies":"Blue Slaver","floor":10.0,"turns":4.0},{"damage":39.0,"enemies":"Lagavulin","floor":11.0,"turns":7.0},{"damage":4.0,"enemies":"2 Fungi Beasts","floor":12.0,"turns":2.0},{"damage":14,"enemies":"Gremlin Gang","floor":14,"turns":5},{"damage":54,"enemies":"Slime Boss","floor":16,"turns":5}],"seed_played":"-581928998987110207","potions_obtained":[{"floor":5.0,"key":"BloodPotion"},{"floor":8.0,"key":"SkillPotion"},{"floor":8.0,"key":"Ancient Potion"},{"floor":12.0,"key":"Weak Potion"}],"is_trial":false,"path_per_floor":["M","?","M","M","M","R","E","?","T","M","E","M","R","M","R","B"],"character_chosen":"IRONCLAD","items_purchased":[],"campfire_rested":1,"item_purchase_floors":[],"current_hp_per_floor":[67,56,53,58,51,51,52,52,52,50,20,25,25,20,44,0],"gold":286,"neow_bonus":"TRANSFORM_TWO_CARDS","is_prod":false,"is_daily":false,"chose_seed":false,"campfire_upgraded":2,"win_rate":0,"timestamp":1564059291,"path_taken":["M","?","M","M","M","R","E","?","T","M","E","?","R","M","R","BOSS"],"build_version":"2019-07-17","purchased_purges":0,"victory":false,"max_hp_per_floor":[68,68,68,68,68,68,71,71,71,74,77,80,80,83,83,83],"card_choices":[{"not_picked":["Anger","Headbutt","Pommel Strike"],"picked":"SKIP","floor":1.0},{"not_picked":["Anger","Headbutt"],"picked":"Pommel Strike","floor":1.0},{"not_picked":["Searing Blow","Shrug It Off"],"picked":"Thunderclap","floor":3.0},{"not_picked":["Flex","Warcry"],"picked":"Sever Soul","floor":4.0},{"not_picked":["Iron Wave","Cleave"],"picked":"Feed","floor":5.0},{"not_picked":["Searing Blow","Heavy Blade"],"picked":"Cleave","floor":7.0},{"not_picked":["Perfected Strike","Anger"],"picked":"Ghostly Armor","floor":10.0},{"not_picked":["Dropkick","Pummel"],"picked":"Disarm","floor":11.0},{"not_picked":["Perfected Strike","Entrench"],"picked":"Pummel","floor":12.0},{"not_picked":["True Grit","Havoc"],"picked":"Sword Boomerang","floor":14}],"player_experience":1013717,"relics_obtained":[{"floor":7.0,"key":"Mummified Hand"},{"floor":11.0,"key":"Self Forming Clay"}],"event_choices":[{"damage_healed":0.0,"max_hp_gain":0.0,"max_hp_loss":0.0,"gold_gain":75.0,"event_name":"World of Goop","player_choice":"Gather Gold","floor":2.0,"gold_loss":0.0,"damage_taken":11.0},{"damage_healed":0.0,"max_hp_gain":0.0,"max_hp_loss":0.0,"gold_gain":0.0,"event_name":"The Woman in Blue","player_choice":"Bought 3 Potions","floor":8.0,"gold_loss":0.0,"damage_taken":0.0}],"is_beta":false,"boss_relics":[],"items_purged_floors":[],"is_endless":false,"potions_floor_spawned":[5,10,12],"killed_by":"Slime Boss","ascension_level":20}