{"gold_per_floor":[118,193,193,209,222,222,222,242,296,31,43,43,17,51,51,51],"floor_reached":16,"playtime":356,"items_purged":[],"score":200,"play_id":"e6e93e96-393f-4be7-8241-75b375c1369d","local_time":"20190306162129","is_ascension_mode":true,"campfire_choices":[{"data":"Zap","floor":6.0,"key":"SMITH"},{"data":"Defragment","floor":12.0,"key":"SMITH"},{"data":"Redo","floor":15,"key":"SMITH"}],"neow_cost":"TEN_PERCENT_HP_LOSS","seed_source_timestamp":115923645797416,"circlet_count":0,"master_deck":["AscendersBane","Strike_B","Strike_B","Strike_B+1","Defend_B","Defend_B","Defend_B","Zap+1","Dualcast","Redo+1","Fission+1","Fusion+1","Conserve Battery","Ball Lightning","Defragment+1","Compile Driver+1"],"special_seed":0,"relics":["Cracked Core","Orichalcum","Molten Egg 2","DataDisk"],"potions_floor_usage":[14,14],"damage_taken":[{"damage":8.0,"enemies":"Small Slimes","floor":1.0,"turns":3.0},{"damage":8.0,"enemies":"2 Louse","floor":4.0,"turns":2.0},{"damage":6.0,"enemies":"Cultist","floor":5.0,"turns":3.0},{"damage":6.0,"enemies":"Looter","floor":8.0,"turns":3.0},{"damage":0.0,"enemies":"3 Louse","floor":11.0,"turns":4.0},{"damage":5,"enemies":"Gremlin Nob","floor":14,"turns":3},{"damage":15,"enemies":"The Guardian","floor":16,"turns":5}],"seed_played":"3718262517676757307","potions_obtained":[{"floor":1.0,"key":"SteroidPotion"},{"floor":8.0,"key":"Regen Potion"},{"floor":11.0,"key":"FearPotion"}],"is_trial":false,"path_per_floor":["M","?","?","M","M","R","?","M","T","$","M","R","$","E","R","B"],"character_chosen":"DEFECT","items_purchased":["Molten Egg 2","Compile Driver+1"],"campfire_rested":0,"item_purchase_floors":[10,13],"current_hp_per_floor":[56,45,26,18,12,12,12,6,6,6,18,18,18,13,13,0],"gold":51,"neow_bonus":"TRANSFORM_TWO_CARDS","is_prod":false,"is_daily":false,"chose_seed":false,"campfire_upgraded":3,"win_rate":0,"timestamp":1551885689,"path_taken":["M","?","?","M","M","R","?","M","T","$","M","R","$","E","R","BOSS"],"build_version":"2019-01-23","purchased_purges":0,"victory":false,"max_hp_per_floor":[64,64,64,64,64,64,64,64,64,64,64,64,64,64,64,64],"card_choices":[{"not_picked":["Sweeping Beam","Beam Cell"],"picked":"Fusion","floor":1.0},{"not_picked":["Beam Cell","Aggregate"],"picked":"Conserve Battery","floor":4.0},{"not_picked":["Sweeping Beam","Hyperbeam","Stack"],"picked":"SKIP","floor":5.0},{"not_picked":["Cold Snap","Amplify"],"picked":"Ball Lightning","floor":8.0},{"not_picked":["Force Field","Steam Power"],"picked":"Defragment","floor":11.0},{"not_picked":["Stack","Amplify","Auto Shields"],"picked":"SKIP","floor":14}],"player_experience":943136,"relics_obtained":[{"floor":9.0,"key":"Orichalcum"},{"floor":14,"key":"DataDisk"}],"event_choices":[{"damage_healed":0.0,"max_hp_gain":0.0,"max_hp_loss":0.0,"gold_gain":75.0,"event_name":"World of Goop","player_choice":"Gather Gold","floor":2.0,"gold_loss":0.0,"damage_taken":11.0},{"damage_healed":0.0,"max_hp_gain":0.0,"max_hp_loss":0.0,"gold_gain":0.0,"event_name":"Shining Light","player_choice":"Entered Light","floor":3.0,"gold_loss":0.0,"damage_taken":19.0,"cards_upgraded":["Strike_B","Fusion"]},{"damage_healed":0.0,"max_hp_gain":0.0,"max_hp_loss":0.0,"gold_gain":0.0,"event_name":"Living Wall","player_choice":"Grow","floor":7.0,"gold_loss":0.0,"damage_taken":0.0,"cards_upgraded":["Fission"]}],"is_beta":false,"boss_relics":[],"items_purged_floors":[],"is_endless":false,"potions_floor_spawned":[1,8,11],"killed_by":"The Guardian","ascension_level":20}