{"gold_per_floor":[109,124,47,47,47,47,60,73,73,73,84,112,112,131,131,131],"floor_reached":16,"playtime":539,"items_purged":[],"score":107,"play_id":"3cc93d49-c347-4c30-b773-73c8904b247c","local_time":"20190702234237","is_ascension_mode":true,"campfire_choices":[{"data":"Static Discharge","floor":6,"key":"SMITH"},{"data":"Loop","floor":10,"key":"SMITH"},{"data":"Static Discharge","floor":13,"key":"SMITH"},{"data":"Seek","floor":15,"key":"SMITH"}],"neow_cost":"NONE","seed_source_timestamp":1664110729066827,"circlet_count":0,"master_deck":["Strike_B","Strike_B","Strike_B","Strike_B","Defend_B","Defend_B","Defend_B","Defend_B","Zap","Dualcast","Seek+1","Static Discharge+1","Loop+1","Static Discharge+1","Streamline+1","Melter+1","Ball Lightning+1"],"relics":["Cracked Core","Molten Egg 2","Anchor","Dream Catcher"],"potions_floor_usage":[14,16,16,16,16,16],"damage_taken":[{"damage":1,"enemies":"Cultist","floor":1,"turns":4},{"damage":1,"enemies":"Jaw Worm","floor":2,"turns":5},{"damage":7,"enemies":"2 Louse","floor":7,"turns":3},{"damage":17,"enemies":"Large Slime","floor":8,"turns":3},{"damage":10,"enemies":"Looter","floor":11,"turns":2},{"damage":26,"enemies":"Lagavulin","floor":12,"turns":4},{"damage":0,"enemies":"Lots of Slimes","floor":14,"turns":2},{"damage":14,"enemies":"The Guardian","floor":16,"turns":4}],"seed_played":"-1573929025832865476","potions_obtained":[{"floor":2,"key":"Explosive Potion"},{"floor":8,"key":"SteroidPotion"},{"floor":11,"key":"SteroidPotion"},{"floor":14,"key":"EntropicBrew"}],"is_trial":false,"path_per_floor":["M","M","$","T","$","R","M","M","T","R","M","E","R","M","R","B"],"character_chosen":"DEFECT","items_purchased":["Static Discharge"],"campfire_rested":0,"item_purchase_floors":[3],"current_hp_per_floor":[74,73,73,73,73,73,66,49,49,49,39,13,13,13,13,0],"gold":131,"neow_bonus":"ONE_RANDOM_RARE_CARD","is_prod":false,"is_daily":false,"chose_seed":false,"campfire_upgraded":4,"win_rate":0,"timestamp":1562125357,"path_taken":["M","?","$","?","?","R","M","M","T","R","M","E","R","M","R","BOSS"],"build_version":"2019-07-01","purchased_purges":0,"victory":false,"max_hp_per_floor":[75,75,75,75,75,75,75,75,75,75,75,75,75,75,75,75],"card_choices":[{"not_picked":["Leap","Double Energy"],"picked":"Static Discharge","floor":1},{"not_picked":["Gash","Streamline"],"picked":"Loop","floor":2},{"not_picked":["Melter+1","Turbo","Conserve Battery"],"picked":"SKIP","floor":7},{"not_picked":["Leap","Turbo"],"picked":"Streamline+1","floor":8},{"not_picked":["Heatsinks","Cold Snap+1"],"picked":"Melter+1","floor":11},{"not_picked":["Coolheaded","Reinforced Body","Compile Driver+1"],"picked":"SKIP","floor":12},{"not_picked":["White Noise","Cold Snap+1"],"picked":"Ball Lightning+1","floor":14}],"player_experience":118864,"relics_obtained":[{"floor":4,"key":"Molten Egg 2"},{"floor":9,"key":"Anchor"},{"floor":12,"key":"Dream Catcher"}],"event_choices":[],"is_beta":false,"boss_relics":[],"items_purged_floors":[],"is_endless":false,"potions_floor_spawned":[2,8,11,14],"killed_by":"The Guardian","ascension_level":1}