{"gold_per_floor":[118,134,152,152,171,171,199,199],"floor_reached":8,"playtime":314,"items_purged":[],"score":58,"play_id":"e486fc3d-bc0d-4207-9a29-129675e7aa19","local_time":"20190728172337","is_ascension_mode":false,"campfire_choices":[{"data":"Body Slam","floor":6,"key":"SMITH"}],"neow_cost":"TEN_PERCENT_HP_LOSS","seed_source_timestamp":1549478323638200,"circlet_count":0,"master_deck":["Strike_R","Strike_R","Strike_R","Strike_R","Defend_R","Defend_R","Defend_R","Bash","Shrug It Off","Body Slam+1","Body Slam","Regret","Inflame","Spot Weakness","Heavy Blade"],"relics":["Burning Blood","Prayer Wheel","Turnip"],"potions_floor_usage":[7],"damage_taken":[{"damage":9,"enemies":"2 Louse","floor":1,"turns":3},{"damage":11,"enemies":"Small Slimes","floor":2,"turns":3},{"damage":9,"enemies":"Jaw Worm","floor":3,"turns":5},{"damage":18,"enemies":"3 Louse","floor":5,"turns":5},{"damage":33,"enemies":"Lagavulin","floor":7,"turns":5},{"damage":22,"enemies":"Large Slime","floor":8,"turns":6}],"seed_played":"480560903106521228","potions_obtained":[{"floor":2,"key":"GamblersBrew"}],"is_trial":false,"path_per_floor":["M","M","M","?","M","R","E","M"],"character_chosen":"IRONCLAD","items_purchased":[],"campfire_rested":0,"item_purchase_floors":[],"current_hp_per_floor":[69,64,61,61,49,49,22,0],"gold":199,"neow_bonus":"REMOVE_TWO","is_prod":false,"is_daily":false,"chose_seed":false,"campfire_upgraded":1,"win_rate":0,"timestamp":1564352617,"path_taken":["M","M","M","?","M","R","E","M"],"build_version":"2019-07-17","purchased_purges":0,"victory":false,"max_hp_per_floor":[72,72,72,72,72,72,72,72],"card_choices":[{"not_picked":["Sword Boomerang","Warcry"],"picked":"Shrug It Off","floor":1},{"not_picked":["Headbutt","Sword Boomerang"],"picked":"Body Slam","floor":2},{"not_picked":["Infernal Blade","Power Through"],"picked":"Body Slam","floor":3},{"not_picked":["Thunderclap","Perfected Strike"],"picked":"Inflame","floor":5},{"not_picked":["True Grit","Clothesline"],"picked":"Spot Weakness","floor":5},{"not_picked":["Immolate","Perfected Strike"],"picked":"Heavy Blade","floor":7}],"player_experience":822351,"relics_obtained":[{"floor":7,"key":"Turnip"}],"event_choices":[{"damage_healed":0,"gold_gain":0,"player_choice":"Box","damage_taken":0,"relics_obtained":["Prayer Wheel"],"max_hp_gain":0,"max_hp_loss":0,"event_name":"Big Fish","floor":4,"gold_loss":0,"cards_obtained":["Regret"]}],"is_beta":false,"boss_relics":[],"items_purged_floors":[],"is_endless":false,"potions_floor_spawned":[2],"killed_by":"Large Slime","ascension_level":0}