{"gold_per_floor":[116,116,41,41,41,41,55,87,133,148,148,161,171,186,186,186],"floor_reached":16,"playtime":370,"items_purged":[],"score":204,"play_id":"1142b0c0-310c-4543-aa0f-5f6cf214f0ec","local_time":"20190223172930","is_ascension_mode":true,"campfire_choices":[{"data":"Defragment","floor":6,"key":"SMITH"},{"data":"Seek","floor":11,"key":"SMITH"},{"data":"Capacitor","floor":15,"key":"SMITH"}],"neow_cost":"NONE","seed_source_timestamp":1403568973263497,"circlet_count":0,"master_deck":["AscendersBane","Strike_B","Strike_B","Strike_B","Strike_B","Defend_B","Defend_B+1","Defend_B","Defend_B","Zap+1","Dualcast+1","BootSequence","Capacitor+1","Defragment+1","Ball Lightning","Seek+1","Chill","Conserve Battery","FTL","Cold Snap"],"relics":["Sozu","War Paint","Regal Pillow"],"potions_floor_usage":[],"damage_taken":[{"damage":1,"enemies":"Cultist","floor":1,"turns":4},{"damage":0,"enemies":"2 Louse","floor":7,"turns":3},{"damage":30,"enemies":"3 Sentries","floor":8,"turns":7},{"damage":1,"enemies":"Small Slimes","floor":10,"turns":3},{"damage":4,"enemies":"Blue Slaver","floor":12,"turns":3},{"damage":0,"enemies":"Looter","floor":13,"turns":3},{"damage":15,"enemies":"2 Fungi Beasts","floor":14,"turns":3},{"damage":21,"enemies":"The Guardian","floor":16,"turns":2}],"seed_played":"-6151870458931199779","potions_obtained":[],"is_trial":false,"path_per_floor":["M","?","$","$","?","R","M","E","T","M","R","M","M","M","R","B"],"character_chosen":"DEFECT","items_purchased":["Defragment"],"campfire_rested":0,"item_purchase_floors":[3],"current_hp_per_floor":[63,63,63,63,63,63,63,33,33,32,32,28,28,13,13,0],"gold":186,"neow_bonus":"BOSS_RELIC","is_prod":false,"is_daily":false,"chose_seed":false,"campfire_upgraded":3,"win_rate":0,"timestamp":1550939370,"path_taken":["M","?","?","$","?","R","M","E","T","M","R","?","M","?","R","BOSS"],"build_version":"2019-01-23","purchased_purges":0,"victory":false,"max_hp_per_floor":[71,71,71,71,71,71,71,71,71,71,71,71,71,71,71,71],"card_choices":[{"not_picked":["Scrape","Blizzard"],"picked":"BootSequence","floor":1},{"not_picked":["Chaos","Double Energy"],"picked":"Ball Lightning","floor":7},{"not_picked":["Steam Power","Tempest"],"picked":"Seek","floor":8},{"not_picked":["Rebound","Ball Lightning"],"picked":"Chill","floor":10},{"not_picked":["Hologram","Loop"],"picked":"Conserve Battery","floor":12},{"not_picked":["Sweeping Beam","Beam Cell"],"picked":"FTL","floor":13},{"not_picked":["Hologram","Conserve Battery"],"picked":"Cold Snap","floor":14}],"player_experience":877405,"relics_obtained":[{"floor":8,"key":"War Paint"},{"floor":9,"key":"Regal Pillow"}],"event_choices":[{"damage_healed":0,"gold_gain":0,"player_choice":"1 cards matched","damage_taken":0,"max_hp_gain":0,"max_hp_loss":0,"event_name":"Match and Keep!","floor":2,"gold_loss":0,"cards_obtained":["Capacitor"]},{"damage_healed":0,"gold_gain":0,"player_choice":"Forge","damage_taken":0,"max_hp_gain":0,"max_hp_loss":0,"event_name":"Accursed Blacksmith","floor":5,"gold_loss":0,"cards_upgraded":["Zap"]}],"is_beta":false,"boss_relics":[],"items_purged_floors":[],"is_endless":false,"potions_floor_spawned":[1,8,12],"killed_by":"The Guardian","ascension_level":20}