{"gold_per_floor":[115,133,133,308,308,335,335,335,389,389,275,275,41,53,53,53],"floor_reached":16,"playtime":516,"items_purged":["Doubt"],"score":133,"play_id":"69d4e5b1-9b32-48e3-b91c-c2f1c3ec0c81","local_time":"20190729235849","is_ascension_mode":true,"campfire_choices":[{"floor":7,"key":"REST"},{"floor":10,"key":"REST"},{"data":"Doppelganger","floor":15,"key":"SMITH"}],"neow_cost":"NONE","seed_source_timestamp":1575253272751195,"circlet_count":0,"master_deck":["Strike_G","Strike_G","Strike_G","Strike_G","Strike_G","Defend_G","Defend_G","Defend_G","Defend_G","Defend_G","Survivor","Neutralize","Dagger Spray","Cloak And Dagger","PiercingWail","Accuracy+1","Footwork","Doppelganger+1"],"relics":["Ring of the Snake","Boot","Vajra","Happy Flower","Orichalcum"],"potions_floor_usage":[8],"damage_taken":[{"damage":1,"enemies":"Cultist","floor":1,"turns":4},{"damage":0,"enemies":"Small Slimes","floor":2,"turns":4},{"damage":49,"enemies":"Lagavulin","floor":6,"turns":8},{"damage":28,"enemies":"3 Sentries","floor":8,"turns":8},{"damage":0,"enemies":"2 Louse","floor":14,"turns":1},{"damage":34,"enemies":"Hexaghost","floor":16,"turns":14}],"seed_played":"2336975613847726971","potions_obtained":[{"floor":1,"key":"SmokeBomb"}],"is_trial":false,"path_per_floor":["M","M","?","?","?","E","R","E","T","R","$","?","$","M","R","B"],"character_chosen":"THE_SILENT","items_purchased":["Accuracy","Orichalcum","Footwork"],"campfire_rested":2,"item_purchase_floors":[11,13,13],"current_hp_per_floor":[76,76,81,81,56,7,31,3,3,27,27,27,27,27,27,0],"gold":53,"neow_bonus":"TEN_PERCENT_HP_BONUS","is_prod":false,"is_daily":false,"chose_seed":false,"campfire_upgraded":1,"win_rate":0,"timestamp":1564459129,"path_taken":["M","?","?","?","?","E","R","E","T","R","$","?","$","?","R","BOSS"],"build_version":"2019-07-17","purchased_purges":1,"victory":false,"max_hp_per_floor":[77,77,82,82,82,82,82,82,82,82,82,82,82,82,82,82],"card_choices":[{"not_picked":["Setup","Masterful Stab"],"picked":"Dagger Spray","floor":1},{"not_picked":["Quick Slash","Escape Plan"],"picked":"Cloak And Dagger","floor":2},{"not_picked":["Quick Slash","Deflect"],"picked":"PiercingWail","floor":6},{"not_picked":["Outmaneuver","Poisoned Stab"],"picked":"Doppelganger","floor":14}],"player_experience":231465,"relics_obtained":[{"floor":6,"key":"Vajra"},{"floor":9,"key":"Happy Flower"}],"event_choices":[{"damage_healed":0,"gold_gain":0,"player_choice":"Donut","damage_taken":0,"max_hp_gain":5,"max_hp_loss":0,"event_name":"Big Fish","floor":3,"gold_loss":0},{"damage_healed":0,"gold_gain":175,"player_choice":"AGREE","damage_taken":0,"max_hp_gain":0,"max_hp_loss":0,"event_name":"Liars Game","floor":4,"gold_loss":0,"cards_obtained":["Doubt"]},{"damage_healed":0,"gold_gain":0,"player_choice":"Success","damage_taken":25,"relics_obtained":["Boot"],"max_hp_gain":0,"max_hp_loss":0,"event_name":"Scrap Ooze","floor":5,"gold_loss":0},{"damage_healed":0,"gold_gain":0,"player_choice":"Grow","damage_taken":0,"max_hp_gain":0,"max_hp_loss":0,"event_name":"Living Wall","floor":12,"gold_loss":0,"cards_upgraded":["Accuracy"]}],"is_beta":false,"boss_relics":[],"items_purged_floors":[11],"is_endless":false,"potions_floor_spawned":[1,8],"killed_by":"Hexaghost","ascension_level":5}