{"path_per_floor":["M","M","$","?","?","R","E","M","T","M","R","?","M","$","R","B",null,"M","?","M","M","?","R","$","M","T","R","E","T","?","M","R","B",null,"M","?","$","M","M","R","M","R","T","R","$","M","M","E","R","B"],"character_chosen":"DEFECT","items_purchased":["Capacitor","BootSequence","Medical Kit","Defragment","Chill"],"gold_per_floor":[110,126,51,51,51,51,79,94,140,155,155,155,167,54,54,150,150,164,164,177,192,192,192,92,112,112,112,145,145,145,165,165,269,269,282,532,201,214,234,234,244,244,313,313,57,76,95,121,121,121],"floor_reached":51,"campfire_rested":1,"playtime":2491,"item_purchase_floors":[],"current_hp_per_floor":[74,68,68,53,58,58,33,33,33,21,21,21,21,21,21,15,80,76,76,64,55,55,61,61,56,56,62,17,17,17,29,59,32,80,79,79,79,62,61,69,60,68,68,76,76,76,70,58,66,38],"items_purged":["Strike_B","Defend_B","Strike_B","Defend_B"],"gold":121,"score":926,"play_id":"f2400163-c48f-4dde-a706-79ed9ce0adf6","local_time":"20180607145245","is_prod":false,"is_daily":false,"chose_seed":false,"is_ascension_mode":true,"campfire_upgraded":9,"win_rate":0,"timestamp":1528375965,"campfire_choices":[{"data":"Zap","floor":6.0,"key":"SMITH"},{"data":"Dualcast","floor":11.0,"key":"SMITH"},{"data":"Go for the Eyes","floor":15.0,"key":"SMITH"},{"data":"Capacitor","floor":23.0,"key":"SMITH"},{"data":"Consume","floor":27.0,"key":"SMITH"},{"floor":32.0,"key":"REST"},{"data":"Loop","floor":40,"key":"SMITH"},{"data":"Turbo","floor":42,"key":"SMITH"},{"data":"Barrage","floor":44,"key":"SMITH"},{"data":"Defragment","floor":49,"key":"SMITH"}],"path_taken":["M","M","$","?","?","R","E","?","T","M","R","?","M","$","R","BOSS","M","?","M","M","?","R","$","?","T","R","E","?","?","?","R","BOSS","M","?","$","?","M","R","?","R","T","R","$","M","M","E","R","BOSS"],"build_version":"2018-05-31","seed_source_timestamp":5340782411119,"purchased_purges":4,"victory":true,"master_deck":["Strike_B+1","Defend_B+1","Defend_B","Zap+1","Dualcast+1","Conserve Battery","Go for the Eyes+1","Cold Snap","Capacitor+1","Barrage+1","Glacier","BootSequence","Electrodynamics","Loop+1","Beam Cell+1","Compile Driver","Consume+1","All For One","Reprogram+1","Turbo+1","Defragment+1","Chill","FTL+1","Machine Learning"],"max_hp_per_floor":[75,75,75,75,80,80,80,80,80,80,80,80,80,80,80,80,80,80,80,80,80,80,80,80,80,80,80,80,80,80,80,80,80,80,80,80,80,80,80,80,80,80,80,80,80,80,80,80,80,80],"relics":["Cracked Core","Vajra","Lantern","Eternal Feather","Dream Catcher","Omamori","Meat on the Bone","Inserter","Medical Kit","Question Card","Molten Egg 2"],"card_choices":[{"not_picked":["Compile Driver","Conserve Battery"],"picked":"Go for the Eyes","floor":1.0},{"not_picked":["Gash","Self Repair"],"picked":"Cold Snap","floor":2.0},{"not_picked":["Multi-Cast","Rip and Tear","Scrape"],"picked":"SKIP","floor":7.0},{"not_picked":["Sweeping Beam","Rebound"],"picked":"Barrage","floor":8.0},{"not_picked":["Reinforced Body","Beam Cell"],"picked":"Glacier","floor":10.0},{"not_picked":["Hello World","Barrage","Aggregate"],"picked":"SKIP","floor":13.0},{"not_picked":["Amplify","Reboot"],"picked":"Electrodynamics","floor":16.0},{"not_picked":["Steam","Genetic Algorithm"],"picked":"Loop","floor":18.0},{"not_picked":["Aggregate","Turbo"],"picked":"Beam Cell+1","floor":20.0},{"not_picked":["Force Field+1","Compile Driver","Auto Shields"],"picked":"SKIP","floor":21.0},{"not_picked":["Force Field+1","Auto Shields"],"picked":"Compile Driver","floor":21.0},{"not_picked":["Redo","Stack"],"picked":"Consume","floor":25.0},{"not_picked":["Static Discharge+1","Rip and Tear","Scrape"],"picked":"SKIP","floor":28.0},{"not_picked":["Gash","Go for the Eyes","Cold Snap+1"],"picked":"SKIP","floor":31.0},{"not_picked":["Gash","Go for the Eyes","Cold Snap+1"],"picked":"SKIP","floor":31.0},{"not_picked":["Core Surge","Reboot"],"picked":"All For One","floor":33.0},{"not_picked":["Stack+1","Leap","Ball Lightning+1"],"picked":"SKIP","floor":35.0},{"not_picked":["Stack+1","Leap","Ball Lightning+1"],"picked":"SKIP","floor":35.0},{"not_picked":["Leap+1","Conserve Battery+1","Echo Form"],"picked":"SKIP","floor":38},{"not_picked":["Double Energy","Gash+1"],"picked":"Reprogram+1","floor":39},{"not_picked":["Self Repair+1","Leap"],"picked":"Turbo","floor":41},{"not_picked":["Barrage+1","Consume+1","Redo"],"picked":"FTL+1","floor":46},{"not_picked":["Aggregate+1","Turbo","Auto Shields+1","Leap+1"],"picked":"SKIP","floor":47},{"not_picked":["Hello World","Consume+1","Darkness+1"],"picked":"Machine Learning","floor":48}],"player_experience":552678,"potions_floor_usage":[48,48,48],"damage_taken":[{"damage":1.0,"enemies":"Cultist","floor":1.0,"turns":4.0},{"damage":6.0,"enemies":"Small Slimes","floor":2.0,"turns":3.0},{"damage":25.0,"enemies":"Lagavulin","floor":7.0,"turns":7.0},{"damage":0.0,"enemies":"Jaw Worm","floor":8.0,"turns":3.0},{"damage":12.0,"enemies":"Large Slime","floor":10.0,"turns":4.0},{"damage":0.0,"enemies":"Looter","floor":13.0,"turns":3.0},{"damage":6.0,"enemies":"Slime Boss","floor":16.0,"turns":10.0},{"damage":4.0,"enemies":"Chosen","floor":18.0,"turns":5.0},{"damage":12.0,"enemies":"Spheric Guardian","floor":20.0,"turns":5.0},{"damage":9.0,"enemies":"Centurion and Healer","floor":21.0,"turns":13.0},{"damage":5.0,"enemies":"Cultist and Chosen","floor":25.0,"turns":5.0},{"damage":45.0,"enemies":"Slavers","floor":28.0,"turns":4.0},{"damage":0.0,"enemies":"Snecko","floor":31.0,"turns":6.0},{"damage":39.0,"enemies":"Collector","floor":33.0,"turns":10.0},{"damage":1.0,"enemies":"3 Shapes","floor":35.0,"turns":4.0},{"damage":17,"enemies":"3 Darklings","floor":38,"turns":4},{"damage":1,"enemies":"Sphere and 2 Shapes","floor":39,"turns":6},{"damage":9,"enemies":"4 Shapes","floor":41,"turns":5},{"damage":0,"enemies":"Maw","floor":46,"turns":7},{"damage":6,"enemies":"3 Darklings","floor":47,"turns":5},{"damage":12,"enemies":"2 Orb Walkers","floor":48,"turns":5},{"damage":40,"enemies":"Awakened One","floor":50,"turns":14}],"relics_obtained":[{"floor":7.0,"key":"Vajra"},{"floor":9.0,"key":"Lantern"},{"floor":26.0,"key":"Dream Catcher"},{"floor":28.0,"key":"Omamori"},{"floor":29.0,"key":"Meat on the Bone"},{"floor":43,"key":"Question Card"},{"floor":48,"key":"Molten Egg 2"}],"event_choices":[{"event_name":"Shining Light","player_choice":"Entered Light","floor":4.0,"damage_taken":0.0},{"event_name":"Big Fish","player_choice":"Donut","floor":5.0,"damage_taken":0.0},{"event_name":"Liars Game","player_choice":"disagreed","floor":12.0,"damage_taken":0.0},{"event_name":"The Lab","player_choice":"Got Potions","floor":19.0,"damage_taken":0.0},{"event_name":"The Woman in Blue","player_choice":"Bought 0 Potions","floor":22.0,"damage_taken":0.0},{"event_name":"Drug Dealer","player_choice":"Ignored","floor":30.0,"damage_taken":0.0},{"event_name":"Golden Shrine","player_choice":"Desecrate","floor":36.0,"damage_taken":0.0}],"boss_relics":[],"items_purged_floors":[],"potions_floor_spawned":[1,2,20,28,31,33,38,41,47,48],"seed_played":"7029378383107622609","ascension_level":4,"potions_obtained":[{"floor":1.0,"key":"Block Potion"},{"floor":2.0,"key":"LiquidBronze"},{"floor":19.0,"key":"Dexterity Potion"},{"floor":19.0,"key":"Ancient Potion"},{"floor":20.0,"key":"SkillPotion"},{"floor":28.0,"key":"SkillPotion"},{"floor":33.0,"key":"Swift Potion"},{"floor":38,"key":"PowerPotion"},{"floor":41,"key":"Energy Potion"},{"floor":48,"key":"Dexterity Potion"}],"is_trial":false}