{"gold_per_floor":[114,127,127,127,127,127,146,146,146,71,98,98,111,138,138,138],"floor_reached":16,"playtime":420,"items_purged":["Strike_B"],"score":196,"play_id":"e6b30667-64cb-4283-a690-433eabf8af1f","local_time":"20190225233839","is_ascension_mode":true,"campfire_choices":[{"data":"Zap","floor":6.0,"key":"SMITH"},{"data":"Coolheaded","floor":8.0,"key":"SMITH"},{"data":"Self Repair","floor":12.0,"key":"SMITH"},{"data":"Coolheaded","floor":15,"key":"SMITH"}],"neow_cost":"NONE","seed_source_timestamp":1533591093469237,"circlet_count":0,"master_deck":["AscendersBane","Strike_B","Strike_B","Strike_B","Defend_B","Defend_B","Defend_B","Defend_B","Zap+1","Dualcast","Self Repair+1","Capacitor","Coolheaded+1","Coolheaded+1","Heatsinks"],"special_seed":0,"relics":["Cracked Core","Lantern","Juzu Bracelet","Unceasing Top","Blood Vial","Dream Catcher"],"potions_floor_usage":[14],"damage_taken":[{"damage":12.0,"enemies":"Small Slimes","floor":1.0,"turns":3.0},{"damage":1.0,"enemies":"2 Louse","floor":2.0,"turns":2.0},{"damage":14.0,"enemies":"Jaw Worm","floor":7.0,"turns":4.0},{"damage":5.0,"enemies":"2 Fungi Beasts","floor":13.0,"turns":3.0},{"damage":32,"enemies":"Gremlin Nob","floor":14,"turns":4},{"damage":33,"enemies":"The Guardian","floor":16,"turns":5}],"seed_played":"-2132116918754029540","potions_obtained":[{"floor":1.0,"key":"FocusPotion"},{"floor":7.0,"key":"Energy Potion"}],"is_trial":false,"path_per_floor":["M","M","?","?","?","R","M","R","T","$","T","R","M","E","R","B"],"character_chosen":"DEFECT","items_purchased":[],"campfire_rested":0,"item_purchase_floors":[],"current_hp_per_floor":[52,58,58,51,51,51,44,44,44,44,44,44,51,31,31,0],"gold":138,"neow_bonus":"RANDOM_COMMON_RELIC","is_prod":false,"is_daily":false,"chose_seed":false,"campfire_upgraded":4,"win_rate":0,"timestamp":1551134319,"path_taken":["M","M","?","?","?","R","M","R","T","$","?","R","M","E","R","BOSS"],"build_version":"2019-01-23","purchased_purges":1,"victory":false,"max_hp_per_floor":[71,71,71,71,71,71,71,71,71,71,71,71,71,71,71,71],"card_choices":[{"not_picked":["Stack","Gash"],"picked":"Self Repair","floor":1.0},{"not_picked":["Loop","Heatsinks"],"picked":"Capacitor","floor":2.0},{"not_picked":["Compile Driver","Go for the Eyes"],"picked":"Coolheaded","floor":7.0},{"not_picked":["Storm","Aggregate"],"picked":"Coolheaded","floor":13.0},{"not_picked":["Sunder","Sweeping Beam"],"picked":"Heatsinks","floor":14}],"player_experience":903215,"relics_obtained":[{"floor":9.0,"key":"Unceasing Top"},{"floor":11.0,"key":"Blood Vial"},{"floor":14,"key":"Dream Catcher"}],"event_choices":[{"damage_healed":0.0,"max_hp_gain":0.0,"max_hp_loss":0.0,"gold_gain":0.0,"event_name":"Big Fish","player_choice":"Box","floor":3.0,"gold_loss":0.0,"damage_taken":0.0,"relics_obtained":["Juzu Bracelet"],"cards_obtained":["Regret"]},{"cards_removed":["Regret"],"damage_healed":0.0,"max_hp_gain":0.0,"max_hp_loss":0.0,"gold_gain":0.0,"event_name":"Golden Wing","player_choice":"Card Removal","floor":4.0,"gold_loss":0.0,"damage_taken":7.0},{"damage_healed":0.0,"max_hp_gain":0.0,"max_hp_loss":0.0,"gold_gain":0.0,"event_name":"Shining Light","player_choice":"Ignored","floor":5.0,"gold_loss":0.0,"damage_taken":0.0}],"is_beta":false,"boss_relics":[],"items_purged_floors":[10],"is_endless":false,"potions_floor_spawned":[1,7],"killed_by":"The Guardian","ascension_level":20}