{"gold_per_floor":[17,17,17,34,49,49,61,76,145,145,158,170,170,245,245,245],"floor_reached":16,"playtime":484,"items_purged":[],"score":128,"play_id":"ce2fd2c6-ced8-47d8-9506-dde42e242d0a","local_time":"20190630193511","is_ascension_mode":true,"campfire_choices":[{"data":"Dual Wield","floor":6,"key":"SMITH"},{"data":"Warcry","floor":10,"key":"SMITH"},{"data":"Feed","floor":13,"key":"SMITH"},{"floor":15,"key":"REST"}],"neow_cost":"NO_GOLD","seed_source_timestamp":1476516674703143,"circlet_count":0,"master_deck":["Strike_R","Strike_R","Strike_R","Strike_R","Strike_R","Defend_R","Defend_R","Defend_R","Defend_R","Bash","Feed+1","Warcry+1","Dual Wield+1"],"relics":["Burning Blood","Mercury Hourglass"],"potions_floor_usage":[16,16],"damage_taken":[{"damage":1,"enemies":"Cultist","floor":1,"turns":3},{"damage":15,"enemies":"Small Slimes","floor":4,"turns":3},{"damage":7,"enemies":"Jaw Worm","floor":5,"turns":7},{"damage":27,"enemies":"Blue Slaver","floor":7,"turns":6},{"damage":12,"enemies":"Looter","floor":8,"turns":3},{"damage":12,"enemies":"3 Louse","floor":11,"turns":3},{"damage":24,"enemies":"Lots of Slimes","floor":12,"turns":3},{"damage":58,"enemies":"Slime Boss","floor":16,"turns":6}],"seed_played":"3518549734350169907","potions_obtained":[{"floor":1,"key":"Poison Potion"},{"floor":7,"key":"Regen Potion"},{"floor":12,"key":"SteroidPotion"}],"is_trial":false,"path_per_floor":["M","$","?","M","M","R","M","M","T","R","M","M","R","?","R","B"],"character_chosen":"IRONCLAD","items_purchased":[],"campfire_rested":1,"item_purchase_floors":[],"current_hp_per_floor":[83,83,75,69,71,71,53,50,50,50,47,29,29,18,47,0],"gold":245,"neow_bonus":"THREE_RARE_CARDS","is_prod":false,"is_daily":false,"chose_seed":false,"campfire_upgraded":3,"win_rate":0,"timestamp":1561937711,"path_taken":["M","$","?","M","M","R","M","?","T","R","M","M","R","?","R","BOSS"],"build_version":"2019-01-23","purchased_purges":0,"victory":false,"max_hp_per_floor":[83,83,83,86,89,89,92,95,95,95,98,98,98,98,98,98],"card_choices":[{"not_picked":["Exhume","Brutality"],"picked":"Feed","floor":0},{"not_picked":["Dropkick","Headbutt"],"picked":"Warcry","floor":1},{"not_picked":["Warcry","Body Slam"],"picked":"Dual Wield","floor":4},{"not_picked":["Iron Wave","Ghostly Armor","Fire Breathing"],"picked":"SKIP","floor":5},{"not_picked":["Headbutt","Wild Strike","Twin Strike"],"picked":"SKIP","floor":7},{"not_picked":["Headbutt","Iron Wave","Spot Weakness"],"picked":"SKIP","floor":8},{"not_picked":["Blood for Blood","Wild Strike","Fire Breathing"],"picked":"SKIP","floor":11},{"not_picked":["Feel No Pain","Bloodletting","Pommel Strike"],"picked":"SKIP","floor":12}],"player_experience":81823,"relics_obtained":[{"floor":9,"key":"Mercury Hourglass"}],"event_choices":[{"damage_healed":0,"gold_gain":0,"player_choice":"Damaged","damage_taken":8,"max_hp_gain":0,"max_hp_loss":0,"event_name":"Wheel of Change","floor":3,"gold_loss":0},{"damage_healed":0,"gold_gain":75,"player_choice":"Gather Gold","damage_taken":11,"max_hp_gain":0,"max_hp_loss":0,"event_name":"World of Goop","floor":14,"gold_loss":0}],"is_beta":false,"boss_relics":[],"items_purged_floors":[],"is_endless":false,"potions_floor_spawned":[1,7,12],"killed_by":"Slime Boss","ascension_level":2}