{"gold_per_floor":[113,123,134,209,209,209,219,219,246,265,265,294,294,294],"floor_reached":14,"playtime":180,"items_purged":[],"score":180,"play_id":"274112e5-2b9b-40b1-a12d-0f4deda041cc","local_time":"20190407211847","is_ascension_mode":true,"campfire_choices":[{"data":"Bash","floor":6,"key":"SMITH"},{"data":"Body Slam","floor":8,"key":"SMITH"},{"floor":13,"key":"REST"}],"neow_cost":"NONE","seed_source_timestamp":69876555777899,"circlet_count":0,"master_deck":["AscendersBane","Strike_R","Strike_R","Strike_R","Strike_R","Strike_R","Defend_R","Defend_R","Defend_R","Defend_R","Bash+1","Body Slam+1"],"relics":["Burning Blood","NeowsBlessing","WingedGreaves","Centennial Puzzle","Potion Belt","Juzu Bracelet"],"potions_floor_usage":[12,12],"damage_taken":[{"damage":0,"enemies":"Jaw Worm","floor":1,"turns":1},{"damage":0,"enemies":"Cultist","floor":2,"turns":1},{"damage":0,"enemies":"2 Louse","floor":3,"turns":1},{"damage":19,"enemies":"Blue Slaver","floor":7,"turns":4},{"damage":11,"enemies":"Looter","floor":10,"turns":4},{"damage":33,"enemies":"Lagavulin","floor":12,"turns":5}],"seed_played":"-7821356433856803690","potions_obtained":[{"floor":2,"key":"AttackPotion"},{"floor":7,"key":"Explosive Potion"}],"is_trial":false,"path_per_floor":["M","M","M","?","T","R","M","R","T","M","?","E","R","?"],"character_chosen":"IRONCLAD","items_purchased":[],"campfire_rested":1,"item_purchase_floors":[],"current_hp_per_floor":[74,75,75,64,64,64,51,51,51,46,35,8,30,30],"gold":294,"neow_bonus":"THREE_ENEMY_KILL","is_prod":false,"is_daily":false,"chose_seed":false,"campfire_upgraded":2,"win_rate":0,"timestamp":1554639527,"path_taken":["M","M","M","?","?","R","?","R","T","M","?","E","R","?"],"build_version":"2019-01-23","purchased_purges":0,"victory":false,"max_hp_per_floor":[75,75,75,75,75,75,75,75,75,75,75,75,75,75],"card_choices":[{"not_picked":["Twin Strike","Fire Breathing"],"picked":"Body Slam","floor":1},{"not_picked":["Pommel Strike","Perfected Strike","Rupture"],"picked":"SKIP","floor":2},{"not_picked":["Body Slam","Sword Boomerang","Iron Wave"],"picked":"SKIP","floor":3},{"not_picked":["Twin Strike","Sword Boomerang","Wild Strike"],"picked":"SKIP","floor":7},{"not_picked":["Bludgeon","Hemokinesis","Thunderclap"],"picked":"SKIP","floor":10},{"not_picked":["Headbutt","Pummel","Cleave"],"picked":"SKIP","floor":12}],"player_experience":2958555,"relics_obtained":[{"floor":5,"key":"WingedGreaves"},{"floor":9,"key":"Centennial Puzzle"},{"floor":12,"key":"Juzu Bracelet"}],"event_choices":[{"damage_healed":0,"gold_gain":75,"player_choice":"Gather Gold","damage_taken":11,"max_hp_gain":0,"max_hp_loss":0,"event_name":"World of Goop","floor":4,"gold_loss":0},{"damage_healed":0,"gold_gain":0,"player_choice":"Success","damage_taken":11,"relics_obtained":["Potion Belt"],"max_hp_gain":0,"max_hp_loss":0,"event_name":"Scrap Ooze","floor":11,"gold_loss":0},{"damage_healed":0,"gold_gain":0,"player_choice":"Ignored","damage_taken":0,"max_hp_gain":0,"max_hp_loss":0,"event_name":"Liars Game","floor":14,"gold_loss":0}],"is_beta":false,"boss_relics":[],"items_purged_floors":[],"is_endless":false,"potions_floor_spawned":[2,7],"ascension_level":20}