{"gold_per_floor":[117,129,129,148,148,148,162,162,162,162,190,190,190,222,222,326,326,342,342,366,384,161,161,178,504,504,517,528,528,64,80,80,176,176,190,206,306,306,321,321,321,336,336,336,351,351,381,0,0,0],"floor_reached":51,"playtime":1407,"items_purged":["Strike_B","Strike_B"],"score":1301,"play_id":"b043dfa3-a675-4468-85cc-2aab01ac0ae3","local_time":"20190216173631","is_ascension_mode":true,"campfire_choices":[{"data":"Beam Cell","floor":6,"key":"SMITH"},{"data":"Zap","floor":8,"key":"SMITH"},{"data":"Dualcast","floor":12,"key":"SMITH"},{"data":"Sunder","floor":15,"key":"SMITH"},{"data":"Biased Cognition","floor":23,"key":"SMITH"},{"data":"Capacitor","floor":32,"key":"SMITH"},{"data":"Blizzard","floor":40,"key":"SMITH"},{"floor":44,"key":"REST"},{"floor":46,"key":"REST"},{"data":"Chill","floor":49,"key":"SMITH"}],"neow_cost":"NONE","seed_source_timestamp":199650961226600,"circlet_count":0,"master_deck":["AscendersBane","Strike_B","Defend_B","Defend_B","Defend_B","Defend_B","Zap+1","Dualcast+1","Melter","Streamline+1","Beam Cell+1","Glacier","Sunder+1","Core Surge","Chill+1","Aggregate","Biased Cognition+1","Chill","Sunder+1","Capacitor+1","Blizzard+1","Echo Form","Loop+1","Conserve Battery+1","Core Surge","Biased Cognition"],"relics":["Cracked Core","NeowsBlessing","Strawberry","Blood Vial","Kunai","Centennial Puzzle","Inserter","Pen Nib","Old Coin","Unceasing Top","Nloth\u0027s Gift","Dodecahedron","Velvet Choker","Dead Branch","Bottled Flame","Bag of Preparation","Red Mask"],"potions_floor_usage":[38],"damage_taken":[{"damage":0,"enemies":"Cultist","floor":1,"turns":1},{"damage":0,"enemies":"Jaw Worm","floor":2,"turns":1},{"damage":0,"enemies":"2 Louse","floor":4,"turns":1},{"damage":3,"enemies":"Blue Slaver","floor":7,"turns":2},{"damage":10,"enemies":"Lagavulin","floor":11,"turns":5},{"damage":10,"enemies":"3 Sentries","floor":14,"turns":7},{"damage":0,"enemies":"Slime Boss","floor":16,"turns":5},{"damage":7,"enemies":"Chosen","floor":18,"turns":3},{"damage":16,"enemies":"Colosseum Slavers","floor":19,"turns":3},{"damage":1,"enemies":"Shell Parasite","floor":21,"turns":3},{"damage":24,"enemies":"Snake Plant","floor":24,"turns":3},{"damage":3,"enemies":"Slavers","floor":25,"turns":5},{"damage":0,"enemies":"Centurion and Healer","floor":27,"turns":6},{"damage":0,"enemies":"Snecko","floor":28,"turns":4},{"damage":0,"enemies":"Sentry and Sphere","floor":31,"turns":2},{"damage":0,"enemies":"Automaton","floor":33,"turns":11},{"damage":0,"enemies":"3 Darklings","floor":35,"turns":5},{"damage":9,"enemies":"3 Shapes","floor":36,"turns":5},{"damage":0,"enemies":"Mind Bloom Boss Battle","floor":37,"turns":7},{"damage":0,"enemies":"Writhing Mass","floor":38,"turns":1},{"damage":18,"enemies":"3 Darklings","floor":39,"turns":5},{"damage":11,"enemies":"Spire Growth","floor":42,"turns":6},{"damage":4,"enemies":"Transient","floor":45,"turns":5},{"damage":0,"enemies":"Giant Head","floor":47,"turns":9},{"damage":12,"enemies":"Awakened One","floor":50,"turns":15}],"seed_played":"8672726509238932651","potions_obtained":[{"floor":4,"key":"Strength Potion"},{"floor":11,"key":"Swift Potion"},{"floor":14,"key":"FearPotion"},{"floor":18,"key":"FocusPotion"},{"floor":27,"key":"Swift Potion"},{"floor":37,"key":"SmokeBomb"},{"floor":39,"key":"EssenceOfSteel"},{"floor":45,"key":"Swift Potion"}],"is_trial":false,"path_per_floor":["M","M","?","M","?","R","M","R","T","?","E","R","T","E","R","B",null,"M","?","T","M","$","R","M","E","T","M","M","?","$","M","R","B",null,"M","M","?","M","M","R","?","M","T","R","M","R","E","?","R","B",null],"character_chosen":"DEFECT","items_purchased":["Biased Cognition","Capacitor","Blizzard","Dodecahedron"],"campfire_rested":2,"item_purchase_floors":[22,30,30,30],"current_hp_per_floor":[68,68,68,68,61,61,58,58,65,65,55,55,55,47,47,49,74,69,55,55,56,56,56,34,33,33,35,37,37,37,39,39,41,72,74,67,69,71,55,55,55,46,46,70,68,82,82,82,82,70],"gold":0,"neow_bonus":"THREE_ENEMY_KILL","is_prod":false,"is_daily":false,"chose_seed":false,"campfire_upgraded":8,"win_rate":0,"timestamp":1550306191,"path_taken":["M","M","?","M","?","R","M","R","T","?","E","R","?","E","R","BOSS","M","?","?","M","$","R","M","E","T","M","M","?","$","M","R","BOSS","M","?","?","M","M","R","?","M","T","R","M","R","E","?","R","BOSS"],"build_version":"2019-01-23","purchased_purges":2,"victory":true,"max_hp_per_floor":[75,75,75,75,75,75,75,75,82,82,82,82,82,82,82,82,82,82,82,82,82,82,82,82,82,82,82,82,82,82,82,82,82,82,82,82,82,82,82,82,82,82,82,82,82,82,82,82,82,82],"card_choices":[{"not_picked":["Conserve Battery","Barrage"],"picked":"Melter","floor":1},{"not_picked":["Reinforced Body","Compile Driver"],"picked":"Streamline","floor":2},{"not_picked":["Barrage","Gash"],"picked":"Beam Cell","floor":4},{"not_picked":["Beam Cell","Stack","Ball Lightning"],"picked":"SKIP","floor":7},{"not_picked":["Cold Snap","Sunder"],"picked":"Glacier","floor":11},{"not_picked":["Conserve Battery","Reinforced Body"],"picked":"Sunder","floor":14},{"not_picked":["Thunder Strike","Hyperbeam"],"picked":"Core Surge","floor":16},{"not_picked":["Hologram","Conserve Battery+1"],"picked":"Chill","floor":18},{"not_picked":["Compile Driver","Rip and Tear+1"],"picked":"Aggregate","floor":21},{"not_picked":["Streamline","Storm"],"picked":"Chill","floor":24},{"not_picked":["Hologram","Compile Driver","Turbo"],"picked":"SKIP","floor":25},{"not_picked":["Turbo","Stack","Barrage"],"picked":"SKIP","floor":27},{"not_picked":["Turbo","Stack","Barrage"],"picked":"SKIP","floor":27},{"not_picked":["Turbo","Stack","Barrage"],"picked":"SKIP","floor":27},{"not_picked":["Auto Shields","Hyperbeam"],"picked":"Sunder+1","floor":28},{"not_picked":["Stack","Turbo","Melter"],"picked":"SKIP","floor":31},{"not_picked":["Biased Cognition","Thunder Strike"],"picked":"Echo Form","floor":33},{"not_picked":["Beam Cell","Steam","Sunder"],"picked":"SKIP","floor":35},{"not_picked":["Go for the Eyes","Self Repair"],"picked":"Loop+1","floor":36},{"not_picked":["Reprogram+1","Streamline"],"picked":"Conserve Battery+1","floor":37},{"not_picked":["Hologram","Redo","Force Field"],"picked":"SKIP","floor":39},{"not_picked":["Genetic Algorithm","Ball Lightning","Hologram"],"picked":"SKIP","floor":42},{"not_picked":["Gash+1","Beam Cell"],"picked":"Core Surge","floor":45},{"not_picked":["Meteor Strike","Barrage"],"picked":"Biased Cognition","floor":47}],"player_experience":86415,"relics_obtained":[{"floor":9,"key":"Strawberry"},{"floor":11,"key":"Blood Vial"},{"floor":13,"key":"Kunai"},{"floor":14,"key":"Centennial Puzzle"},{"floor":20,"key":"Pen Nib"},{"floor":25,"key":"Old Coin"},{"floor":26,"key":"Unceasing Top"},{"floor":37,"key":"Dead Branch"},{"floor":43,"key":"Bottled Flame"},{"floor":47,"key":"Bag of Preparation"}],"event_choices":[{"damage_healed":0,"gold_gain":0,"player_choice":"Grow","damage_taken":0,"max_hp_gain":0,"max_hp_loss":0,"event_name":"Living Wall","floor":3,"gold_loss":0,"cards_upgraded":["Streamline"]},{"cards_removed":["Strike_B"],"damage_healed":0,"gold_gain":0,"player_choice":"Card Removal","damage_taken":7,"max_hp_gain":0,"max_hp_loss":0,"event_name":"Golden Wing","floor":5,"gold_loss":0},{"damage_healed":0,"gold_gain":0,"player_choice":"Searched \u00271\u0027 times","damage_taken":0,"relics_obtained":["Letter Opener"],"max_hp_gain":0,"max_hp_loss":0,"event_name":"Dead Adventurer","floor":10,"gold_loss":0},{"damage_healed":0,"gold_gain":0,"player_choice":"Fight","damage_taken":0,"max_hp_gain":0,"max_hp_loss":0,"event_name":"Colosseum","floor":19,"gold_loss":0},{"damage_healed":0,"gold_gain":0,"player_choice":"Fled From Nobs","damage_taken":0,"max_hp_gain":0,"max_hp_loss":0,"event_name":"Colosseum","floor":19,"gold_loss":0},{"damage_healed":0,"gold_gain":0,"player_choice":"Traded Relic","damage_taken":0,"relics_obtained":["Nloth\u0027s Gift"],"max_hp_gain":0,"max_hp_loss":0,"event_name":"N\u0027loth","floor":29,"relics_lost":["Letter Opener"],"gold_loss":0},{"damage_healed":0,"gold_gain":0,"player_choice":"Fight","damage_taken":0,"max_hp_gain":0,"max_hp_loss":0,"event_name":"MindBloom","floor":37,"gold_loss":0},{"damage_healed":0,"gold_gain":0,"player_choice":"Ignored","damage_taken":0,"max_hp_gain":0,"max_hp_loss":0,"event_name":"Mysterious Sphere","floor":41,"gold_loss":0},{"damage_healed":0,"gold_gain":0,"player_choice":"Paid","damage_taken":0,"relics_obtained":["Red Mask"],"max_hp_gain":0,"max_hp_loss":0,"event_name":"Tomb of Lord Red Mask","floor":48,"gold_loss":381}],"is_beta":false,"boss_relics":[{"not_picked":["Black Star","Ectoplasm"],"picked":"Inserter"},{"not_picked":["Lizard Tail","Runic Pyramid"],"picked":"Velvet Choker"}],"items_purged_floors":[22,30],"is_endless":false,"potions_floor_spawned":[4,11,14,18,27,28,31,33,37,39,45,47],"ascension_level":12}