{"gold_per_floor":[115,115,165,175,190,190,208,223,249,267,287,31,45,77,77,153,153,171,191,221,231,231,231,249,29,29,29,29,29,29,47,47,126,126,143,159,20,35,35],"floor_reached":39,"playtime":1791,"items_purged":["Writhe"],"score":725,"play_id":"e17d36c7-5de5-44f4-87c0-11c9d694dd95","local_time":"20181209195342","is_ascension_mode":true,"campfire_choices":[{"floor":6,"key":"REST"},{"floor":15,"key":"REST"},{"floor":23,"key":"REST"},{"floor":27,"key":"REST"},{"data":"Storm","floor":30,"key":"SMITH"},{"data":"Storm","floor":32,"key":"SMITH"}],"neow_cost":"PERCENT_DAMAGE","seed_source_timestamp":22879471056347,"circlet_count":0,"master_deck":["AscendersBane","Strike_B","Strike_B","Strike_B","Strike_B","Defend_B","Defend_B","Defend_B","Defend_B","Zap","Dualcast","Storm+1","Redo","Ball Lightning","Barrage","Capacitor","Force Field","Loop","Ball Lightning","Glacier","FTL","Core Surge","Hello World","Echo Form","Storm+1","Capacitor","Steam","Self Repair","Defragment","Conserve Battery","Creative AI","Fusion","Redo","Defragment","Parasite"],"relics":["Cracked Core","Incense Burner","Bag of Marbles","DataDisk","Nuclear Battery","Tiny Chest","Turnip","Cables","MutagenicStrength","Inserter"],"potions_floor_usage":[8,11,13,16,22,24,31,33,36],"damage_taken":[{"damage":7,"enemies":"Small Slimes","floor":1,"turns":4},{"damage":2,"enemies":"Jaw Worm","floor":4,"turns":3},{"damage":1,"enemies":"Cultist","floor":5,"turns":4},{"damage":4,"enemies":"Red Slaver","floor":7,"turns":3},{"damage":16,"enemies":"Exordium Wildlife","floor":8,"turns":4},{"damage":6,"enemies":"3 Louse","floor":10,"turns":3},{"damage":2,"enemies":"Large Slime","floor":11,"turns":5},{"damage":4,"enemies":"Red Slaver","floor":13,"turns":3},{"damage":10,"enemies":"Gremlin Nob","floor":14,"turns":3},{"damage":20,"enemies":"Slime Boss","floor":16,"turns":5},{"damage":10,"enemies":"3 Byrds","floor":18,"turns":5},{"damage":0,"enemies":"Shell Parasite","floor":19,"turns":3},{"damage":18,"enemies":"Snecko","floor":21,"turns":4},{"damage":0,"enemies":"Centurion and Healer","floor":22,"turns":1},{"damage":0,"enemies":"Shelled Parasite and Fungi","floor":24,"turns":7},{"damage":2,"enemies":"3 Cultists","floor":31,"turns":4},{"damage":40,"enemies":"Champ","floor":33,"turns":6},{"damage":1,"enemies":"Orb Walker","floor":35,"turns":4},{"damage":6,"enemies":"3 Shapes","floor":36,"turns":3},{"damage":22,"enemies":"Writhing Mass","floor":38,"turns":4},{"damage":51,"enemies":"3 Darklings","floor":39,"turns":3}],"seed_played":"7050325784630286369","potions_obtained":[{"floor":4,"key":"Weak Potion"},{"floor":7,"key":"Swift Potion"},{"floor":8,"key":"Energy Potion"},{"floor":10,"key":"SkillPotion"},{"floor":14,"key":"SkillPotion"},{"floor":18,"key":"SmokeBomb"},{"floor":21,"key":"Fire Potion"},{"floor":31,"key":"Poison Potion"},{"floor":33,"key":"Strength Potion"}],"is_trial":false,"path_per_floor":["M","?","?","M","M","R","M","M","T","M","M","$","M","E","R","B",null,"M","M","?","M","M","R","M","$","T","R","T","?","R","M","R","B",null,"M","M","$","M","M"],"character_chosen":"DEFECT","items_purchased":["Loop","Ball Lightning","Glacier","FTL","Defragment","AttackPotion","Block Potion","Defragment","Fire Potion"],"campfire_rested":4,"item_purchase_floors":[12,12,12,12,25,25,25,37,37],"current_hp_per_floor":[39,39,39,37,36,57,53,37,37,31,29,29,25,15,36,16,57,47,47,47,29,29,50,50,50,50,71,71,71,71,71,71,38,63,69,70,70,48,0],"gold":35,"neow_bonus":"ONE_RARE_RELIC","is_prod":false,"is_daily":false,"chose_seed":false,"campfire_upgraded":2,"win_rate":0,"timestamp":1544378022,"path_taken":["M","?","?","M","?","R","M","M","T","M","M","?","M","E","R","BOSS","M","M","?","M","M","R","M","$","T","R","?","?","R","M","R","BOSS","M","M","$","M","M"],"build_version":"2018-12-06","purchased_purges":1,"victory":false,"max_hp_per_floor":[71,71,71,71,71,71,71,71,71,71,71,71,71,71,71,71,71,71,71,71,71,71,71,71,71,71,71,71,71,71,71,71,71,71,71,71,71,71,71],"card_choices":[{"not_picked":["Steam","Hologram"],"picked":"Storm","floor":1},{"not_picked":["Scrape","Aggregate"],"picked":"Redo","floor":4},{"not_picked":["Gash","Beam Cell"],"picked":"Ball Lightning","floor":5},{"not_picked":["Undo","Sweeping Beam"],"picked":"Barrage","floor":7},{"not_picked":["Rebound","Blizzard","Leap"],"picked":"SKIP","floor":8},{"not_picked":["Barrage","Consume"],"picked":"Capacitor","floor":10},{"not_picked":["Beam Cell","Steam Power"],"picked":"Force Field","floor":11},{"not_picked":["Conserve Battery","Doom and Gloom"],"picked":"Core Surge","floor":13},{"not_picked":["Gash","Fusion"],"picked":"Hello World","floor":14},{"not_picked":["Thunder Strike","Buffer"],"picked":"Echo Form","floor":16},{"not_picked":["Beam Cell","Rebound"],"picked":"Storm","floor":18},{"not_picked":["Glacier+1","Skim"],"picked":"Capacitor","floor":19},{"not_picked":["FTL","Gash"],"picked":"Steam","floor":21},{"not_picked":["Genetic Algorithm","Steam"],"picked":"Self Repair","floor":24},{"not_picked":["Go for the Eyes","Beam Cell"],"picked":"Conserve Battery","floor":31},{"not_picked":["Thunder Strike","All For One"],"picked":"Creative AI","floor":33},{"not_picked":["Gash+1","Coolheaded"],"picked":"Fusion","floor":35},{"not_picked":["Auto Shields+1","Reinforced Body"],"picked":"Redo","floor":36},{"not_picked":["Steam","Sweeping Beam","Cold Snap"],"picked":"SKIP","floor":38}],"player_experience":822496,"relics_obtained":[{"floor":9,"key":"Bag of Marbles"},{"floor":14,"key":"DataDisk"},{"floor":26,"key":"Turnip"},{"floor":28,"key":"Cables"}],"event_choices":[{"damage_healed":0,"gold_gain":0,"player_choice":"Ignored","damage_taken":0,"max_hp_gain":0,"max_hp_loss":0,"event_name":"Shining Light","floor":2,"gold_loss":0},{"damage_healed":0,"gold_gain":50,"player_choice":"Pray","damage_taken":0,"max_hp_gain":0,"max_hp_loss":0,"event_name":"Golden Shrine","floor":3,"gold_loss":0},{"damage_healed":0,"gold_gain":0,"player_choice":"Opened","damage_taken":0,"relics_obtained":["Tiny Chest"],"max_hp_gain":0,"max_hp_loss":0,"event_name":"The Mausoleum","floor":20,"gold_loss":0,"cards_obtained":["Writhe"]},{"damage_healed":0,"gold_gain":0,"player_choice":"Inject Mutagens","damage_taken":0,"relics_obtained":["MutagenicStrength"],"max_hp_gain":0,"max_hp_loss":0,"event_name":"Drug Dealer","floor":29,"gold_loss":0}],"is_beta":false,"boss_relics":[{"not_picked":["Sozu","Velvet Choker"],"picked":"Nuclear Battery"},{"not_picked":["Busted Crown","Fusion Hammer"],"picked":"Inserter"}],"items_purged_floors":[25],"is_endless":false,"potions_floor_spawned":[4,7,8,10,14,18,21,31,33],"killed_by":"3 Darklings","ascension_level":16}