{"gold_per_floor":[110,110,129,129,204,239,239,13,13,13,13,52,80,117,129,231,243,274,286,298],"floor_reached":20,"playtime":925,"items_purged":[],"score":371,"play_id":"7b5ae40d-672d-4605-943e-e138a6a692a6","local_time":"20181222011730","is_ascension_mode":true,"campfire_choices":[{"data":"Zap","floor":7,"key":"SMITH"},{"data":"Conserve Battery","floor":10,"key":"SMITH"},{"data":"Cold Snap","floor":15,"key":"SMITH"}],"neow_cost":"NONE","seed_source_timestamp":25929709603670,"circlet_count":0,"master_deck":["AscendersBane","Strike_B+1","Strike_B+1","Strike_B","Strike_B","Defend_B","Defend_B","Defend_B","Defend_B","Zap+1","Dualcast","Cold Snap+1","Conserve Battery+1","Reboot","Metallicize","Purity","Malaise","Sucker Punch"],"relics":["Cracked Core","NeowsBlessing","Golden Idol","Whetstone","PrismaticShard","The Courier","MawBank","Lantern","Sozu"],"potions_floor_usage":[16,16],"damage_taken":[{"damage":0,"enemies":"Cultist","floor":1,"turns":1},{"damage":0,"enemies":"2 Louse","floor":3,"turns":1},{"damage":0,"enemies":"3 Sentries","floor":6,"turns":1},{"damage":0,"enemies":"Small Slimes","floor":13,"turns":3},{"damage":20,"enemies":"Exordium Thugs","floor":14,"turns":5},{"damage":10,"enemies":"Hexaghost","floor":16,"turns":13},{"damage":15,"enemies":"Chosen","floor":18,"turns":6},{"damage":35,"enemies":"Colosseum Slavers","floor":19,"turns":7},{"damage":4,"enemies":"3 Byrds","floor":20,"turns":2}],"seed_played":"6620845700568754203","potions_obtained":[{"floor":6,"key":"Dexterity Potion"},{"floor":13,"key":"EssenceOfSteel"},{"floor":14,"key":"FocusPotion"}],"is_trial":false,"path_per_floor":["M","?","M","?","?","E","R","$","T","R","?","T","M","M","R","B",null,"M","?","M"],"character_chosen":"DEFECT","items_purchased":["PrismaticShard"],"campfire_rested":0,"item_purchase_floors":[8],"current_hp_per_floor":[64,64,64,64,53,53,53,53,53,53,53,53,53,33,33,23,54,39,4,0],"gold":298,"neow_bonus":"THREE_ENEMY_KILL","is_prod":false,"is_daily":false,"chose_seed":false,"campfire_upgraded":3,"win_rate":0,"timestamp":1545412650,"path_taken":["M","?","M","?","?","E","R","$","T","R","?","?","?","M","R","BOSS","M","?","M"],"build_version":"2018-12-17","purchased_purges":0,"victory":false,"max_hp_per_floor":[71,64,64,64,64,64,64,64,64,64,64,64,64,64,64,64,64,64,64,64],"card_choices":[{"not_picked":["Streamline","Hologram"],"picked":"Cold Snap","floor":1},{"not_picked":["Barrage","Beam Cell"],"picked":"Conserve Battery","floor":3},{"not_picked":["Sweeping Beam","Steam"],"picked":"Reboot","floor":6},{"not_picked":["Aggregate","Leap"],"picked":"Metallicize","floor":13},{"not_picked":["Leap","Iron Wave"],"picked":"Purity","floor":14},{"not_picked":["Brutality","Envenom"],"picked":"Malaise","floor":16},{"not_picked":["Cold Snap","Flying Knee"],"picked":"Sucker Punch","floor":18}],"player_experience":652536,"relics_obtained":[{"floor":6,"key":"Whetstone"},{"floor":9,"key":"The Courier"},{"floor":12,"key":"Lantern"}],"event_choices":[{"damage_healed":0,"gold_gain":0,"player_choice":"Lose Max HP","damage_taken":0,"relics_obtained":["Golden Idol"],"max_hp_gain":0,"max_hp_loss":7,"event_name":"Golden Idol","floor":2,"gold_loss":0},{"damage_healed":0,"gold_gain":0,"player_choice":"Ignored","damage_taken":0,"max_hp_gain":0,"max_hp_loss":0,"event_name":"Liars Game","floor":4,"gold_loss":0},{"damage_healed":0,"gold_gain":75,"player_choice":"Gather Gold","damage_taken":11,"max_hp_gain":0,"max_hp_loss":0,"event_name":"World of Goop","floor":5,"gold_loss":0},{"damage_healed":0,"gold_gain":0,"player_choice":"Searched \u00271\u0027 times","damage_taken":0,"relics_obtained":["MawBank"],"max_hp_gain":0,"max_hp_loss":0,"event_name":"Dead Adventurer","floor":11,"gold_loss":0},{"damage_healed":0,"gold_gain":0,"player_choice":"Fight","damage_taken":0,"max_hp_gain":0,"max_hp_loss":0,"event_name":"Colosseum","floor":19,"gold_loss":0},{"damage_healed":0,"gold_gain":0,"player_choice":"Fled From Nobs","damage_taken":0,"max_hp_gain":0,"max_hp_loss":0,"event_name":"Colosseum","floor":19,"gold_loss":0}],"is_beta":true,"boss_relics":[{"not_picked":["Calling Bell","Runic Dome"],"picked":"Sozu"}],"items_purged_floors":[],"is_endless":false,"potions_floor_spawned":[6,13,14,19],"killed_by":"3 Byrds","ascension_level":18}