{"gold_per_floor":[111,111,70,70,70,101,101,113,166,197,243,187,206,235,235,309,309,324,324,343,41,124,124,124,124,204,204],"floor_reached":27,"playtime":851,"items_purged":[],"score":500,"play_id":"89987f75-4b4d-4622-a998-7d6c06d51244","local_time":"20190309163926","is_ascension_mode":true,"campfire_choices":[{"floor":7,"key":"REST"},{"data":"Consume","floor":15,"key":"SMITH"},{"data":"Creative AI","floor":23,"key":"SMITH"},{"data":"Loop","floor":25,"key":"SMITH"}],"neow_cost":"NONE","seed_source_timestamp":22666358334100,"circlet_count":0,"master_deck":["AscendersBane","Strike_B","Strike_B+1","Defend_B+1","Defend_B","Defend_B","Defend_B","Zap","Dualcast","Sunder","Consume+1","Ball Lightning","Creative AI+1","Coolheaded","Turbo","Glacier","Amplify","Defragment","Storm","Bandage Up","Loop+1"],"relics":["Cracked Core","NeowsBlessing","Shuriken","Blue Candle","Regal Pillow","Bag of Marbles","Ancient Tea Set","Bottled Tornado","Runic Dome","DataDisk","Tiny Chest","Molten Egg 2"],"potions_floor_usage":[10,10,18,27],"damage_taken":[{"damage":0,"enemies":"Small Slimes","floor":1,"turns":1},{"damage":0,"enemies":"3 Sentries","floor":6,"turns":1},{"damage":0,"enemies":"2 Louse","floor":8,"turns":1},{"damage":11,"enemies":"Gremlin Nob","floor":10,"turns":3},{"damage":4,"enemies":"Jaw Worm","floor":13,"turns":3},{"damage":21,"enemies":"3 Sentries","floor":14,"turns":7},{"damage":4,"enemies":"Slime Boss","floor":16,"turns":8},{"damage":21,"enemies":"Shell Parasite","floor":18,"turns":4},{"damage":0,"enemies":"Spheric Guardian","floor":20,"turns":5},{"damage":40,"enemies":"Gremlin Leader","floor":27,"turns":4}],"seed_played":"4110544420936322013","potions_obtained":[{"floor":1,"key":"GamblersBrew"},{"floor":8,"key":"AttackPotion"},{"floor":14,"key":"Fire Potion"},{"floor":18,"key":"PowerPotion"},{"floor":20,"key":"Strength Potion"}],"is_trial":false,"path_per_floor":["M","?","$","?","T","E","R","M","T","E","T","$","M","E","R","B",null,"M","?","M","$","T","R","?","R","T","E"],"character_chosen":"DEFECT","items_purchased":["Consume","Coolheaded","DataDisk","Bandage Up","Loop"],"campfire_rested":1,"item_purchase_floors":[3,12,21,21,21],"current_hp_per_floor":[64,43,43,17,17,17,53,53,53,42,42,42,38,17,17,13,57,36,36,36,36,36,36,36,36,36,0],"gold":204,"neow_bonus":"THREE_ENEMY_KILL","is_prod":false,"is_daily":false,"chose_seed":false,"campfire_upgraded":3,"win_rate":0,"timestamp":1552117166,"path_taken":["M","?","$","?","?","E","R","M","T","E","?","?","M","E","R","BOSS","M","?","M","$","?","R","?","R","T","E"],"build_version":"2019-01-23","purchased_purges":0,"victory":false,"max_hp_per_floor":[71,71,71,71,71,71,71,71,71,71,71,71,71,71,71,71,71,71,71,71,71,71,71,71,71,71,71],"card_choices":[{"not_picked":["Heatsinks","Sweeping Beam"],"picked":"Sunder","floor":1},{"not_picked":["Compile Driver","Redo","Consume"],"picked":"SKIP","floor":6},{"not_picked":["FTL","Sunder"],"picked":"Ball Lightning","floor":8},{"not_picked":["Amplify","Rebound"],"picked":"Creative AI","floor":10},{"not_picked":["Streamline","Coolheaded"],"picked":"Turbo","floor":13},{"not_picked":["Ball Lightning","Stack"],"picked":"Glacier","floor":14},{"not_picked":["Buffer","Hyperbeam"],"picked":"Amplify","floor":16},{"not_picked":["Coolheaded","Hello World"],"picked":"Defragment","floor":18},{"not_picked":["Barrage","Steam","Tempest"],"picked":"SKIP","floor":20}],"player_experience":2096089,"relics_obtained":[{"floor":5,"key":"Blue Candle"},{"floor":6,"key":"Regal Pillow"},{"floor":10,"key":"Bag of Marbles"},{"floor":11,"key":"Ancient Tea Set"},{"floor":14,"key":"Bottled Tornado"},{"floor":22,"key":"Tiny Chest"},{"floor":26,"key":"Molten Egg 2"}],"event_choices":[{"damage_healed":0,"gold_gain":0,"player_choice":"Entered Light","damage_taken":21,"max_hp_gain":0,"max_hp_loss":0,"event_name":"Shining Light","floor":2,"gold_loss":0,"cards_upgraded":["Defend_B","Strike_B"]},{"damage_healed":0,"gold_gain":0,"player_choice":"Success","damage_taken":26,"relics_obtained":["Shuriken"],"max_hp_gain":0,"max_hp_loss":0,"event_name":"Scrap Ooze","floor":4,"gold_loss":0},{"damage_healed":0,"gold_gain":0,"cards_transformed":["Strike_B"],"player_choice":"Transformed","damage_taken":0,"max_hp_gain":0,"max_hp_loss":0,"event_name":"Transmorgrifier","floor":19,"gold_loss":0,"cards_obtained":["Storm"]},{"cards_removed":["Strike_B"],"damage_healed":0,"gold_gain":0,"player_choice":"Elegance","damage_taken":0,"max_hp_gain":0,"max_hp_loss":0,"event_name":"Back to Basics","floor":24,"gold_loss":0}],"is_beta":false,"boss_relics":[{"not_picked":["Empty Cage","Lizard Tail"],"picked":"Runic Dome"}],"items_purged_floors":[],"is_endless":false,"potions_floor_spawned":[1,8,14,18,20],"killed_by":"Gremlin Leader","ascension_level":20}