{"gold_per_floor":[219,237,254,254,264,264,291,291,372,372],"floor_reached":10,"playtime":209,"items_purged":[],"score":136,"play_id":"f8e47017-6e10-4994-92be-b64f422ca008","local_time":"20190319205416","is_ascension_mode":true,"campfire_choices":[{"data":"Bash","floor":6,"key":"SMITH"},{"data":"Body Slam","floor":8,"key":"SMITH"}],"neow_cost":"NONE","seed_source_timestamp":8400796177300,"circlet_count":0,"master_deck":["AscendersBane","Strike_R","Strike_R","Strike_R","Strike_R","Strike_R","Defend_R","Defend_R","Defend_R","Defend_R","Bash+1","Feed","Shrug It Off","Body Slam+1"],"relics":["Burning Blood","Charon\u0027s Ashes","Pantograph"],"potions_floor_usage":[7],"damage_taken":[{"damage":7,"enemies":"Cultist","floor":1,"turns":4},{"damage":7,"enemies":"Small Slimes","floor":2,"turns":4},{"damage":7,"enemies":"Jaw Worm","floor":3,"turns":3},{"damage":18,"enemies":"3 Louse","floor":5,"turns":4},{"damage":56,"enemies":"Gremlin Nob","floor":7,"turns":5},{"damage":13,"enemies":"The Mushroom Lair","floor":10,"turns":2}],"seed_played":"-3559973079670826332","potions_obtained":[{"floor":1,"key":"Weak Potion"},{"floor":5,"key":"FearPotion"},{"floor":7,"key":"SpeedPotion"}],"is_trial":false,"path_per_floor":["M","M","M","?","M","R","E","R","T","?"],"character_chosen":"IRONCLAD","items_purchased":[],"campfire_rested":0,"item_purchase_floors":[],"current_hp_per_floor":[67,66,68,73,64,64,14,14,14,1],"gold":372,"neow_bonus":"HUNDRED_GOLD","is_prod":false,"is_daily":false,"chose_seed":false,"campfire_upgraded":2,"win_rate":0,"timestamp":1552996456,"path_taken":["M","?","M","?","M","R","E","R","T","?"],"build_version":"2019-01-23","purchased_purges":0,"victory":false,"max_hp_per_floor":[75,75,78,83,86,86,86,86,86,86],"card_choices":[{"not_picked":["Iron Wave","Thunderclap","Flex"],"picked":"SKIP","floor":1},{"not_picked":["Pommel Strike","Shockwave"],"picked":"Feed","floor":2},{"not_picked":["Heavy Blade","Anger","Thunderclap"],"picked":"SKIP","floor":3},{"not_picked":["Clothesline","Sword Boomerang"],"picked":"Shrug It Off","floor":5},{"not_picked":["Armaments","Pommel Strike"],"picked":"Body Slam","floor":7}],"player_experience":2383903,"relics_obtained":[{"floor":7,"key":"Charon\u0027s Ashes"},{"floor":9,"key":"Pantograph"}],"event_choices":[{"damage_healed":0,"gold_gain":0,"player_choice":"Donut","damage_taken":0,"max_hp_gain":5,"max_hp_loss":0,"event_name":"Big Fish","floor":4,"gold_loss":0},{"damage_healed":0,"gold_gain":0,"player_choice":"Fought Mushrooms","damage_taken":0,"max_hp_gain":0,"max_hp_loss":0,"event_name":"Mushrooms","floor":10,"gold_loss":0}],"is_beta":false,"boss_relics":[],"items_purged_floors":[],"is_endless":false,"potions_floor_spawned":[1,5,7],"killed_by":"The Mushroom Lair","ascension_level":20}