{"gold_per_floor":[218,120,120,45,64,64,64,78,104,104,60,60,90,101,101,178,178,188,104,137,50,50,50,69,95,95,95,163,173,130,145,145,221,221,236,253,253,266,181,215,215,78,105,105,122,151,171,185,185,185],"floor_reached":51,"playtime":2231,"items_purged":[],"score":1446,"play_id":"ad9d3258-ec81-43da-8f2c-6036652daa41","local_time":"20190309210855","is_ascension_mode":true,"campfire_choices":[{"data":"Storm","floor":6.0,"key":"SMITH"},{"data":"Storm","floor":12.0,"key":"SMITH"},{"data":"Loop","floor":15.0,"key":"SMITH"},{"floor":23.0,"key":"REST"},{"floor":27.0,"key":"REST"},{"data":"Defragment","floor":32.0,"key":"SMITH"},{"floor":41.0,"key":"REST"},{"data":"Storm","floor":49.0,"key":"SMITH"}],"neow_cost":"NONE","seed_source_timestamp":358050976993019,"circlet_count":0,"master_deck":["AscendersBane","Strike_B","Strike_B","Strike_B","Strike_B","Defend_B","Defend_B","Zap","Dualcast","Ball Lightning+1","Hello World","Self Repair","Storm+1","Melter","Storm+1","Doom and Gloom","Loop+1","Buffer","Cold Snap","Loop","Ball Lightning","Defragment+1","Cold Snap+1","Self Repair+1","Rainbow","Self Repair","Redo+1","Echo Form","Ball Lightning","Conserve Battery","Storm+1","Buffer","Static Discharge","Ball Lightning","Parasite","Chill","Heatsinks","Cold Snap","Static Discharge"],"special_seed":0,"relics":["Cracked Core","Ancient Tea Set","Pen Nib","White Beast Statue","Red Mask","MutagenicStrength","Mercury Hourglass","Orichalcum","Blue Candle","Nuclear Battery","Calipers","Whetstone","Symbiotic Virus"],"potions_floor_usage":[50],"damage_taken":[{"damage":3.0,"enemies":"Jaw Worm","floor":1.0,"turns":4.0},{"damage":1.0,"enemies":"Cultist","floor":5.0,"turns":3.0},{"damage":14.0,"enemies":"2 Louse","floor":8.0,"turns":2.0},{"damage":0.0,"enemies":"Gremlin Nob","floor":13.0,"turns":2.0},{"damage":12.0,"enemies":"2 Fungi Beasts","floor":14.0,"turns":3.0},{"damage":0.0,"enemies":"Slime Boss","floor":16.0,"turns":4.0},{"damage":6.0,"enemies":"Spheric Guardian","floor":18.0,"turns":3.0},{"damage":12.0,"enemies":"Masked Bandits","floor":20.0,"turns":3.0},{"damage":0.0,"enemies":"3 Byrds","floor":24.0,"turns":3.0},{"damage":43.0,"enemies":"Book of Stabbing","floor":25.0,"turns":4.0},{"damage":12.0,"enemies":"Snake Plant","floor":29.0,"turns":2.0},{"damage":9.0,"enemies":"Chosen and Byrds","floor":31.0,"turns":4.0},{"damage":24.0,"enemies":"Collector","floor":33.0,"turns":6.0},{"damage":33.0,"enemies":"3 Darklings","floor":35.0,"turns":3.0},{"damage":0.0,"enemies":"3 Shapes","floor":36.0,"turns":3.0},{"damage":20.0,"enemies":"Jaw Worm Horde","floor":38.0,"turns":3.0},{"damage":49.0,"enemies":"Reptomancer","floor":40.0,"turns":6.0},{"damage":12.0,"enemies":"Writhing Mass","floor":45.0,"turns":4.0},{"damage":14.0,"enemies":"Nemesis","floor":46.0,"turns":5.0},{"damage":8.0,"enemies":"4 Shapes","floor":47.0,"turns":4.0},{"damage":0.0,"enemies":"Sphere and 2 Shapes","floor":48.0,"turns":4.0},{"damage":86,"enemies":"Donu and Deca","floor":50,"turns":6}],"seed_played":"-1387722615816632348","potions_obtained":[{"floor":5.0,"key":"FearPotion"},{"floor":14.0,"key":"FocusPotion"},{"floor":16.0,"key":"Explosive Potion"},{"floor":18.0,"key":"Block Potion"},{"floor":20.0,"key":"LiquidBronze"},{"floor":24.0,"key":"SpeedPotion"},{"floor":25.0,"key":"Explosive Potion"},{"floor":29.0,"key":"FairyPotion"},{"floor":35.0,"key":"SneckoOil"},{"floor":36.0,"key":"Regen Potion"},{"floor":38.0,"key":"Energy Potion"},{"floor":40.0,"key":"GamblersBrew"},{"floor":46.0,"key":"SteroidPotion"},{"floor":47.0,"key":"PowerPotion"}],"is_trial":false,"path_per_floor":["M","$","?","$","M","R","$","M","T","?","$","R","E","M","R","B",null,"M","$","?","$","?","R","M","E","T","R","T","M","$","M","R","B",null,"M","M","?","M","$","E","R","$","T","?","M","E","M","M","R","B",null],"character_chosen":"DEFECT","items_purchased":["PowerPotion","Hello World","Self Repair","Storm","Loop","Defragment","Self Repair","Storm","Static Discharge","Ball Lightning"],"campfire_rested":3,"item_purchase_floors":[2,2,4,11,19,21,30,39,42,42],"current_hp_per_floor":[61,61,61,61,67,67,67,60,60,65,65,65,72,67,67,74,76,70,70,65,65,65,76,76,40,40,62,62,60,60,68,68,68,74,61,75,75,76,76,51,73,73,73,73,76,76,75,75,75,21],"gold":185,"neow_bonus":"HUNDRED_GOLD","is_prod":false,"is_daily":false,"chose_seed":false,"campfire_upgraded":5,"win_rate":0,"timestamp":1552158535,"path_taken":["M","$","?","?","M","R","?","M","T","?","$","R","E","M","R","BOSS","M","$","?","$","?","R","M","E","T","R","?","M","$","M","R","BOSS","M","M","?","M","$","E","R","$","T","?","M","E","M","M","R","BOSS"],"build_version":"2019-01-23","purchased_purges":0,"victory":true,"max_hp_per_floor":[71,71,71,71,71,71,71,71,71,76,76,76,76,76,76,76,76,76,76,76,76,76,76,76,76,76,76,76,76,76,76,76,76,76,76,76,76,76,76,76,76,76,76,76,76,76,76,76,76,76],"card_choices":[{"not_picked":["Conserve Battery","Tempest"],"picked":"Ball Lightning","floor":1.0},{"not_picked":["Conserve Battery","Streamline"],"picked":"Storm","floor":5.0},{"not_picked":["Go for the Eyes","Conserve Battery"],"picked":"Melter","floor":8.0},{"not_picked":["Consume","Beam Cell"],"picked":"Doom and Gloom","floor":13.0},{"not_picked":["Redo","Sweeping Beam"],"picked":"Loop","floor":14.0},{"not_picked":["Rainbow","Hyperbeam"],"picked":"Buffer","floor":16.0},{"not_picked":["Streamline","Leap"],"picked":"Cold Snap","floor":18.0},{"not_picked":["Rebound+1","Sweeping Beam"],"picked":"Ball Lightning","floor":20.0},{"not_picked":["Beam Cell","Stack"],"picked":"Cold Snap","floor":24.0},{"not_picked":["Redo","Ball Lightning+1"],"picked":"Self Repair+1","floor":25.0},{"not_picked":["Coolheaded","Redo"],"picked":"Rainbow","floor":29.0},{"not_picked":["Coolheaded","Doom and Gloom+1"],"picked":"Redo+1","floor":31.0},{"not_picked":["Core Surge","Amplify"],"picked":"Echo Form","floor":33.0},{"not_picked":["Hologram+1","Rebound"],"picked":"Ball Lightning","floor":35.0},{"not_picked":["Rebound+1","Reinforced Body"],"picked":"Conserve Battery","floor":36.0},{"not_picked":["Coolheaded","Barrage","Beam Cell"],"picked":"SKIP","floor":38.0},{"not_picked":["Stack","Sweeping Beam"],"picked":"Buffer","floor":40.0},{"not_picked":["Steam","Redo"],"picked":"Chill","floor":45.0},{"not_picked":["Stack","Compile Driver"],"picked":"Heatsinks","floor":46.0},{"not_picked":["Rip and Tear","Rebound"],"picked":"Cold Snap","floor":47.0},{"not_picked":["Blizzard","Barrage"],"picked":"Static Discharge","floor":48.0}],"player_experience":1066126,"relics_obtained":[{"floor":9.0,"key":"Ancient Tea Set"},{"floor":13.0,"key":"Pen Nib"},{"floor":20.0,"key":"Red Mask"},{"floor":25.0,"key":"Mercury Hourglass"},{"floor":26.0,"key":"Orichalcum"},{"floor":28.0,"key":"Blue Candle"},{"floor":40.0,"key":"Calipers"},{"floor":43.0,"key":"Whetstone"},{"floor":46.0,"key":"Symbiotic Virus"}],"event_choices":[{"cards_removed":["Defend_B"],"damage_healed":0.0,"max_hp_gain":0.0,"max_hp_loss":0.0,"gold_gain":0.0,"event_name":"Bonfire Elementals","player_choice":"Offered Basic","floor":3.0,"gold_loss":0.0,"damage_taken":0.0},{"damage_healed":0.0,"max_hp_gain":5.0,"max_hp_loss":0.0,"gold_gain":0.0,"event_name":"Big Fish","player_choice":"Donut","floor":10.0,"gold_loss":0.0,"damage_taken":0.0},{"damage_healed":0.0,"max_hp_gain":0.0,"max_hp_loss":0.0,"gold_gain":0.0,"event_name":"Masked Bandits","player_choice":"Fought Bandits","floor":20.0,"gold_loss":0.0,"damage_taken":0.0},{"damage_healed":0.0,"max_hp_gain":0.0,"max_hp_loss":0.0,"gold_gain":0.0,"event_name":"Drug Dealer","player_choice":"Inject Mutagens","floor":22.0,"gold_loss":0.0,"damage_taken":0.0,"relics_obtained":["MutagenicStrength"]},{"damage_healed":0.0,"max_hp_gain":0.0,"max_hp_loss":0.0,"gold_gain":0.0,"event_name":"Mysterious Sphere","player_choice":"Ignored","floor":37.0,"gold_loss":0.0,"damage_taken":0.0},{"cards_removed":["Defend_B"],"damage_healed":0.0,"max_hp_gain":0.0,"max_hp_loss":0.0,"gold_gain":0.0,"event_name":"Falling","player_choice":"Removed Skill","floor":44.0,"gold_loss":0.0,"damage_taken":0.0}],"is_beta":false,"boss_relics":[{"not_picked":["Busted Crown","Runic Dome"],"picked":"White Beast Statue"},{"not_picked":["Empty Cage","Runic Pyramid"],"picked":"Nuclear Battery"}],"items_purged_floors":[],"is_endless":false,"potions_floor_spawned":[5,14,16,18,20,24,25,29,31,33,35,36,38,40,45,46,47,48],"ascension_level":16}