{"gold_per_floor":[117,117,267,28,28,28,64,64,64,134,170,170,46,46,46,142,142,163,163,25,25,50,50,50,66,66,16,41,41,81,97,97,97],"floor_reached":33,"playtime":935,"items_purged":["Doubt","Defend_B","Strike_B","Writhe"],"score":584,"play_id":"65eb4d86-6fd9-4e62-9279-33de29853bc3","local_time":"20190319233130","is_ascension_mode":true,"campfire_choices":[{"data":"Zap","floor":6,"key":"SMITH"},{"data":"Dualcast","floor":8,"key":"SMITH"},{"data":"Go for the Eyes","floor":15,"key":"SMITH"},{"data":"White Noise","floor":23,"key":"SMITH"},{"floor":32,"key":"REST"}],"neow_cost":"NONE","seed_source_timestamp":17108066874100,"circlet_count":0,"master_deck":["AscendersBane","Strike_B","Defend_B","Defend_B","Zap+1","Dualcast+1","Cold Snap","Go for the Eyes+1","Undo","Self Repair+1","Rainbow","Hologram+1","Scrape","Double Energy+1","White Noise+1","Glacier","Chill"],"relics":["Cracked Core","NeowsBlessing","Golden Idol","Juzu Bracelet","Cables","Vajra","Smiling Mask","Frozen Egg 2","Runic Dome","Nloth\u0027s Gift","Orichalcum","The Courier","Art of War"],"potions_floor_usage":[16,28,30,30],"damage_taken":[{"damage":0,"enemies":"Cultist","floor":1,"turns":1},{"damage":0,"enemies":"3 Sentries","floor":7,"turns":1},{"damage":0,"enemies":"3 Sentries","floor":10,"turns":1},{"damage":10,"enemies":"Gremlin Nob","floor":11,"turns":3},{"damage":27,"enemies":"Hexaghost","floor":16,"turns":9},{"damage":16,"enemies":"Shell Parasite","floor":18,"turns":5},{"damage":0,"enemies":"3 Byrds","floor":22,"turns":5},{"damage":5,"enemies":"Centurion and Healer","floor":25,"turns":7},{"damage":47,"enemies":"Cultist and Chosen","floor":28,"turns":6},{"damage":24,"enemies":"Slavers","floor":30,"turns":8},{"damage":0,"enemies":"Sentry and Sphere","floor":31,"turns":6},{"damage":45,"enemies":"Collector","floor":33,"turns":7}],"seed_played":"-8875028446907463073","potions_obtained":[{"floor":1,"key":"Strength Potion"},{"floor":11,"key":"SpeedPotion"},{"floor":16,"key":"AttackPotion"},{"floor":22,"key":"Fire Potion"},{"floor":28,"key":"AttackPotion"}],"is_trial":false,"path_per_floor":["M","?","?","$","?","R","E","R","T","?","E","?","$","?","R","B",null,"M","?","$","?","M","R","?","M","T","$","M","?","E","M","R","B"],"character_chosen":"DEFECT","items_purchased":["Juzu Bracelet","Self Repair+1","White Noise"],"campfire_rested":1,"item_purchase_floors":[4,13,20],"current_hp_per_floor":[64,40,40,40,33,33,33,33,33,33,23,23,23,28,28,11,60,54,54,54,54,64,64,64,69,69,69,32,32,18,28,50,5],"gold":97,"neow_bonus":"THREE_ENEMY_KILL","is_prod":false,"is_daily":false,"chose_seed":false,"campfire_upgraded":4,"win_rate":0,"timestamp":1553005890,"path_taken":["M","?","?","$","?","R","E","R","T","?","E","?","?","?","R","BOSS","M","?","$","?","M","R","?","M","T","$","M","?","E","M","R","BOSS"],"build_version":"2019-01-23","purchased_purges":4,"victory":false,"max_hp_per_floor":[71,71,71,71,71,71,71,71,71,71,71,71,71,76,76,76,76,76,76,76,76,76,76,76,76,76,76,76,76,76,76,76,76],"card_choices":[{"not_picked":["Storm","Stack","Beam Cell"],"picked":"SKIP","floor":1},{"not_picked":["Go for the Eyes","FTL"],"picked":"Cold Snap","floor":7},{"not_picked":["Turbo","Fusion"],"picked":"Go for the Eyes","floor":10},{"not_picked":["Undo","Skim","Auto Shields"],"picked":"SKIP","floor":11},{"not_picked":["Skim","Auto Shields"],"picked":"Undo","floor":11},{"not_picked":["Multi-Cast","Thunder Strike"],"picked":"Rainbow","floor":16},{"not_picked":["Redo","Sweeping Beam+1"],"picked":"Hologram+1","floor":18},{"not_picked":["Go for the Eyes","Ball Lightning","Lockon"],"picked":"SKIP","floor":22},{"not_picked":["Conserve Battery","Chill"],"picked":"Glacier","floor":25},{"not_picked":["Streamline","Rip and Tear","Meteor Strike"],"picked":"SKIP","floor":28},{"not_picked":["Sweeping Beam","Compile Driver","Go for the Eyes"],"picked":"SKIP","floor":30},{"not_picked":["Rebound","Steam"],"picked":"Chill","floor":31}],"player_experience":2392385,"relics_obtained":[{"floor":7,"key":"Cables"},{"floor":9,"key":"Shuriken"},{"floor":10,"key":"Vajra"},{"floor":11,"key":"Smiling Mask"},{"floor":12,"key":"Frozen Egg 2"},{"floor":26,"key":"The Courier"},{"floor":30,"key":"Art of War"}],"event_choices":[{"damage_healed":0,"gold_gain":0,"player_choice":"Take Damage","damage_taken":24,"relics_obtained":["Golden Idol"],"max_hp_gain":0,"max_hp_loss":0,"event_name":"Golden Idol","floor":2,"gold_loss":0},{"damage_healed":0,"gold_gain":150,"player_choice":"AGREE","damage_taken":0,"max_hp_gain":0,"max_hp_loss":0,"event_name":"Liars Game","floor":3,"gold_loss":0,"cards_obtained":["Doubt"]},{"cards_removed":["Defend_B"],"damage_healed":0,"gold_gain":0,"player_choice":"Card Removal","damage_taken":7,"max_hp_gain":0,"max_hp_loss":0,"event_name":"Golden Wing","floor":5,"gold_loss":0},{"damage_healed":0,"gold_gain":30,"player_choice":"Searched \u00272\u0027 times","damage_taken":0,"max_hp_gain":0,"max_hp_loss":0,"event_name":"Dead Adventurer","floor":10,"gold_loss":0},{"damage_healed":0,"gold_gain":0,"player_choice":"Relic","damage_taken":0,"max_hp_gain":0,"max_hp_loss":0,"event_name":"Wheel of Change","floor":12,"gold_loss":0},{"damage_healed":0,"gold_gain":0,"player_choice":"Donut","damage_taken":0,"max_hp_gain":5,"max_hp_loss":0,"event_name":"Big Fish","floor":14,"gold_loss":0},{"damage_healed":0,"gold_gain":0,"cards_transformed":["Strike_B","Strike_B"],"player_choice":"Became Test Subject","damage_taken":0,"max_hp_gain":0,"max_hp_loss":0,"event_name":"Drug Dealer","floor":19,"gold_loss":0,"cards_obtained":["Scrape","Double Energy"]},{"damage_healed":0,"gold_gain":0,"player_choice":"Traded Relic","damage_taken":0,"relics_obtained":["Nloth\u0027s Gift"],"max_hp_gain":0,"max_hp_loss":0,"event_name":"N\u0027loth","floor":21,"relics_lost":["Shuriken"],"gold_loss":0},{"damage_healed":0,"gold_gain":0,"player_choice":"Opened","damage_taken":0,"relics_obtained":["Orichalcum"],"max_hp_gain":0,"max_hp_loss":0,"event_name":"The Mausoleum","floor":24,"gold_loss":0,"cards_obtained":["Writhe"]},{"damage_healed":0,"gold_gain":0,"player_choice":"Upgraded","damage_taken":0,"max_hp_gain":0,"max_hp_loss":0,"event_name":"Upgrade Shrine","floor":29,"gold_loss":0,"cards_upgraded":["Double Energy"]}],"is_beta":false,"boss_relics":[{"not_picked":["Fusion Hammer","Sozu"],"picked":"Runic Dome"}],"items_purged_floors":[4,13,20,27],"is_endless":false,"potions_floor_spawned":[1,11,16,22,25,28],"killed_by":"Collector","ascension_level":20}