{"gold_per_floor":[215,25,43,53,72,72,72,72,72,104,114,23,23,23,23,123,123,137,137,156,81,81,81,112,112,112,112,0,0,33,51,51,152,152,172,272,291,309,309,321,231,241,241,241],"floor_reached":44,"playtime":1455,"items_purged":["Strike_B"],"score":560,"play_id":"66491ab5-c50c-4f4a-9b9c-62c86e3d6cf6","local_time":"20190424205600","is_ascension_mode":true,"campfire_choices":[{"data":"Doom and Gloom","floor":6,"key":"SMITH"},{"data":"Zap","floor":8,"key":"SMITH"},{"data":"Genetic Algorithm","floor":13,"key":"SMITH"},{"data":"Redo","floor":15,"key":"SMITH"},{"data":"Biased Cognition","floor":23,"key":"SMITH"},{"floor":25,"key":"REST"},{"floor":27,"key":"REST"},{"floor":32,"key":"REST"}],"neow_cost":"NONE","seed_source_timestamp":578417798274400,"circlet_count":0,"master_deck":["Strike_B+1","Strike_B","Defend_B","Defend_B","Defend_B","Defend_B","Zap+1","Dualcast","Conserve Battery","Conserve Battery","Doom and Gloom+1","Genetic Algorithm+1","Redo+1","Auto Shields","Redo","Biased Cognition+1","Ball Lightning+1","Doom and Gloom","Reboot","Self Repair","Machine Learning","Redo+1","Glacier+1","Melter+1","Sweeping Beam","Consume+1"],"relics":["Cracked Core","ClockworkSouvenir","Question Card","Mango","Runic Pyramid","Gambling Chip","Gremlin Horn","Pear","Sozu","Nunchaku","PreservedInsect"],"potions_floor_usage":[24,33],"damage_taken":[{"damage":7,"enemies":"Jaw Worm","floor":1,"turns":3},{"damage":0,"enemies":"Cultist","floor":3,"turns":3},{"damage":0,"enemies":"Small Slimes","floor":4,"turns":4},{"damage":1,"enemies":"Blue Slaver","floor":5,"turns":3},{"damage":13,"enemies":"3 Sentries","floor":10,"turns":5},{"damage":0,"enemies":"Gremlin Gang","floor":11,"turns":3},{"damage":29,"enemies":"Slime Boss","floor":16,"turns":8},{"damage":39,"enemies":"2 Thieves","floor":18,"turns":4},{"damage":31,"enemies":"Colosseum Slavers","floor":19,"turns":3},{"damage":2,"enemies":"Chosen","floor":20,"turns":4},{"damage":36,"enemies":"Book of Stabbing","floor":24,"turns":6},{"damage":22,"enemies":"Gremlin Leader","floor":30,"turns":4},{"damage":12,"enemies":"3 Cultists","floor":31,"turns":4},{"damage":75,"enemies":"Collector","floor":33,"turns":13},{"damage":23,"enemies":"3 Darklings","floor":35,"turns":3},{"damage":3,"enemies":"Mind Bloom Boss Battle","floor":36,"turns":6},{"damage":12,"enemies":"3 Shapes","floor":37,"turns":3},{"damage":42,"enemies":"Jaw Worm Horde","floor":38,"turns":5},{"damage":23,"enemies":"Sphere and 2 Shapes","floor":40,"turns":4},{"damage":22,"enemies":"Spire Growth","floor":42,"turns":6},{"damage":37,"enemies":"Transient","floor":44,"turns":4}],"seed_played":"8189804337134670536","potions_obtained":[{"floor":1,"key":"Strength Potion"},{"floor":3,"key":"SkillPotion"},{"floor":5,"key":"Weak Potion"},{"floor":24,"key":"Ancient Potion"},{"floor":33,"key":"Block Potion"}],"is_trial":false,"path_per_floor":["M","$","M","M","M","R","?","R","T","E","M","$","R","?","R","B",null,"M","?","M","$","?","R","E","R","T","R","?","$","E","M","R","B",null,"M","?","M","M","?","M","?","M","T","M"],"character_chosen":"DEFECT","items_purchased":["ClockworkSouvenir","Auto Shields","Redo"],"campfire_rested":3,"item_purchase_floors":[2,12,12],"current_hp_per_floor":[68,68,68,68,67,67,72,72,72,73,73,73,73,73,73,44,94,55,24,22,22,53,53,17,45,45,73,73,73,61,56,87,19,104,81,85,80,45,45,29,29,14,14,0],"gold":241,"neow_bonus":"HUNDRED_GOLD","is_prod":false,"is_daily":false,"chose_seed":false,"campfire_upgraded":5,"win_rate":0,"timestamp":1556157360,"path_taken":["M","$","M","M","M","R","?","R","T","E","M","$","R","?","R","BOSS","M","?","M","$","?","R","E","R","T","R","?","?","E","?","R","BOSS","M","?","M","M","?","M","?","M","T","M"],"build_version":"2019-01-23","purchased_purges":1,"victory":false,"max_hp_per_floor":[75,75,75,75,75,75,80,80,80,94,94,94,94,94,94,94,94,94,94,94,94,94,94,94,94,94,94,94,94,104,104,104,104,104,104,104,104,104,104,104,104,104,104,104],"card_choices":[{"not_picked":["Chill","Leap"],"picked":"Conserve Battery","floor":1},{"not_picked":["Gash","Streamline"],"picked":"Conserve Battery","floor":3},{"not_picked":["Stack","Chaos","Steam Power"],"picked":"SKIP","floor":4},{"not_picked":["Turbo","Hello World"],"picked":"Doom and Gloom","floor":5},{"not_picked":["Redo","Undo","Go for the Eyes"],"picked":"Genetic Algorithm","floor":10},{"not_picked":["Reprogram","Steam Power","White Noise"],"picked":"Redo","floor":11},{"not_picked":["Thunder Strike","Hyperbeam","Fission"],"picked":"Biased Cognition","floor":16},{"not_picked":["Redo","BootSequence","Lockon"],"picked":"Ball Lightning+1","floor":18},{"not_picked":["Leap","Go for the Eyes","Stack"],"picked":"Doom and Gloom","floor":20},{"not_picked":["Turbo+1","Leap+1","Amplify"],"picked":"Reboot","floor":24},{"not_picked":["Doom and Gloom","Ball Lightning","Beam Cell"],"picked":"Self Repair","floor":30},{"not_picked":["Go for the Eyes","White Noise","Coolheaded+1","Hologram"],"picked":"SKIP","floor":31},{"not_picked":["Fission","Thunder Strike","Core Surge"],"picked":"Machine Learning","floor":33},{"not_picked":["Sunder","Turbo","Scrape"],"picked":"Redo+1","floor":35},{"not_picked":["Recycle+1","Steam Power+1","Sweeping Beam"],"picked":"Glacier+1","floor":36},{"not_picked":["Chill","Steam","Reboot"],"picked":"Melter+1","floor":37},{"not_picked":["Conserve Battery","Rebound","Turbo+1","Sunder"],"picked":"SKIP","floor":38},{"not_picked":["Go for the Eyes+1","Coolheaded+1","Blizzard+1"],"picked":"Sweeping Beam","floor":40},{"not_picked":["Redo","Go for the Eyes+1","Hologram+1"],"picked":"Consume+1","floor":42}],"player_experience":242853,"relics_obtained":[{"floor":9,"key":"Question Card"},{"floor":10,"key":"Mango"},{"floor":24,"key":"Gambling Chip"},{"floor":26,"key":"Gremlin Horn"},{"floor":30,"key":"Pear"},{"floor":36,"key":"Nunchaku"},{"floor":43,"key":"PreservedInsect"}],"event_choices":[{"damage_healed":0,"gold_gain":0,"player_choice":"Donut","damage_taken":0,"max_hp_gain":5,"max_hp_loss":0,"event_name":"Big Fish","floor":7,"gold_loss":0},{"damage_healed":0,"gold_gain":0,"player_choice":"Got Potions","damage_taken":0,"max_hp_gain":0,"max_hp_loss":0,"event_name":"Lab","floor":14,"gold_loss":0},{"damage_healed":0,"gold_gain":0,"player_choice":"Fight","damage_taken":0,"max_hp_gain":0,"max_hp_loss":0,"event_name":"Colosseum","floor":19,"gold_loss":0},{"damage_healed":0,"gold_gain":0,"player_choice":"Fled From Nobs","damage_taken":0,"max_hp_gain":0,"max_hp_loss":0,"event_name":"Colosseum","floor":19,"gold_loss":0},{"damage_healed":31,"gold_gain":0,"player_choice":"Heal","damage_taken":0,"max_hp_gain":0,"max_hp_loss":0,"event_name":"The Library","floor":22,"gold_loss":0},{"damage_healed":0,"gold_gain":0,"player_choice":"Paid Fearfully","damage_taken":0,"max_hp_gain":0,"max_hp_loss":0,"event_name":"Masked Bandits","floor":28,"gold_loss":112},{"damage_healed":0,"gold_gain":0,"player_choice":"Fight","damage_taken":0,"max_hp_gain":0,"max_hp_loss":0,"event_name":"MindBloom","floor":36,"gold_loss":0},{"damage_healed":0,"gold_gain":0,"player_choice":"Ignored","damage_taken":0,"max_hp_gain":0,"max_hp_loss":0,"event_name":"Tomb of Lord Red Mask","floor":39,"gold_loss":0},{"cards_removed":["Strike_B"],"damage_healed":0,"gold_gain":0,"player_choice":"Upgrade and Remove","damage_taken":0,"max_hp_gain":0,"max_hp_loss":0,"event_name":"Designer","floor":41,"gold_loss":90,"cards_upgraded":["Strike_B"]}],"is_beta":false,"boss_relics":[{"not_picked":["Tiny House","Eternal Feather"],"picked":"Runic Pyramid"},{"not_picked":["Fusion Hammer","Snecko Eye"],"picked":"Sozu"}],"items_purged_floors":[21],"is_endless":false,"potions_floor_spawned":[1,3,5,19,24,31,33,35,37,40,42],"killed_by":"Transient","ascension_level":4}