{"gold_per_floor":[114,264,264,288,301,332,332,359,359,359,30,30,45,58,58,133,133,144,157,27,52,52,52,78,78,78,78,106,116,133,133,133,133],"floor_reached":33,"playtime":1458,"items_purged":["Doubt"],"score":553,"play_id":"de239ca3-42cb-4b1c-946c-80eeab512c30","local_time":"20181125183514","is_ascension_mode":true,"campfire_choices":[{"data":"Cold Snap","floor":7,"key":"SMITH"},{"floor":10,"key":"REST"},{"floor":12,"key":"DIG"},{"floor":15,"key":"DIG"},{"floor":23,"key":"REST"},{"floor":25,"key":"REST"},{"floor":27,"key":"DIG"},{"floor":32,"key":"REST"}],"neow_cost":"NONE","seed_source_timestamp":107210454793270,"circlet_count":0,"master_deck":["AscendersBane","Strike_B","Strike_B","Strike_B","Strike_B","Defend_B","Defend_B","Defend_B","Defend_B","Zap","Dualcast","Chill","Cold Snap+1","Core Surge","Chaos","Conserve Battery+1","Redo+1","Hyperbeam","Darkness+1","Capacitor","Ball Lightning","Storm","Coolheaded+1","Self Repair+1"],"relics":["Cracked Core","NeowsBlessing","Blood Vial","PreservedInsect","Bottled Flame","Shovel","Cables","Toxic Egg 2","Blue Candle","Meat on the Bone","Fusion Hammer","Art of War","StoneCalendar","Omamori","Mercury Hourglass","Bag of Preparation"],"potions_floor_usage":[8,18,24,24,30,30],"damage_taken":[{"damage":0,"enemies":"Small Slimes","floor":1,"turns":1},{"damage":0,"enemies":"Jaw Worm","floor":5,"turns":1},{"damage":0,"enemies":"3 Sentries","floor":6,"turns":2},{"damage":23,"enemies":"Gremlin Nob","floor":8,"turns":4},{"damage":0,"enemies":"Cultist","floor":13,"turns":3},{"damage":0,"enemies":"3 Louse","floor":14,"turns":3},{"damage":8,"enemies":"Slime Boss","floor":16,"turns":15},{"damage":16,"enemies":"3 Byrds","floor":18,"turns":3},{"damage":15,"enemies":"Chosen","floor":19,"turns":7},{"damage":11,"enemies":"Gremlin Leader","floor":24,"turns":4},{"damage":27,"enemies":"Slavers","floor":28,"turns":4},{"damage":1,"enemies":"Snecko","floor":29,"turns":5},{"damage":0,"enemies":"Cultist and Chosen","floor":30,"turns":4},{"damage":85,"enemies":"Automaton","floor":33,"turns":8}],"seed_played":"8731610859101889779","potions_obtained":[{"floor":1,"key":"Weak Potion"},{"floor":8,"key":"Dexterity Potion"},{"floor":14,"key":"Block Potion"},{"floor":16,"key":"PowerPotion"},{"floor":28,"key":"AttackPotion"},{"floor":29,"key":"SteroidPotion"}],"is_trial":false,"path_per_floor":["M","?","?","T","M","E","R","E","T","R","$","R","M","M","R","B",null,"M","M","$","T","?","R","E","R","T","R","E","M","M","?","R","B"],"character_chosen":"DEFECT","items_purchased":["Toxic Egg 2","PowerPotion","Capacitor"],"campfire_rested":4,"item_purchase_floors":[11,20,20],"current_hp_per_floor":[64,64,59,59,61,63,63,42,42,63,63,63,65,67,67,61,69,55,42,42,42,42,63,54,71,71,71,44,45,47,47,68,0],"gold":133,"neow_bonus":"THREE_ENEMY_KILL","is_prod":false,"is_daily":false,"chose_seed":false,"campfire_upgraded":1,"win_rate":0,"timestamp":1543163714,"path_taken":["M","?","?","?","?","E","R","E","T","R","$","R","M","M","R","BOSS","M","M","$","?","?","R","E","R","T","R","E","M","M","?","R","BOSS"],"build_version":"2018-11-15","purchased_purges":1,"victory":false,"max_hp_per_floor":[71,71,71,71,71,71,71,71,71,71,71,71,71,71,71,71,71,71,71,71,71,71,71,71,71,71,71,71,71,71,71,71,71],"card_choices":[{"not_picked":["Undo","Compile Driver"],"picked":"Chill","floor":1},{"not_picked":["Go for the Eyes","Aggregate"],"picked":"Cold Snap","floor":5},{"not_picked":["Stack","Blizzard"],"picked":"Core Surge","floor":6},{"not_picked":["Chill","Steam"],"picked":"Chaos","floor":8},{"not_picked":["Beam Cell","Steam+1"],"picked":"Conserve Battery+1","floor":13},{"not_picked":["Compile Driver","Streamline"],"picked":"Redo+1","floor":14},{"not_picked":["All For One","Meteor Strike"],"picked":"Hyperbeam","floor":16},{"not_picked":["Go for the Eyes","Streamline","Beam Cell"],"picked":"SKIP","floor":18},{"not_picked":["Cold Snap","Compile Driver"],"picked":"Darkness+1","floor":19},{"not_picked":["Skim+1","Beam Cell"],"picked":"Ball Lightning","floor":24},{"not_picked":["Skim+1","Rip and Tear"],"picked":"Storm","floor":28},{"not_picked":["Genetic Algorithm+1","Rebound"],"picked":"Coolheaded+1","floor":29},{"not_picked":["Conserve Battery+1","Static Discharge+1"],"picked":"Self Repair+1","floor":30}],"player_experience":786167,"relics_obtained":[{"floor":4,"key":"PreservedInsect"},{"floor":6,"key":"Bottled Flame"},{"floor":8,"key":"Shovel"},{"floor":9,"key":"Cables"},{"floor":12,"key":"Blue Candle"},{"floor":15,"key":"Meat on the Bone"},{"floor":21,"key":"Art of War"},{"floor":24,"key":"StoneCalendar"},{"floor":26,"key":"Omamori"},{"floor":27,"key":"Mercury Hourglass"},{"floor":28,"key":"Bag of Preparation"}],"event_choices":[{"damage_healed":0,"gold_gain":150,"player_choice":"AGREE","damage_taken":0,"max_hp_gain":0,"max_hp_loss":0,"event_name":"Liars Game","floor":2,"gold_loss":0,"cards_obtained":["Doubt"]},{"damage_healed":0,"gold_gain":0,"player_choice":"Success","damage_taken":5,"relics_obtained":["Blood Vial"],"max_hp_gain":0,"max_hp_loss":0,"event_name":"Scrap Ooze","floor":3,"gold_loss":0},{"damage_healed":0,"gold_gain":0,"player_choice":"Ignored","damage_taken":0,"max_hp_gain":0,"max_hp_loss":0,"event_name":"Beggar","floor":22,"gold_loss":0},{"damage_healed":0,"gold_gain":0,"player_choice":"Ignored","damage_taken":0,"max_hp_gain":0,"max_hp_loss":0,"event_name":"Cursed Tome","floor":31,"gold_loss":0}],"is_beta":false,"boss_relics":[{"not_picked":["Philosopher\u0027s Stone","Runic Pyramid"],"picked":"Fusion Hammer"}],"items_purged_floors":[11],"is_endless":false,"potions_floor_spawned":[1,8,14,16,28,29],"killed_by":"Automaton","ascension_level":15}