{"gold_per_floor":[117,137,62,62,62,100,100,143,143,166,166],"floor_reached":11,"playtime":136,"items_purged":["Strike_R"],"score":154,"play_id":"61040bb1-21d0-435e-a3f9-76fd209975e5","local_time":"20190203160310","is_ascension_mode":true,"campfire_choices":[{"data":"Bash","floor":7,"key":"SMITH"}],"neow_cost":"NONE","seed_source_timestamp":112891520449400,"circlet_count":0,"master_deck":["Strike_R+1","Strike_R","Strike_R","Strike_R+1","Defend_R","Defend_R","Defend_R","Defend_R","Bash+1","Feel No Pain"],"relics":["Burning Blood","NeowsBlessing","Golden Idol","Charon\u0027s Ashes","Pen Nib","Dead Branch"],"potions_floor_usage":[11],"damage_taken":[{"damage":0,"enemies":"Cultist","floor":1,"turns":1},{"damage":0,"enemies":"Jaw Worm","floor":2,"turns":1},{"damage":0,"enemies":"3 Sentries","floor":6,"turns":2},{"damage":32,"enemies":"Gremlin Nob","floor":8,"turns":4},{"damage":0,"enemies":"2 Louse","floor":10,"turns":2},{"damage":21,"enemies":"Exordium Thugs","floor":11,"turns":4}],"seed_played":"-7147408850297033574","potions_obtained":[{"floor":6,"key":"SpeedPotion"},{"floor":10,"key":"Strength Potion"}],"is_trial":false,"path_per_floor":["M","M","$","?","?","E","R","E","T","M","M"],"character_chosen":"IRONCLAD","items_purchased":[],"campfire_rested":0,"item_purchase_floors":[],"current_hp_per_floor":[78,80,80,60,44,50,50,24,24,30,9],"gold":166,"neow_bonus":"THREE_ENEMY_KILL","is_prod":false,"is_daily":false,"chose_seed":false,"campfire_upgraded":1,"win_rate":0,"timestamp":1549177390,"path_taken":["M","M","$","?","?","E","R","E","T","M","M"],"build_version":"2019-01-23","purchased_purges":1,"victory":false,"max_hp_per_floor":[80,80,80,80,80,80,80,80,80,80,80],"card_choices":[{"not_picked":["Clash","Sword Boomerang","Havoc"],"picked":"SKIP","floor":1},{"not_picked":["Thunderclap","Perfected Strike","Sentinel"],"picked":"SKIP","floor":2},{"not_picked":["Double Tap","Cleave","Uppercut"],"picked":"SKIP","floor":6},{"not_picked":["Twin Strike","Anger","Cleave"],"picked":"SKIP","floor":8},{"not_picked":["Cleave","Combust"],"picked":"Feel No Pain","floor":10}],"player_experience":24865,"relics_obtained":[{"floor":6,"key":"Charon\u0027s Ashes"},{"floor":8,"key":"Pen Nib"},{"floor":9,"key":"Dead Branch"}],"event_choices":[{"damage_healed":0,"gold_gain":0,"player_choice":"Take Damage","damage_taken":20,"relics_obtained":["Golden Idol"],"max_hp_gain":0,"max_hp_loss":0,"event_name":"Golden Idol","floor":4,"gold_loss":0},{"damage_healed":0,"gold_gain":0,"player_choice":"Entered Light","damage_taken":16,"max_hp_gain":0,"max_hp_loss":0,"event_name":"Shining Light","floor":5,"gold_loss":0,"cards_upgraded":["Strike_R","Strike_R"]}],"is_beta":false,"boss_relics":[],"items_purged_floors":[3],"is_endless":false,"potions_floor_spawned":[6,10],"killed_by":"Exordium Thugs","ascension_level":9}