{"gold_per_floor":[112,37,52,52,70,70,101,101,101,112,181,231,281,331,331,407,407,419,65,115,165,182,182,157,177,177,136,136],"floor_reached":28,"playtime":1473,"items_purged":[],"score":505,"play_id":"d57e0eba-eb9e-450e-b095-8453a065bf6a","local_time":"20181220121002","is_ascension_mode":true,"campfire_choices":[{"data":"Skewer","floor":6.0,"key":"SMITH"},{"data":"Neutralize","floor":8.0,"key":"SMITH"},{"data":"Infinite Blades","floor":15.0,"key":"SMITH"},{"floor":23.0,"key":"REST"}],"neow_cost":"NONE","seed_source_timestamp":2151579183617903,"circlet_count":0,"master_deck":["AscendersBane","Defend_G","Defend_G","Defend_G","Defend_G","Defend_G","Strike_G","Strike_G","Strike_G","Strike_G","Survivor","Neutralize+1","Tools of the Trade","Skewer+1","Sucker Punch","Dodge and Roll","Infinite Blades+1","Well Laid Plans","Glass Knife+1","After Image","Outmaneuver","RitualDagger","Dagger Spray","Escape Plan"],"special_seed":0,"relics":["Ring of the Snake","SsserpentHead","Bottled Flame","Shuriken","The Specimen","Busted Crown","Chemical X","Dodecahedron","Blood Vial"],"potions_floor_usage":[28],"damage_taken":[{"damage":1.0,"enemies":"Cultist","floor":1.0,"turns":5.0},{"damage":6.0,"enemies":"Small Slimes","floor":3.0,"turns":5.0},{"damage":2.0,"enemies":"2 Louse","floor":5.0,"turns":3.0},{"damage":39.0,"enemies":"Lagavulin","floor":7.0,"turns":9.0},{"damage":1.0,"enemies":"2 Fungi Beasts","floor":10.0,"turns":4.0},{"damage":0.0,"enemies":"Blue Slaver","floor":11.0,"turns":5.0},{"damage":0.0,"enemies":"Hexaghost","floor":16.0,"turns":8.0},{"damage":8.0,"enemies":"Spheric Guardian","floor":18.0,"turns":5.0},{"damage":0.0,"enemies":"Colosseum Slavers","floor":20.0,"turns":4.0},{"damage":17.0,"enemies":"Shell Parasite","floor":22.0,"turns":3.0},{"damage":13.0,"enemies":"3 Cultists","floor":25.0,"turns":5.0},{"damage":43,"enemies":"Book of Stabbing","floor":28,"turns":4}],"seed_played":"442415061001929578","potions_obtained":[{"floor":7.0,"key":"Block Potion"},{"floor":18.0,"key":"AttackPotion"},{"floor":25.0,"key":"Regen Potion"}],"is_trial":false,"path_per_floor":["M","?","M","?","M","R","E","R","T","M","M","T","?","?","R","B",null,"M","$","?","?","M","R","?","M","T","?","E"],"character_chosen":"THE_SILENT","items_purchased":["Chemical X","Outmaneuver","Noxious Fumes"],"campfire_rested":1,"item_purchase_floors":[19,19,19],"current_hp_per_floor":[58,58,52,52,50,50,11,11,11,10,10,10,10,10,10,10,52,44,44,44,38,21,40,40,27,27,27,0],"gold":136,"neow_bonus":"ONE_RANDOM_RARE_CARD","is_prod":false,"is_daily":false,"chose_seed":false,"campfire_upgraded":3,"win_rate":0,"timestamp":1545279002,"path_taken":["M","?","M","?","M","R","E","R","T","M","?","?","?","?","R","BOSS","M","$","?","?","M","R","?","M","T","?","E"],"build_version":"2018-12-17","purchased_purges":0,"victory":false,"max_hp_per_floor":[66,66,66,66,66,66,66,66,66,66,66,66,66,66,66,66,66,66,66,66,66,66,66,66,66,66,66,66],"card_choices":[{"not_picked":["Blade Dance","Acrobatics"],"picked":"Skewer","floor":1.0},{"not_picked":["Dodge and Roll","Riddle With Holes"],"picked":"Sucker Punch","floor":3.0},{"not_picked":["Bane","Riddle With Holes"],"picked":"Dodge and Roll","floor":5.0},{"not_picked":["Cloak And Dagger","Sucker Punch"],"picked":"Infinite Blades","floor":7.0},{"not_picked":["Flying Knee","PiercingWail"],"picked":"Well Laid Plans","floor":10.0},{"not_picked":["Dagger Throw","Cloak And Dagger"],"picked":"Glass Knife","floor":11.0},{"not_picked":["Venomology","Bullet Time"],"picked":"After Image","floor":16.0},{"not_picked":["Deflect"],"picked":"SKIP","floor":18.0},{"not_picked":[],"picked":"Dagger Spray","floor":22.0},{"not_picked":[],"picked":"Escape Plan","floor":25.0}],"player_experience":645971,"relics_obtained":[{"floor":7.0,"key":"Bottled Flame"},{"floor":9.0,"key":"Shuriken"},{"floor":12.0,"key":"The Specimen"},{"floor":26.0,"key":"Dodecahedron"}],"event_choices":[{"cards_removed":["Strike_G"],"damage_healed":0.0,"max_hp_gain":0.0,"max_hp_loss":0.0,"gold_gain":0.0,"event_name":"The Cleric","player_choice":"Card Removal","floor":2.0,"gold_loss":75.0,"damage_taken":0.0},{"damage_healed":0.0,"max_hp_gain":0.0,"max_hp_loss":0.0,"gold_gain":0.0,"event_name":"FaceTrader","player_choice":"Trade","floor":4.0,"gold_loss":0.0,"damage_taken":0.0,"relics_obtained":["SsserpentHead"]},{"damage_healed":0.0,"max_hp_gain":0.0,"max_hp_loss":0.0,"gold_gain":0.0,"event_name":"Liars Game","player_choice":"Ignored","floor":13.0,"gold_loss":0.0,"damage_taken":0.0},{"damage_healed":0.0,"max_hp_gain":0.0,"max_hp_loss":0.0,"gold_gain":0.0,"event_name":"Living Wall","player_choice":"Grow","floor":14.0,"gold_loss":0.0,"damage_taken":0.0,"cards_upgraded":["Glass Knife"]},{"damage_healed":0.0,"max_hp_gain":0.0,"max_hp_loss":0.0,"gold_gain":0.0,"event_name":"Colosseum","player_choice":"Fight","floor":20.0,"gold_loss":0.0,"damage_taken":0.0},{"damage_healed":0.0,"max_hp_gain":0.0,"max_hp_loss":0.0,"gold_gain":0.0,"event_name":"Colosseum","player_choice":"Fled From Nobs","floor":20.0,"gold_loss":0.0,"damage_taken":0.0},{"damage_healed":0.0,"max_hp_gain":0.0,"max_hp_loss":0.0,"gold_gain":0.0,"event_name":"Nest","player_choice":"Joined the Cult","floor":21.0,"gold_loss":0.0,"damage_taken":6.0,"cards_obtained":["RitualDagger"]},{"cards_removed":["Noxious Fumes"],"damage_healed":0.0,"max_hp_gain":0.0,"max_hp_loss":0.0,"gold_gain":0.0,"event_name":"Beggar","player_choice":"Gave Gold","floor":24.0,"gold_loss":75.0,"damage_taken":0.0},{"damage_healed":0.0,"max_hp_gain":0.0,"max_hp_loss":0.0,"gold_gain":0.0,"event_name":"WeMeetAgain","player_choice":"Paid Gold","floor":27.0,"gold_loss":91.0,"damage_taken":0.0,"relics_obtained":["Blood Vial"]}],"is_beta":true,"boss_relics":[{"not_picked":["Astrolabe","Snecko Eye"],"picked":"Busted Crown"}],"items_purged_floors":[],"is_endless":false,"potions_floor_spawned":[7,18,20,25],"killed_by":"Book of Stabbing","ascension_level":18}