{"gold_per_floor":[110,56,56,67,80,80,135,135,135,154,154,181,181,195,195,195],"floor_reached":16,"playtime":358,"items_purged":[],"score":199,"play_id":"7d7b8bd1-d18d-4c21-b04f-1649ad66bd33","local_time":"20190228143001","is_ascension_mode":true,"campfire_choices":[{"data":"Loop","floor":6,"key":"SMITH"},{"data":"Sunder","floor":11,"key":"SMITH"},{"data":"Genetic Algorithm","floor":13,"key":"SMITH"},{"data":"Hologram","floor":15,"key":"SMITH"}],"neow_cost":"NONE","seed_source_timestamp":194176677520200,"circlet_count":0,"master_deck":["AscendersBane","Strike_B","Strike_B","Strike_B","Strike_B","Defend_B","Defend_B","Defend_B","Defend_B","Zap","Dualcast","Loop+1","Sunder+1","Leap","Genetic Algorithm+1","Hologram+1"],"relics":["Cracked Core","NeowsBlessing","WarpedTongs","Oddly Smooth Stone","Spirit Poop","Question Card","Cables"],"potions_floor_usage":[7,7],"damage_taken":[{"damage":0,"enemies":"Small Slimes","floor":1,"turns":1},{"damage":0,"enemies":"Cultist","floor":4,"turns":1},{"damage":0,"enemies":"Jaw Worm","floor":5,"turns":1},{"damage":39,"enemies":"Gremlin Nob","floor":7,"turns":4},{"damage":0,"enemies":"2 Fungi Beasts","floor":10,"turns":3},{"damage":3,"enemies":"Lagavulin","floor":12,"turns":7},{"damage":10,"enemies":"Exordium Thugs","floor":14,"turns":4},{"damage":10,"enemies":"The Guardian","floor":16,"turns":5}],"seed_played":"610653478325720631","potions_obtained":[{"floor":1,"key":"Poison Potion"}],"is_trial":false,"path_per_floor":["M","$","?","M","M","R","?","?","T","M","R","E","R","M","R","B"],"character_chosen":"DEFECT","items_purchased":["Poison Potion"],"campfire_rested":0,"item_purchase_floors":[2],"current_hp_per_floor":[64,64,64,64,64,64,25,25,25,25,25,22,22,12,12,2],"gold":195,"neow_bonus":"THREE_ENEMY_KILL","is_prod":false,"is_daily":false,"chose_seed":false,"campfire_upgraded":4,"win_rate":0,"timestamp":1551331801,"path_taken":["M","$","?","?","M","R","?","?","T","M","R","E","R","M","R","BOSS"],"build_version":"2019-01-23","purchased_purges":0,"victory":false,"max_hp_per_floor":[71,71,71,71,71,71,71,71,71,71,71,71,71,71,71,71],"card_choices":[{"not_picked":["Tempest","Rebound","Go for the Eyes"],"picked":"SKIP","floor":1},{"not_picked":["Rebound","Scrape"],"picked":"Loop","floor":4},{"not_picked":["Turbo","Tempest","Barrage"],"picked":"SKIP","floor":5},{"not_picked":["Turbo","Steam Power"],"picked":"Sunder","floor":7},{"not_picked":["Scrape","Gash","Darkness"],"picked":"Leap","floor":10},{"not_picked":["Heatsinks","Aggregate","Thunder Strike"],"picked":"Genetic Algorithm","floor":12},{"not_picked":["Skim","Blizzard","Ball Lightning"],"picked":"Hologram","floor":14}],"player_experience":1882588,"relics_obtained":[{"floor":7,"key":"Oddly Smooth Stone"},{"floor":9,"key":"Question Card"},{"floor":12,"key":"Cables"}],"event_choices":[{"damage_healed":0,"gold_gain":0,"player_choice":"Rummage","damage_taken":0,"relics_obtained":["WarpedTongs"],"max_hp_gain":0,"max_hp_loss":0,"event_name":"Accursed Blacksmith","floor":3,"gold_loss":0,"cards_obtained":["Pain"]},{"damage_healed":0,"gold_gain":0,"player_choice":"Searched \u00271\u0027 times","damage_taken":0,"max_hp_gain":0,"max_hp_loss":0,"event_name":"Dead Adventurer","floor":7,"gold_loss":0},{"cards_removed":["Pain"],"damage_healed":0,"gold_gain":0,"player_choice":"Offered Curse","damage_taken":0,"relics_obtained":["Spirit Poop"],"max_hp_gain":0,"max_hp_loss":0,"event_name":"Bonfire Elementals","floor":8,"gold_loss":0}],"is_beta":false,"boss_relics":[],"items_purged_floors":[],"is_endless":false,"potions_floor_spawned":[1,4],"killed_by":"The Guardian","ascension_level":20}