{"gold_per_floor":[112,129,148,223,238,238,188,208,208,208,228,263,31,31,31,130,130,117,216,131,149,149,149,49,49,49,49,59,94,104,104],"floor_reached":31,"playtime":1342,"items_purged":["Strike_R","Writhe"],"score":383,"play_id":"4e6b066a-1f1d-46be-839a-9666c9ae4c5b","local_time":"20180714160512","is_ascension_mode":true,"campfire_choices":[{"floor":6.0,"key":"REST"},{"data":"Anger","floor":10.0,"key":"SMITH"},{"floor":15.0,"key":"REST"},{"floor":23.0,"key":"REST"},{"floor":25.0,"key":"REST"},{"data":"Dual Wield","floor":27.0,"key":"SMITH"}],"neow_cost":"NONE","seed_source_timestamp":760759047930167,"circlet_count":0,"master_deck":["Strike_R","Strike_R","Strike_R","Defend_R","Defend_R","Defend_R","Bash","AscendersBane","Anger+1","Dual Wield+1","Clash+1"],"special_seed":0,"relics":["Burning Blood","NeowsBlessing","Pen Nib","Potion Belt","Bag of Marbles","Singing Bowl","Oddly Smooth Stone","Paper Frog","Question Card"],"potions_floor_usage":[28,29,31],"damage_taken":[{"damage":0.0,"enemies":"Cultist","floor":1.0,"turns":1.0},{"damage":0.0,"enemies":"Small Slimes","floor":2.0,"turns":1.0},{"damage":0.0,"enemies":"2 Louse","floor":3.0,"turns":1.0},{"damage":12.0,"enemies":"Looter","floor":5.0,"turns":4.0},{"damage":5.0,"enemies":"2 Fungi Beasts","floor":8.0,"turns":4.0},{"damage":9.0,"enemies":"Exordium Wildlife","floor":11.0,"turns":4.0},{"damage":32.0,"enemies":"Gremlin Nob","floor":12.0,"turns":4.0},{"damage":74.0,"enemies":"Hexaghost","floor":16.0,"turns":9.0},{"damage":23.0,"enemies":"2 Thieves","floor":18.0,"turns":4.0},{"damage":17.0,"enemies":"Shell Parasite","floor":21.0,"turns":6.0},{"damage":4,"enemies":"Snecko","floor":28,"turns":3},{"damage":31,"enemies":"Slavers","floor":29,"turns":6},{"damage":36,"enemies":"Snake Plant","floor":30,"turns":4},{"damage":33,"enemies":"Cultist and Chosen","floor":31,"turns":6}],"seed_played":"2656400943271816106","potions_obtained":[{"floor":2.0,"key":"Ancient Potion"},{"floor":5.0,"key":"Energy Potion"},{"floor":12.0,"key":"Dexterity Potion"},{"floor":18.0,"key":"Fire Potion"},{"floor":29,"key":"Fire Potion"}],"is_trial":false,"path_per_floor":["M","M","M","?","M","R","?","M","T","R","M","E","$","?","R","B",null,"M","?","?","M","?","R","$","R","T","R","M","E","M"],"character_chosen":"IRONCLAD","items_purchased":["Bag of Marbles"],"campfire_rested":4,"item_purchase_floors":[13],"current_hp_per_floor":[78,80,80,69,63,80,80,80,80,80,77,51,51,51,75,7,62,45,45,45,34,34,58,58,80,80,80,82,59,31,0],"gold":104,"neow_bonus":"THREE_ENEMY_KILL","is_prod":false,"is_daily":false,"chose_seed":false,"campfire_upgraded":2,"win_rate":0,"timestamp":1531573512,"path_taken":["M","M","?","?","M","R","?","M","T","R","M","E","$","?","R","BOSS","M","?","?","M","?","R","$","R","T","R","M","E","M","?"],"build_version":"2018-07-12","purchased_purges":2,"victory":false,"max_hp_per_floor":[80,80,80,80,80,80,80,80,80,80,80,80,80,80,80,80,80,80,80,80,80,80,80,80,80,80,80,82,84,86,86],"card_choices":[{"not_picked":["Perfected Strike","Armaments","Thunderclap"],"picked":"SKIP","floor":1.0},{"not_picked":["Shrug It Off","Entrench"],"picked":"Anger","floor":2.0},{"not_picked":["Clothesline","Cleave"],"picked":"Dual Wield","floor":3.0},{"not_picked":["Bloodletting","Rupture","Battle Trance"],"picked":"SKIP","floor":5.0},{"not_picked":["Dropkick","Shockwave","Evolve"],"picked":"SKIP","floor":8.0},{"not_picked":["Sentinel","Iron Wave","Sword Boomerang"],"picked":"SKIP","floor":11.0},{"not_picked":["Infernal Blade","Intimidate","Searing Blow"],"picked":"SKIP","floor":12.0},{"not_picked":["Perfected Strike+1","Inflame","Ghostly Armor"],"picked":"SKIP","floor":18.0},{"not_picked":["Havoc","Body Slam"],"picked":"Clash+1","floor":21.0},{"not_picked":["Flame Barrier+1","Disarm+1","Twin Strike"],"picked":"Singing Bowl","floor":28},{"not_picked":["Battle Trance","Whirlwind","Iron Wave"],"picked":"Singing Bowl","floor":29},{"not_picked":["Sentinel","Limit Break","Twin Strike","Armaments"],"picked":"Singing Bowl","floor":30}],"player_experience":560396,"relics_obtained":[{"floor":9.0,"key":"Pen Nib"},{"floor":12.0,"key":"Potion Belt"},{"floor":26.0,"key":"Paper Frog"},{"floor":29,"key":"Question Card"}],"event_choices":[{"event_name":"World of Goop","player_choice":"Gather Gold","floor":4.0,"damage_taken":0.0},{"event_name":"The Cleric","player_choice":"Card Removal","floor":7.0,"damage_taken":0.0},{"event_name":"Bonfire Elementals","player_choice":"BASIC","floor":14.0,"damage_taken":0.0},{"event_name":"Nest","player_choice":"Stole From Cult","floor":19.0,"damage_taken":0.0},{"event_name":"Addict","player_choice":"Obtained Relic","floor":20.0,"damage_taken":0.0},{"event_name":"The Mausoleum","player_choice":"Yes","floor":22.0,"damage_taken":0.0}],"boss_relics":[{"not_picked":["Fusion Hammer","Cursed Key","Ectoplasm"]}],"items_purged_floors":[13,24],"is_endless":false,"potions_floor_spawned":[2,5,12,18,29],"killed_by":"Cultist and Chosen","ascension_level":10}