{"gold_per_floor":[114,189,189,189,31,61,61,95,125,155,155,155],"floor_reached":12,"playtime":204,"items_purged":["Regret"],"score":284,"play_id":"f52e1e8c-451e-435c-8111-ce687561015a","local_time":"20190323145809","is_ascension_mode":true,"campfire_choices":[{"data":"Consume","floor":7,"key":"SMITH"},{"data":"Darkness","floor":11,"key":"SMITH"}],"neow_cost":"NONE","seed_source_timestamp":332639951835500,"circlet_count":0,"master_deck":["AscendersBane","Strike_B","Strike_B","Strike_B","Strike_B","Defend_B","Defend_B","Defend_B","Defend_B","Zap+1","Dualcast","Beam Cell+1","Consume+1","Darkness+1","Turbo","Reboot"],"relics":["Cracked Core","NeowsBlessing","Juzu Bracelet","Meat on the Bone","Oddly Smooth Stone","Tiny Chest","Boot"],"potions_floor_usage":[12,12],"damage_taken":[{"damage":0,"enemies":"Small Slimes","floor":1,"turns":1},{"damage":0,"enemies":"Gremlin Nob","floor":6,"turns":1},{"damage":0,"enemies":"3 Sentries","floor":8,"turns":1},{"damage":16,"enemies":"Lagavulin","floor":10,"turns":6},{"damage":32,"enemies":"3 Sentries","floor":12,"turns":6}],"seed_played":"-6617961655540890139","potions_obtained":[{"floor":6,"key":"PowerPotion"},{"floor":8,"key":"PowerPotion"}],"is_trial":false,"path_per_floor":["M","?","?","?","$","E","R","E","T","E","R","E"],"character_chosen":"DEFECT","items_purchased":["Consume"],"campfire_rested":0,"item_purchase_floors":[5],"current_hp_per_floor":[64,53,53,32,32,32,32,44,44,40,40,8],"gold":155,"neow_bonus":"THREE_ENEMY_KILL","is_prod":false,"is_daily":false,"chose_seed":false,"campfire_upgraded":2,"win_rate":0,"timestamp":1553320689,"path_taken":["M","?","?","?","$","E","R","E","T","E","R","E"],"build_version":"2019-01-23","purchased_purges":1,"victory":false,"max_hp_per_floor":[71,71,71,71,71,71,71,71,71,71,71,71],"card_choices":[{"not_picked":["Leap","Compile Driver"],"picked":"Beam Cell","floor":1},{"not_picked":["Fission","Stack"],"picked":"Darkness","floor":6},{"not_picked":["Scrape","Compile Driver"],"picked":"Turbo","floor":8},{"not_picked":["Lockon","Reprogram"],"picked":"Reboot","floor":10}],"player_experience":2501862,"relics_obtained":[{"floor":6,"key":"Meat on the Bone"},{"floor":8,"key":"Oddly Smooth Stone"},{"floor":9,"key":"Tiny Chest"},{"floor":10,"key":"Boot"}],"event_choices":[{"damage_healed":0,"gold_gain":75,"player_choice":"Gather Gold","damage_taken":11,"max_hp_gain":0,"max_hp_loss":0,"event_name":"World of Goop","floor":2,"gold_loss":0},{"damage_healed":0,"gold_gain":0,"player_choice":"Box","damage_taken":0,"relics_obtained":["Juzu Bracelet"],"max_hp_gain":0,"max_hp_loss":0,"event_name":"Big Fish","floor":3,"gold_loss":0,"cards_obtained":["Regret"]},{"damage_healed":0,"gold_gain":0,"player_choice":"Entered Light","damage_taken":21,"max_hp_gain":0,"max_hp_loss":0,"event_name":"Shining Light","floor":4,"gold_loss":0,"cards_upgraded":["Beam Cell","Zap"]}],"is_beta":false,"boss_relics":[],"items_purged_floors":[5],"is_endless":false,"potions_floor_spawned":[6,8,10],"killed_by":"3 Sentries","ascension_level":20}