{"gold_per_floor":[110,110,110,124,124,124,153,39,65,76,76,104,104,114,114,190,190,206,43,62,112,132,165,165,180,256,272,272,217,217,2,2,78,78,95,95],"floor_reached":36,"playtime":1106,"items_purged":["Strike_R"],"score":880,"play_id":"e38f7c0f-248d-4392-a808-0af11516648c","local_time":"20190319133434","is_ascension_mode":true,"campfire_choices":[{"data":"Bash","floor":6.0,"key":"SMITH"},{"data":"Limit Break","floor":11.0,"key":"SMITH"},{"data":"Inflame","floor":13.0,"key":"SMITH"},{"data":"True Grit","floor":15.0,"key":"SMITH"},{"data":"Entrench","floor":28,"key":"SMITH"},{"data":"Impervious","floor":30,"key":"SMITH"},{"floor":32,"key":"REST"}],"neow_cost":"NONE","seed_source_timestamp":181724375075500,"circlet_count":0,"master_deck":["AscendersBane","Strike_R","Defend_R+1","Defend_R","Defend_R","Defend_R","Bash+1","Seeing Red+1","Warcry","Limit Break+1","Evolve","Inflame+1","True Grit+1","Impervious+1","Heavy Blade+1","Shrug It Off+1","Intimidate+1","Entrench+1","Fiend Fire","Body Slam"],"special_seed":0,"relics":["Burning Blood","NeowsBlessing","Red Skull","Orichalcum","War Paint","Regal Pillow","FossilizedHelix","Mark of Pain","Potion Belt","Dream Catcher","Letter Opener","Tiny Chest","Bag of Preparation","Empty Cage"],"potions_floor_usage":[23,23,33,36],"damage_taken":[{"damage":0.0,"enemies":"Jaw Worm","floor":1.0,"turns":1.0},{"damage":0.0,"enemies":"Small Slimes","floor":4.0,"turns":1.0},{"damage":0.0,"enemies":"Gremlin Nob","floor":7.0,"turns":1.0},{"damage":6.0,"enemies":"2 Louse","floor":10.0,"turns":3.0},{"damage":17.0,"enemies":"3 Sentries","floor":12.0,"turns":8.0},{"damage":5.0,"enemies":"Gremlin Gang","floor":14.0,"turns":6.0},{"damage":13.0,"enemies":"The Guardian","floor":16.0,"turns":12.0},{"damage":49,"enemies":"3 Byrds","floor":18,"turns":7},{"damage":0,"enemies":"Spheric Guardian","floor":20,"turns":4},{"damage":5,"enemies":"Centurion and Healer","floor":22,"turns":6},{"damage":17,"enemies":"Gremlin Leader","floor":23,"turns":6},{"damage":0,"enemies":"3 Cultists","floor":25,"turns":4},{"damage":18,"enemies":"Cultist and Chosen","floor":27,"turns":5},{"damage":45,"enemies":"Collector","floor":33,"turns":7},{"damage":21,"enemies":"3 Darklings","floor":35,"turns":7},{"damage":39,"enemies":"2 Orb Walkers","floor":36,"turns":5}],"seed_played":"-6736059661341294283","potions_obtained":[{"floor":7.0,"key":"Block Potion"},{"floor":10.0,"key":"Ancient Potion"},{"floor":12.0,"key":"AttackPotion"},{"floor":14.0,"key":"FearPotion"},{"floor":20,"key":"AttackPotion"},{"floor":35,"key":"AttackPotion"}],"is_trial":false,"path_per_floor":["M","?","?","M","T","R","E","$","T","M","R","E","R","M","R","B",null,"M","$","M","?","M","E","?","M","T","M","R","?","R","$","R","B",null,"M","?"],"character_chosen":"IRONCLAD","items_purchased":["Evolve","Potion Belt","Bag of Preparation","PowerPotion"],"campfire_rested":1,"item_purchase_floors":[8,19,31,31],"current_hp_per_floor":[74,63,63,69,69,69,75,75,75,75,75,64,64,65,65,58,71,28,28,34,34,35,24,24,30,30,18,18,18,18,18,55,16,60,45,6],"gold":95,"neow_bonus":"THREE_ENEMY_KILL","is_prod":false,"is_daily":false,"chose_seed":false,"campfire_upgraded":6,"win_rate":0,"timestamp":1552970074,"path_taken":["M","?","?","M","?","R","E","?","T","M","R","E","R","M","R","BOSS","M","$","M","?","M","E","?","?","T","M","R","?","R","$","R","BOSS","M","?"],"build_version":"2019-01-23","purchased_purges":1,"victory":false,"max_hp_per_floor":[75,75,75,75,75,75,75,75,75,75,75,75,75,75,75,75,75,75,75,75,75,75,75,75,75,75,75,75,75,75,75,75,75,75,75,75],"card_choices":[{"not_picked":["Warcry","Thunderclap"],"picked":"Seeing Red","floor":1.0},{"not_picked":["Iron Wave","Headbutt","Havoc"],"picked":"SKIP","floor":4.0},{"not_picked":["Cleave","Combust"],"picked":"Limit Break","floor":7.0},{"not_picked":["Clash","Clothesline"],"picked":"Inflame","floor":10.0},{"not_picked":["Pummel","Havoc","Twin Strike"],"picked":"SKIP","floor":12.0},{"not_picked":["Twin Strike","Power Through"],"picked":"True Grit","floor":14.0},{"not_picked":["Berserk","Juggernaut"],"picked":"Impervious","floor":16.0},{"not_picked":["Body Slam","Iron Wave"],"picked":"Heavy Blade+1","floor":18},{"not_picked":["Sword Boomerang","Armaments","Pommel Strike"],"picked":"SKIP","floor":20},{"not_picked":["Sever Soul","Ghostly Armor"],"picked":"Shrug It Off+1","floor":22},{"not_picked":["Corruption","Dark Embrace","Sword Boomerang"],"picked":"SKIP","floor":23},{"not_picked":["Iron Wave","Clothesline+1"],"picked":"Intimidate+1","floor":25},{"not_picked":["Body Slam","Metallicize"],"picked":"Entrench","floor":27},{"not_picked":["Dark Embrace","Juggernaut"],"picked":"Fiend Fire","floor":33},{"not_picked":["Flex","Flame Barrier"],"picked":"Body Slam","floor":35}],"player_experience":2372667,"relics_obtained":[{"floor":5.0,"key":"Orichalcum"},{"floor":7.0,"key":"War Paint"},{"floor":9.0,"key":"Regal Pillow"},{"floor":12.0,"key":"FossilizedHelix"},{"floor":23,"key":"Dream Catcher"}],"event_choices":[{"damage_healed":0.0,"max_hp_gain":0.0,"max_hp_loss":0.0,"gold_gain":0.0,"event_name":"Scrap Ooze","player_choice":"Success","floor":2.0,"gold_loss":0.0,"damage_taken":11.0,"relics_obtained":["Red Skull"]},{"damage_healed":0.0,"max_hp_gain":0.0,"max_hp_loss":0.0,"gold_gain":0.0,"cards_transformed":["Strike_R"],"event_name":"Living Wall","player_choice":"Change","floor":3.0,"gold_loss":0.0,"damage_taken":0.0,"cards_obtained":["Warcry"]},{"damage_healed":0,"gold_gain":50,"player_choice":"Stole From Cult","damage_taken":0,"max_hp_gain":0,"max_hp_loss":0,"event_name":"Nest","floor":21,"gold_loss":0},{"damage_healed":0,"gold_gain":0,"player_choice":"Gave Potion","damage_taken":0,"relics_obtained":["Letter Opener"],"max_hp_gain":0,"max_hp_loss":0,"event_name":"WeMeetAgain","floor":24,"gold_loss":0},{"damage_healed":0,"gold_gain":0,"player_choice":"Obtained Relic","damage_taken":0,"relics_obtained":["Tiny Chest"],"max_hp_gain":0,"max_hp_loss":0,"event_name":"Addict","floor":29,"gold_loss":85},{"damage_healed":0,"gold_gain":0,"player_choice":"Fight","damage_taken":0,"max_hp_gain":0,"max_hp_loss":0,"event_name":"Mysterious Sphere","floor":36,"gold_loss":0}],"is_beta":false,"boss_relics":[{"not_picked":["Calling Bell","Coffee Dripper"],"picked":"Mark of Pain"},{"not_picked":["Black Star","Lizard Tail"],"picked":"Empty Cage"}],"items_purged_floors":[8],"is_endless":false,"potions_floor_spawned":[7,10,12,14,18,20,35],"killed_by":"2 Orb Walkers","ascension_level":20}