{"gold_per_floor":[118,118,78,97,114,114,142,142,142,170,187,167],"floor_reached":12,"playtime":222,"items_purged":[],"score":176,"play_id":"b4efd167-6e30-4171-958b-bc650a8e83a5","local_time":"20190322183333","is_ascension_mode":true,"campfire_choices":[{"data":"Zap","floor":6,"key":"SMITH"}],"neow_cost":"NONE","seed_source_timestamp":259147889102900,"circlet_count":0,"master_deck":["AscendersBane","Strike_B","Strike_B","Strike_B","Strike_B","Defend_B","Defend_B","Defend_B","Defend_B","Zap+1","Dualcast","White Noise","FTL","Defragment","Reboot","Coolheaded"],"relics":["Cracked Core","NeowsBlessing","Bird Faced Urn","Art of War","Incense Burner","Bronze Scales"],"potions_floor_usage":[10,12],"damage_taken":[{"damage":0,"enemies":"Jaw Worm","floor":1,"turns":1},{"damage":0,"enemies":"Cultist","floor":4,"turns":1},{"damage":0,"enemies":"2 Louse","floor":5,"turns":1},{"damage":40,"enemies":"3 Sentries","floor":7,"turns":9},{"damage":28,"enemies":"Gremlin Nob","floor":10,"turns":4},{"damage":3,"enemies":"Blue Slaver","floor":11,"turns":3},{"damage":7,"enemies":"Looter","floor":12,"turns":1}],"seed_played":"-8243791586028912582","potions_obtained":[{"floor":4,"key":"Poison Potion"},{"floor":7,"key":"SpeedPotion"},{"floor":11,"key":"FocusPotion"}],"is_trial":false,"path_per_floor":["M","?","$","M","M","R","E","$","T","E","M","M"],"character_chosen":"DEFECT","items_purchased":["White Noise"],"campfire_rested":0,"item_purchase_floors":[3],"current_hp_per_floor":[64,64,64,64,66,66,28,28,28,4,5,0],"gold":167,"neow_bonus":"THREE_ENEMY_KILL","is_prod":false,"is_daily":false,"chose_seed":false,"campfire_upgraded":1,"win_rate":0,"timestamp":1553247213,"path_taken":["M","?","$","?","M","R","E","$","T","E","M","M"],"build_version":"2019-01-23","purchased_purges":0,"victory":false,"max_hp_per_floor":[71,71,71,71,71,71,71,71,71,71,71,71],"card_choices":[{"not_picked":["Rebound","Steam","Gash"],"picked":"SKIP","floor":1},{"not_picked":["Redo","Barrage","Beam Cell"],"picked":"SKIP","floor":4},{"not_picked":["Force Field","Fusion"],"picked":"FTL","floor":5},{"not_picked":["Compile Driver","Self Repair"],"picked":"Defragment","floor":7},{"not_picked":["Chaos","Blizzard"],"picked":"Reboot","floor":10},{"not_picked":["Tempest","Steam Power"],"picked":"Coolheaded","floor":11}],"player_experience":2472525,"relics_obtained":[{"floor":2,"key":"Bird Faced Urn"},{"floor":7,"key":"Art of War"},{"floor":9,"key":"Incense Burner"},{"floor":10,"key":"Bronze Scales"}],"event_choices":[{"damage_healed":0,"gold_gain":0,"player_choice":"Relic","damage_taken":0,"max_hp_gain":0,"max_hp_loss":0,"event_name":"Wheel of Change","floor":2,"gold_loss":0}],"is_beta":false,"boss_relics":[],"items_purged_floors":[],"is_endless":false,"potions_floor_spawned":[4,7,11],"killed_by":"Looter","ascension_level":20}