{"gold_per_floor":[212,65,65,240,257,257,268,268,294,326,401,401,401,429,429,505,505,523,536,536,76,76,76,76,7,7,7,27,56,56,73,73,148,148,165,0,0,0,12,12,12,12,12,12,12,31,64,64,64,64],"floor_reached":51,"playtime":1242,"items_purged":["Strike_B"],"score":1156,"play_id":"a225dab2-c66a-4fba-9294-78bfce4fe85d","local_time":"20190216175735","is_ascension_mode":true,"campfire_choices":[{"data":"Ball Lightning","floor":6,"key":"SMITH"},{"data":"Beam Cell","floor":8,"key":"SMITH"},{"floor":13,"key":"REST"},{"floor":15,"key":"REST"},{"floor":23,"key":"REST"},{"data":"Consume","floor":27,"key":"SMITH"},{"data":"Zap","floor":30,"key":"SMITH"},{"floor":32,"key":"REST"},{"data":"Dualcast","floor":40,"key":"SMITH"},{"data":"Gash","floor":42,"key":"SMITH"},{"floor":45,"key":"REST"},{"floor":49,"key":"REST"}],"neow_cost":"NONE","seed_source_timestamp":201076760634100,"circlet_count":0,"master_deck":["AscendersBane","Strike_B+1","Strike_B+1","Defend_B","Defend_B","Defend_B","Zap+1","Dualcast+1","Ball Lightning+1","Beam Cell+1","FTL","Conserve Battery","Reboot","Coolheaded","Gash","Loop+1","Consume+1","Double Energy+1","Gash+1","Core Surge","Hologram+1","Madness","Madness","Parasite","Conserve Battery","Thinking Ahead","Good Instincts"],"relics":["Cracked Core","Omamori","Happy Flower","Juzu Bracelet","Whetstone","Symbiotic Virus","Runic Dome","Meat on the Bone","Lantern","Unceasing Top","PreservedInsect","Busted Crown","Red Mask","Turnip","Dodecahedron"],"potions_floor_usage":[14,20,29,33,50,50],"damage_taken":[{"damage":0,"enemies":"2 Louse","floor":1,"turns":2},{"damage":7,"enemies":"Jaw Worm","floor":5,"turns":3},{"damage":8,"enemies":"Small Slimes","floor":7,"turns":3},{"damage":40,"enemies":"3 Sentries","floor":10,"turns":6},{"damage":10,"enemies":"Gremlin Nob","floor":14,"turns":3},{"damage":26,"enemies":"The Guardian","floor":16,"turns":12},{"damage":22,"enemies":"2 Thieves","floor":18,"turns":3},{"damage":10,"enemies":"3 Byrds","floor":19,"turns":5},{"damage":5,"enemies":"Colosseum Slavers","floor":20,"turns":4},{"damage":28,"enemies":"Shelled Parasite and Fungi","floor":28,"turns":3},{"damage":12,"enemies":"Book of Stabbing","floor":29,"turns":4},{"damage":0,"enemies":"Sentry and Sphere","floor":31,"turns":4},{"damage":42,"enemies":"Collector","floor":33,"turns":8},{"damage":11,"enemies":"Orb Walker","floor":35,"turns":2},{"damage":18,"enemies":"3 Darklings","floor":39,"turns":5},{"damage":18,"enemies":"Writhing Mass","floor":46,"turns":3},{"damage":7,"enemies":"Giant Head","floor":47,"turns":5},{"damage":30,"enemies":"Awakened One","floor":50,"turns":17}],"seed_played":"-4204488052502308106","potions_obtained":[{"floor":5,"key":"Poison Potion"},{"floor":16,"key":"FearPotion"},{"floor":19,"key":"Block Potion"},{"floor":39,"key":"SpeedPotion"},{"floor":47,"key":"SkillPotion"}],"is_trial":false,"path_per_floor":["M","$","?","?","M","R","M","R","T","E","?","?","R","E","R","B",null,"M","M","?","$","?","R","?","$","T","R","M","E","R","M","R","B",null,"M","?","?","?","M","R","$","R","T","?","R","M","E","?","R","B",null],"character_chosen":"DEFECT","items_purchased":["Omamori","Meat on the Bone","PowerPotion","Loop","Consume"],"campfire_rested":6,"item_purchase_floors":[2,21,21,21,25],"current_hp_per_floor":[68,68,68,68,61,61,53,53,53,13,2,2,24,14,36,10,59,37,27,22,22,22,44,44,44,44,44,28,28,28,40,62,32,64,53,53,53,53,47,47,47,47,47,38,60,42,47,37,59,41],"gold":64,"neow_bonus":"HUNDRED_GOLD","is_prod":false,"is_daily":false,"chose_seed":false,"campfire_upgraded":6,"win_rate":0,"timestamp":1550307455,"path_taken":["M","$","?","?","M","R","M","R","T","E","?","?","R","E","R","BOSS","M","M","?","$","?","R","?","$","T","R","M","E","R","M","R","BOSS","M","?","?","?","M","R","$","R","T","?","R","M","E","?","R","BOSS"],"build_version":"2019-01-23","purchased_purges":1,"victory":true,"max_hp_per_floor":[75,75,75,75,75,75,75,75,75,75,75,75,75,75,75,75,75,75,75,75,75,75,75,75,75,75,75,75,75,75,75,75,75,75,75,75,75,75,75,75,75,75,75,75,75,75,75,75,75,75],"card_choices":[{"not_picked":["Compile Driver","Storm"],"picked":"Ball Lightning","floor":1},{"not_picked":["Aggregate","Leap"],"picked":"Beam Cell","floor":5},{"not_picked":["Beam Cell","Auto Shields","Heatsinks"],"picked":"SKIP","floor":7},{"not_picked":["Force Field","Steam"],"picked":"FTL","floor":10},{"not_picked":["Beam Cell","Storm"],"picked":"Conserve Battery","floor":14},{"not_picked":["Meteor Strike","Buffer"],"picked":"Reboot","floor":16},{"not_picked":["Sunder","Turbo"],"picked":"Coolheaded","floor":18},{"not_picked":["Steam","Recycle"],"picked":"Gash","floor":19},{"not_picked":["Rebound","Beam Cell"],"picked":"Double Energy+1","floor":28},{"not_picked":["Barrage","Sweeping Beam","Turbo"],"picked":"SKIP","floor":29},{"not_picked":["Barrage","Sweeping Beam","Turbo"],"picked":"SKIP","floor":29},{"not_picked":["Storm","Beam Cell"],"picked":"Gash","floor":31},{"not_picked":["Reboot","Buffer"],"picked":"Core Surge","floor":33},{"not_picked":[],"picked":"Hologram+1","floor":35},{"not_picked":["Undo"],"picked":"SKIP","floor":39},{"not_picked":[],"picked":"Conserve Battery","floor":46},{"not_picked":["Undo+1"],"picked":"SKIP","floor":47},{"not_picked":[],"picked":"Thinking Ahead","floor":48},{"not_picked":[],"picked":"Good Instincts","floor":48}],"player_experience":87822,"relics_obtained":[{"floor":9,"key":"Juzu Bracelet"},{"floor":10,"key":"Whetstone"},{"floor":14,"key":"Symbiotic Virus"},{"floor":26,"key":"Unceasing Top"},{"floor":29,"key":"PreservedInsect"},{"floor":43,"key":"Turnip"},{"floor":47,"key":"Dodecahedron"}],"event_choices":[{"damage_healed":0,"gold_gain":0,"player_choice":"Box","damage_taken":0,"relics_obtained":["Happy Flower"],"max_hp_gain":0,"max_hp_loss":0,"event_name":"Big Fish","floor":3,"gold_loss":0,"cards_obtained":["Regret"]},{"damage_healed":0,"gold_gain":175,"player_choice":"AGREE","damage_taken":0,"max_hp_gain":0,"max_hp_loss":0,"event_name":"Liars Game","floor":4,"gold_loss":0,"cards_obtained":["Doubt"]},{"damage_healed":0,"gold_gain":75,"player_choice":"Gather Gold","damage_taken":11,"max_hp_gain":0,"max_hp_loss":0,"event_name":"World of Goop","floor":11,"gold_loss":0},{"cards_removed":["Strike_B"],"damage_healed":0,"gold_gain":0,"player_choice":"Forget","damage_taken":0,"max_hp_gain":0,"max_hp_loss":0,"event_name":"Living Wall","floor":12,"gold_loss":0},{"damage_healed":0,"gold_gain":0,"player_choice":"Fight","damage_taken":0,"max_hp_gain":0,"max_hp_loss":0,"event_name":"Colosseum","floor":20,"gold_loss":0},{"damage_healed":0,"gold_gain":0,"player_choice":"Fled From Nobs","damage_taken":0,"max_hp_gain":0,"max_hp_loss":0,"event_name":"Colosseum","floor":20,"gold_loss":0},{"damage_healed":0,"gold_gain":0,"player_choice":"Upgraded","damage_taken":0,"max_hp_gain":0,"max_hp_loss":0,"event_name":"Upgrade Shrine","floor":22,"gold_loss":0,"cards_upgraded":["Loop"]},{"damage_healed":0,"gold_gain":0,"player_choice":"Opened","damage_taken":0,"relics_obtained":["Lantern"],"max_hp_gain":0,"max_hp_loss":0,"event_name":"The Mausoleum","floor":24,"gold_loss":0},{"damage_healed":0,"gold_gain":0,"player_choice":"Paid","damage_taken":0,"relics_obtained":["Red Mask"],"max_hp_gain":0,"max_hp_loss":0,"event_name":"Tomb of Lord Red Mask","floor":36,"gold_loss":165},{"cards_removed":["Defend_B"],"damage_healed":0,"gold_gain":0,"player_choice":"Removed Skill","damage_taken":0,"max_hp_gain":0,"max_hp_loss":0,"event_name":"Falling","floor":37,"gold_loss":0},{"damage_healed":0,"gold_gain":0,"player_choice":"Ignored","damage_taken":0,"max_hp_gain":0,"max_hp_loss":0,"event_name":"Mysterious Sphere","floor":38,"gold_loss":0},{"damage_healed":0,"gold_gain":0,"player_choice":"Embrace Madness","damage_taken":9,"max_hp_gain":0,"max_hp_loss":0,"event_name":"Winding Halls","floor":44,"gold_loss":0,"cards_obtained":["Madness","Madness"]},{"damage_healed":0,"gold_gain":0,"player_choice":"Memory 3","damage_taken":10,"max_hp_gain":0,"max_hp_loss":0,"event_name":"SensoryStone","floor":48,"gold_loss":0}],"is_beta":false,"boss_relics":[{"not_picked":["Calling Bell","Nuclear Battery"],"picked":"Runic Dome"},{"not_picked":["Snecko Eye","Cursed Key"],"picked":"Busted Crown"}],"items_purged_floors":[21],"is_endless":false,"potions_floor_spawned":[5,16,19,28,39,47],"ascension_level":13}