{"gold_per_floor":[117,62,62,62,79,112,112,112,136,155,182,195,213,228,228,327,327,346,356,367,367,24,55,55,68,95,111,111,111],"floor_reached":29,"playtime":1271,"items_purged":["Normality"],"score":307,"play_id":"45653efb-4568-4563-94f5-2b77c1ece276","local_time":"20190303150840","is_ascension_mode":false,"campfire_choices":[{"data":"Zap","floor":7,"key":"SMITH"},{"data":"Dualcast","floor":15,"key":"SMITH"},{"floor":28,"key":"REST"}],"neow_cost":"NONE","seed_source_timestamp":0,"circlet_count":0,"master_deck":["Strike_B","Strike_B","Strike_B","Defend_B","Defend_B","Defend_B","Defend_B","Zap+1","Dualcast+1","Coolheaded","Iron Wave","Go for the Eyes","Doom and Gloom","Cold Snap","Reboot","Gash","Glacier","Steam Power","Creative AI","Regret","Normality","White Noise+1","Chaos","Tempest+1","Gash","Glacier","Streamline"],"special_seed":0,"relics":["Cracked Core","NeowsBlessing","Pen Nib","Darkstone Periapt","PreservedInsect","Symbiotic Virus","Calling Bell","Regal Pillow","Sundial","Shovel","Potion Belt","Nunchaku","Juzu Bracelet"],"potions_floor_usage":[23,27,27,27,27],"damage_taken":[{"damage":0,"enemies":"Small Slimes","floor":1,"turns":1},{"damage":0,"enemies":"Cultist","floor":5,"turns":1},{"damage":0,"enemies":"Gremlin Nob","floor":6,"turns":1},{"damage":0,"enemies":"Jaw Worm","floor":10,"turns":3},{"damage":7,"enemies":"Lagavulin","floor":11,"turns":5},{"damage":3,"enemies":"Exordium Thugs","floor":12,"turns":2},{"damage":3,"enemies":"3 Louse","floor":13,"turns":2},{"damage":6,"enemies":"Large Slime","floor":14,"turns":3},{"damage":31,"enemies":"Slime Boss","floor":16,"turns":6},{"damage":8,"enemies":"Shell Parasite","floor":18,"turns":5},{"damage":14,"enemies":"Chosen","floor":19,"turns":7},{"damage":29,"enemies":"Snecko","floor":20,"turns":6},{"damage":10,"enemies":"Gremlin Leader","floor":23,"turns":6},{"damage":30,"enemies":"Cultist and Chosen","floor":25,"turns":7},{"damage":1,"enemies":"Snake Plant","floor":27,"turns":4},{"damage":0,"enemies":"Masked Bandits","floor":29,"turns":1}],"seed_played":"5068127741405708562","potions_obtained":[{"floor":8,"key":"Dexterity Potion"},{"floor":8,"key":"FearPotion"},{"floor":8,"key":"GamblersBrew"},{"floor":23,"key":"Dexterity Potion"},{"floor":25,"key":"Energy Potion"},{"floor":27,"key":"Ancient Potion"}],"is_trial":false,"path_per_floor":["M","?","$","?","M","E","R","?","T","M","E","M","M","M","R","B",null,"M","M","M","?","$","E","?","M","T","M","R","?"],"character_chosen":"DEFECT","items_purchased":["Potion Belt","Glacier","Explosive Potion"],"campfire_rested":1,"item_purchase_floors":[22,22,22],"current_hp_per_floor":[75,75,75,75,75,75,75,75,75,75,68,65,62,56,56,25,93,85,71,42,42,42,32,32,2,2,1,43,43],"gold":111,"neow_bonus":"THREE_ENEMY_KILL","is_prod":false,"is_daily":false,"chose_seed":false,"campfire_upgraded":2,"win_rate":0,"timestamp":1551593320,"path_taken":["M","?","?","?","?","E","R","?","T","M","E","M","M","M","R","BOSS","M","M","M","?","$","E","?","M","T","M","R","?"],"build_version":"2019-01-23","purchased_purges":1,"victory":false,"max_hp_per_floor":[75,75,75,75,75,75,75,75,75,75,75,75,75,75,75,75,93,93,93,93,93,93,93,93,93,93,93,93,93],"card_choices":[{"not_picked":["Leap","Blizzard"],"picked":"Coolheaded","floor":1},{"not_picked":["Turbo","Stack"],"picked":"Go for the Eyes","floor":5},{"not_picked":["Rebound","Heatsinks"],"picked":"Doom and Gloom","floor":6},{"not_picked":["Self Repair","Undo"],"picked":"Cold Snap","floor":10},{"not_picked":["Sunder","Sweeping Beam"],"picked":"Reboot","floor":11},{"not_picked":["Recycle","FTL"],"picked":"Gash","floor":12},{"not_picked":["Gash","Tempest"],"picked":"Glacier","floor":13},{"not_picked":["Steam Power","Barrage","Leap"],"picked":"SKIP","floor":14},{"not_picked":["Barrage","Leap"],"picked":"Steam Power","floor":14},{"not_picked":["Seek","Thunder Strike"],"picked":"Creative AI","floor":16},{"not_picked":["Reinforced Body+1","Melter"],"picked":"White Noise+1","floor":18},{"not_picked":["Skim","Storm"],"picked":"Chaos","floor":19},{"not_picked":["Steam Power","Lockon+1"],"picked":"Tempest+1","floor":20},{"not_picked":["Leap","Ball Lightning"],"picked":"Streamline","floor":25},{"not_picked":["Ball Lightning","Conserve Battery","Aggregate"],"picked":"SKIP","floor":27}],"player_experience":1967145,"relics_obtained":[{"floor":6,"key":"Darkstone Periapt"},{"floor":9,"key":"PreservedInsect"},{"floor":11,"key":"Symbiotic Virus"},{"floor":17,"key":"Regal Pillow"},{"floor":17,"key":"Sundial"},{"floor":17,"key":"Shovel"},{"floor":23,"key":"Nunchaku"},{"floor":26,"key":"Juzu Bracelet"}],"event_choices":[{"damage_healed":0,"gold_gain":0,"player_choice":"Paid Gold","damage_taken":0,"relics_obtained":["Pen Nib"],"max_hp_gain":0,"max_hp_loss":0,"event_name":"WeMeetAgain","floor":2,"gold_loss":55},{"cards_removed":["Strike_B"],"damage_healed":0,"gold_gain":0,"player_choice":"Took Card","damage_taken":0,"max_hp_gain":0,"max_hp_loss":0,"event_name":"NoteForYourself","floor":4,"gold_loss":0,"cards_obtained":["Iron Wave"]},{"damage_healed":0,"gold_gain":0,"player_choice":"Got Potions","damage_taken":0,"max_hp_gain":0,"max_hp_loss":0,"event_name":"Lab","floor":8,"gold_loss":0},{"damage_healed":0,"gold_gain":0,"player_choice":"Read","damage_taken":0,"max_hp_gain":0,"max_hp_loss":0,"event_name":"The Library","floor":21,"gold_loss":0,"cards_obtained":["Gash"]},{"damage_healed":0,"gold_gain":0,"player_choice":"Ignored","damage_taken":0,"max_hp_gain":0,"max_hp_loss":0,"event_name":"Vampires","floor":24,"gold_loss":0},{"damage_healed":0,"gold_gain":0,"player_choice":"Fought Bandits","damage_taken":0,"max_hp_gain":0,"max_hp_loss":0,"event_name":"Masked Bandits","floor":29,"gold_loss":0}],"is_beta":false,"boss_relics":[{"not_picked":["Tiny House","Inserter"],"picked":"Calling Bell"}],"items_purged_floors":[22],"is_endless":false,"potions_floor_spawned":[10,12,13,14,23,25,27],"killed_by":"Masked Bandits","ascension_level":0}