{"path_per_floor":["M","$","M","?","M","E","M","R","T","R","E","R","$","?","R","B",null,"M","?","?","M","M","R"],"character_chosen":"DEFECT","items_purchased":["Capacitor"],"gold_per_floor":[109,109,127,127,143,175,190,190,190,190,225,225,103,103,103,200,200,211,136,226,242,257,257,257],"floor_reached":24,"campfire_rested":0,"playtime":1661,"current_hp_per_floor":[68,68,67,67,66,56,56,56,56,56,48,48,48,48,48,37,66,66,66,50,33,22,22,0],"items_purged":["Strike_B"],"gold":257,"score":275,"play_id":"a78961fa-415f-49c5-8180-404997a842fb","local_time":"20180516001554","is_prod":false,"is_daily":false,"chose_seed":false,"is_ascension_mode":true,"campfire_upgraded":5,"timestamp":1526400954,"path_taken":["M","?","?","?","?","E","M","R","T","R","E","R","?","?","R","BOSS","M","?","?","?","M","R","E"],"build_version":"2018-05-14v2","seed_source_timestamp":373246438161111,"purchased_purges":1,"victory":false,"master_deck":["Zap+1","Dualcast+1","Multi-Cast","Redo+1","Hologram+1","Defragment+1","Glacier","BootSequence","Loop","Capacitor+1","Fusion+1","Rebound","Glacier","Hologram","Cold Snap","Go for the Eyes","Go for the Eyes","Consume","Ball Lightning+1"],"max_hp_per_floor":[75,75,75,75,75,75,75,75,75,75,75,75,75,75,75,75,75,75,75,75,75,75,75,75],"relics":["Cracked Core","War Paint","Omamori","Centennial Puzzle","Pandora\u0027s Box"],"card_choices":[{"not_picked":["Sunder","Steam","Stack"],"picked":"SKIP","floor":1},{"not_picked":["Sweeping Beam","Beam Cell"],"picked":"Redo","floor":3},{"not_picked":["Go for the Eyes","Scrape"],"picked":"Glacier","floor":5},{"not_picked":["Rip and Tear","Force Field"],"picked":"BootSequence","floor":6},{"not_picked":["Streamline","Coolheaded","Ball Lightning"],"picked":"SKIP","floor":7},{"not_picked":["FTL","Go for the Eyes"],"picked":"Loop","floor":11},{"not_picked":["Nova","Seek"],"picked":"Fusion","floor":16},{"not_picked":["Self Repair","Turbo"],"picked":"Consume","floor":18},{"not_picked":["Hologram","Turbo"],"picked":"Ball Lightning+1","floor":21},{"not_picked":["Steam","Leap+1","Glacier"],"picked":"SKIP","floor":22}],"player_experience":384362,"potions_floor_usage":[6,6,6],"damage_taken":[{"damage":0,"enemies":"Cultist","floor":1,"turns":4},{"damage":1,"enemies":"Jaw Worm","floor":3,"turns":4},{"damage":1,"enemies":"2 Louse","floor":5,"turns":3},{"damage":10,"enemies":"Gremlin Nob","floor":6,"turns":3},{"damage":0,"enemies":"Looter","floor":7,"turns":2},{"damage":8,"enemies":"Lagavulin","floor":11,"turns":8},{"damage":11,"enemies":"The Guardian","floor":16,"turns":11},{"damage":0,"enemies":"Spheric Guardian","floor":18,"turns":7},{"damage":17,"enemies":"3 Byrds","floor":21,"turns":8},{"damage":11,"enemies":"Slaver and Parasite","floor":22,"turns":7},{"damage":24,"enemies":"Slavers","floor":24,"turns":1}],"relics_obtained":[{"floor":6,"key":"War Paint"},{"floor":9,"key":"Omamori"},{"floor":11,"key":"Centennial Puzzle"}],"event_choices":[{"event_name":"Match and Keep!","player_choice":"2 cards matched","floor":4,"damage_taken":0},{"event_name":"Liars Game","player_choice":"disagreed","floor":14,"damage_taken":0},{"event_name":"Beggar","player_choice":"Gave Gold","floor":19,"damage_taken":0},{"event_name":"Knowing Skull","player_choice":"GOLD ","floor":20,"damage_taken":0}],"boss_relics":[{"not_picked":["Ectoplasm","Snecko Eye"],"picked":"Pandora\u0027s Box"}],"potions_floor_spawned":[1,3,5,16,21],"seed_played":"-4772117869228083689","killed_by":"Slavers","ascension_level":7,"potions_obtained":[{"floor":1,"key":"Fire Potion"},{"floor":3,"key":"Swift Potion"},{"floor":5,"key":"PowerPotion"},{"floor":16,"key":"FearPotion"},{"floor":21,"key":"GamblersBrew"}],"is_trial":false}