{"gold_per_floor":[369,380,380,26,40,40,40,40,67,67,84,109,123,157,157,261,261,276,276,276,276,289,289,354,354,405,405,415,435,34,51,51,149,149,164,64,64,81,95,95,95],"floor_reached":41,"playtime":2123,"items_purged":["Underhanded Strike","Phantasmal Killer"],"score":572,"play_id":"2fb73a76-1837-42a8-951f-5b793365171a","local_time":"20190426222145","is_ascension_mode":true,"campfire_choices":[{"data":"Caltrops","floor":6,"key":"SMITH"},{"data":"Backflip","floor":8,"key":"SMITH"},{"floor":10,"key":"REST"},{"floor":15,"key":"REST"},{"floor":23,"key":"RECALL"},{"floor":25,"key":"REST"},{"data":"Noxious Fumes","floor":32,"key":"SMITH"},{"floor":40,"key":"REST"}],"neow_cost":"PERCENT_DAMAGE","seed_source_timestamp":188779765848800,"circlet_count":0,"master_deck":["Survivor","Neutralize+1","Backstab","Backflip+1","Caltrops+1","Escape Plan","Infinite Blades","Cloak And Dagger","Escape Plan","Backflip","Corpse Explosion","After Image","Corpse Explosion","Infinite Blades","Noxious Fumes+1","Choke","Endless Agony","Backstab","Blade Dance","Bite","Bite","Bite","Bite","Bite","Footwork+1","Cloak And Dagger","Noxious Fumes","Adrenaline","Infinite Blades+1"],"relics":["Ring of the Snake","Regal Pillow","Bronze Scales","Pandora\u0027s Box","Tiny Chest","Bag of Marbles","Juzu Bracelet","Sundial","Black Star","Happy Flower"],"potions_floor_usage":[12,13,22,31,31,41,41],"damage_taken":[{"damage":0,"enemies":"Cultist","floor":1,"turns":4},{"damage":0,"enemies":"Small Slimes","floor":2,"turns":4},{"damage":0,"enemies":"Jaw Worm","floor":5,"turns":3},{"damage":7,"enemies":"2 Fungi Beasts","floor":11,"turns":4},{"damage":20,"enemies":"Lagavulin","floor":12,"turns":10},{"damage":9,"enemies":"Exordium Thugs","floor":13,"turns":4},{"damage":26,"enemies":"3 Sentries","floor":14,"turns":7},{"damage":16,"enemies":"The Guardian","floor":16,"turns":12},{"damage":4,"enemies":"Spheric Guardian","floor":18,"turns":4},{"damage":23,"enemies":"Shell Parasite","floor":22,"turns":4},{"damage":31,"enemies":"Book of Stabbing","floor":24,"turns":5},{"damage":7,"enemies":"Centurion and Healer","floor":28,"turns":6},{"damage":12,"enemies":"Snecko","floor":29,"turns":4},{"damage":3,"enemies":"Chosen and Byrds","floor":31,"turns":6},{"damage":34,"enemies":"Automaton","floor":33,"turns":10},{"damage":22,"enemies":"Orb Walker","floor":35,"turns":3},{"damage":20,"enemies":"3 Darklings","floor":38,"turns":3},{"damage":24,"enemies":"Jaw Worm Horde","floor":39,"turns":4},{"damage":93,"enemies":"Giant Head","floor":41,"turns":9}],"seed_played":"2425097075067118508","potions_obtained":[{"floor":1,"key":"Block Potion"},{"floor":2,"key":"Energy Potion"},{"floor":14,"key":"Ancient Potion"},{"floor":16,"key":"FearPotion"},{"floor":24,"key":"Dexterity Potion"},{"floor":33,"key":"Regen Potion"},{"floor":38,"key":"SkillPotion"}],"is_trial":false,"path_per_floor":["M","M","?","$","M","R","$","R","T","R","M","E","M","E","R","B",null,"M","?","?","?","M","R","E","R","T","?","M","M","$","M","R","B",null,"M","$","T","M","M","R","E"],"character_chosen":"THE_SILENT","items_purchased":["Backflip","Caltrops","Blood Vial","Escape Plan","Regen Potion","Sundial"],"campfire_rested":4,"item_purchase_floors":[4,4,4,4,30,30],"current_hp_per_floor":[45,45,45,45,47,47,47,47,47,68,63,45,38,14,50,36,62,60,60,60,60,41,41,20,56,56,56,59,49,49,69,69,49,65,47,47,47,31,15,51,0],"gold":95,"neow_bonus":"TWO_FIFTY_GOLD","is_prod":false,"is_daily":false,"chose_seed":false,"campfire_upgraded":3,"win_rate":0,"timestamp":1556331705,"path_taken":["M","M","?","$","M","R","$","R","T","R","M","E","M","E","R","BOSS","M","?","?","?","?","R","E","R","T","?","M","M","$","M","R","BOSS","M","$","?","M","M","R","E"],"build_version":"2019-01-23","purchased_purges":2,"victory":false,"max_hp_per_floor":[70,70,70,70,70,70,70,70,70,70,70,70,70,70,70,70,70,70,70,70,70,70,70,70,70,70,70,70,70,70,70,70,70,70,70,70,70,70,70,70,70],"card_choices":[{"not_picked":["Catalyst","Bane"],"picked":"Backstab","floor":1},{"not_picked":["Masterful Stab","Riddle With Holes","Dagger Spray"],"picked":"SKIP","floor":2},{"not_picked":["Cloak And Dagger","Deadly Poison"],"picked":"Infinite Blades","floor":5},{"not_picked":["Acrobatics","Dodge and Roll"],"picked":"Cloak And Dagger","floor":11},{"not_picked":["Flechettes","Endless Agony"],"picked":"Escape Plan","floor":12},{"not_picked":["Prepared","Predator","Expertise"],"picked":"SKIP","floor":13},{"not_picked":["Bane","Deflect"],"picked":"Backflip","floor":14},{"not_picked":["A Thousand Cuts","Grand Finale"],"picked":"Corpse Explosion","floor":16},{"not_picked":["Riddle With Holes","Flying Knee","Slice"],"picked":"SKIP","floor":18},{"not_picked":["Predator","Bane","Dagger Spray"],"picked":"SKIP","floor":22},{"not_picked":["Reflex","Deadly Poison","Prepared"],"picked":"SKIP","floor":24},{"not_picked":["Dagger Throw+1","Poisoned Stab"],"picked":"Cloak And Dagger","floor":28},{"not_picked":["Quick Slash","Poisoned Stab","Underhanded Strike"],"picked":"SKIP","floor":29},{"not_picked":["Phantasmal Killer","Crippling Poison+1"],"picked":"Noxious Fumes","floor":31},{"not_picked":["Wraith Form v2","Corpse Explosion"],"picked":"Adrenaline","floor":33},{"not_picked":["Acrobatics","Dodge and Roll"],"picked":"Infinite Blades+1","floor":35},{"not_picked":["Poisoned Stab+1","Dagger Spray+1","Flying Knee+1"],"picked":"SKIP","floor":38},{"not_picked":["Blade Dance+1","Dagger Spray","Tactician"],"picked":"SKIP","floor":39}],"player_experience":183422,"relics_obtained":[{"floor":12,"key":"Regal Pillow"},{"floor":14,"key":"Bronze Scales"},{"floor":24,"key":"Tiny Chest"},{"floor":26,"key":"Bag of Marbles"},{"floor":37,"key":"Happy Flower"}],"event_choices":[{"damage_healed":0,"gold_gain":0,"player_choice":"Grow","damage_taken":0,"max_hp_gain":0,"max_hp_loss":0,"event_name":"Living Wall","floor":3,"gold_loss":0,"cards_upgraded":["Neutralize"]},{"damage_healed":0,"gold_gain":0,"player_choice":"Became a vampire (Vial)","damage_taken":0,"max_hp_gain":0,"max_hp_loss":0,"event_name":"Vampires","floor":19,"relics_lost":["Blood Vial"],"gold_loss":0,"cards_obtained":["Bite","Bite","Bite","Bite","Bite"]},{"damage_healed":0,"gold_gain":0,"player_choice":"Read","damage_taken":0,"max_hp_gain":0,"max_hp_loss":0,"event_name":"The Library","floor":20,"gold_loss":0,"cards_obtained":["Footwork"]},{"damage_healed":0,"gold_gain":0,"player_choice":"Forge","damage_taken":0,"max_hp_gain":0,"max_hp_loss":0,"event_name":"Accursed Blacksmith","floor":21,"gold_loss":0,"cards_upgraded":["Footwork"]},{"damage_healed":0,"gold_gain":0,"player_choice":"Gave Potion","damage_taken":0,"relics_obtained":["Juzu Bracelet"],"max_hp_gain":0,"max_hp_loss":0,"event_name":"WeMeetAgain","floor":27,"gold_loss":0}],"is_beta":false,"boss_relics":[{"not_picked":["Runic Dome","Ring of the Serpent"],"picked":"Pandora\u0027s Box"},{"not_picked":["White Beast Statue","Empty Cage"],"picked":"Black Star"}],"items_purged_floors":[30,36],"is_endless":false,"potions_floor_spawned":[1,2,14,16,24,33,38],"killed_by":"Giant Head","ascension_level":6}