{"gold_per_floor":[114,129,12,12,12,76,76,76,76,110,10,25,60,135,135,135],"floor_reached":16,"playtime":371,"items_purged":["Strike_R","Strike_R"],"score":282,"play_id":"a2124907-1847-4768-8edc-e4ff67ff40be","local_time":"20190326200802","is_ascension_mode":true,"campfire_choices":[{"data":"Rampage","floor":8,"key":"SMITH"},{"floor":15,"key":"REST"}],"neow_cost":"NONE","seed_source_timestamp":177103755081800,"circlet_count":0,"master_deck":["AscendersBane","Strike_R","Strike_R","Strike_R+1","Defend_R","Defend_R","Defend_R+1","Defend_R","Bash","Shrug It Off","Rampage+1","Shrug It Off","Metallicize","Entrench","Burning Pact","Demon Form"],"relics":["Burning Blood","NeowsBlessing","Tiny Chest","Pear","Prayer Wheel","Bag of Marbles"],"potions_floor_usage":[16],"damage_taken":[{"damage":0,"enemies":"Small Slimes","floor":1,"turns":2},{"damage":0,"enemies":"2 Louse","floor":2,"turns":1},{"damage":0,"enemies":"3 Sentries","floor":6,"turns":2},{"damage":32,"enemies":"Gremlin Nob","floor":10,"turns":4},{"damage":0,"enemies":"Jaw Worm","floor":12,"turns":5},{"damage":33,"enemies":"3 Sentries","floor":13,"turns":17},{"damage":33,"enemies":"The Guardian","floor":16,"turns":6}],"seed_played":"7808211781998668","potions_obtained":[{"floor":1,"key":"Energy Potion"}],"is_trial":false,"path_per_floor":["M","M","$","?","?","E","T","R","T","E","$","M","E","?","R","B"],"character_chosen":"IRONCLAD","items_purchased":["Rampage"],"campfire_rested":1,"item_purchase_floors":[3],"current_hp_per_floor":[74,75,75,75,52,58,58,58,68,42,42,48,21,10,35,2],"gold":135,"neow_bonus":"THREE_ENEMY_KILL","is_prod":false,"is_daily":false,"chose_seed":false,"campfire_upgraded":1,"win_rate":0,"timestamp":1553598482,"path_taken":["M","M","$","?","?","E","?","R","T","E","$","?","E","?","R","BOSS"],"build_version":"2019-01-23","purchased_purges":2,"victory":false,"max_hp_per_floor":[75,75,75,75,75,75,75,75,85,85,85,85,85,85,85,85],"card_choices":[{"not_picked":["Power Through","Dropkick"],"picked":"Shrug It Off","floor":1},{"not_picked":["Armaments","Flex","Reckless Charge"],"picked":"SKIP","floor":2},{"not_picked":["Armaments","Flex","Reckless Charge"],"picked":"SKIP","floor":2},{"not_picked":["Clash","Cleave"],"picked":"Shrug It Off","floor":6},{"not_picked":["Berserk","Twin Strike"],"picked":"Metallicize","floor":10},{"not_picked":["Sentinel","Cleave"],"picked":"Entrench","floor":12},{"not_picked":["Twin Strike","Burning Pact","Wild Strike"],"picked":"SKIP","floor":12},{"not_picked":["Twin Strike","Wild Strike"],"picked":"Burning Pact","floor":12},{"not_picked":["Shrug It Off","Second Wind"],"picked":"Demon Form","floor":13}],"player_experience":2612110,"relics_obtained":[{"floor":6,"key":"Tiny Chest"},{"floor":9,"key":"Pear"},{"floor":10,"key":"Prayer Wheel"},{"floor":13,"key":"Bag of Marbles"}],"event_choices":[{"damage_healed":0,"gold_gain":0,"player_choice":"Leave","damage_taken":0,"max_hp_gain":0,"max_hp_loss":0,"event_name":"The Cleric","floor":4,"gold_loss":0},{"damage_healed":0,"gold_gain":0,"player_choice":"Entered Light","damage_taken":23,"max_hp_gain":0,"max_hp_loss":0,"event_name":"Shining Light","floor":5,"gold_loss":0,"cards_upgraded":["Strike_R","Defend_R"]},{"damage_healed":0,"gold_gain":75,"player_choice":"Gather Gold","damage_taken":11,"max_hp_gain":0,"max_hp_loss":0,"event_name":"World of Goop","floor":14,"gold_loss":0}],"is_beta":false,"boss_relics":[],"items_purged_floors":[3,11],"is_endless":false,"potions_floor_spawned":[1],"killed_by":"The Guardian","ascension_level":20}