{"gold_per_floor":[117,23,23,43,43,43,43,78,126,126,156,156,184,199,199,271,271,289,300,300,300,316,316,343,343,368,368,368,26,37,37,37,114,114,126,126,26,45,45,80,92,92,118,118],"floor_reached":44,"playtime":1451,"items_purged":["Rampage+1","Bite"],"score":1040,"play_id":"c39c61c8-5498-4778-b277-661724f57a3a","local_time":"20190228180705","is_ascension_mode":true,"campfire_choices":[{"data":"Fiend Fire","floor":6,"key":"SMITH"},{"data":"Discovery","floor":10,"key":"SMITH"},{"data":"Rampage","floor":12,"key":"SMITH"},{"data":"Whirlwind","floor":15,"key":"SMITH"},{"data":"Offering","floor":23,"key":"SMITH"},{"data":"Demon Form","floor":25,"key":"SMITH"},{"data":"Shrug It Off","floor":28,"key":"SMITH"},{"data":"Limit Break","floor":32,"key":"SMITH"},{"floor":42,"key":"RECALL"}],"neow_cost":"NONE","seed_source_timestamp":206106688406000,"circlet_count":0,"master_deck":["AscendersBane","Defend_R","Defend_R","Defend_R","Bash","Fiend Fire+1","Shrug It Off","Discovery+1","Whirlwind+1","Demon Form+1","Offering+1","Bite","Bite","Shrug It Off+1","Limit Break+1","Second Wind","Reaper","Flame Barrier+1","True Grit","Offering"],"relics":["Burning Blood","Vajra","Incense Burner","Lantern","Strawberry","Regal Pillow","Sozu","Nloth\u0027s Gift","Coffee Dripper","Gambling Chip","Bag of Preparation"],"potions_floor_usage":[14,16,24],"damage_taken":[{"damage":6,"enemies":"2 Louse","floor":1,"turns":3},{"damage":2,"enemies":"Jaw Worm","floor":4,"turns":3},{"damage":27,"enemies":"Lagavulin","floor":8,"turns":6},{"damage":0,"enemies":"Gremlin Nob","floor":11,"turns":2},{"damage":18,"enemies":"Lagavulin","floor":13,"turns":7},{"damage":0,"enemies":"Small Slimes","floor":14,"turns":1},{"damage":22,"enemies":"The Guardian","floor":16,"turns":9},{"damage":6,"enemies":"Chosen","floor":18,"turns":2},{"damage":27,"enemies":"Shell Parasite","floor":19,"turns":4},{"damage":6,"enemies":"Snecko","floor":22,"turns":3},{"damage":30,"enemies":"Book of Stabbing","floor":24,"turns":4},{"damage":6,"enemies":"Shelled Parasite and Fungi","floor":30,"turns":2},{"damage":27,"enemies":"Champ","floor":33,"turns":7},{"damage":13,"enemies":"3 Shapes","floor":35,"turns":2},{"damage":13,"enemies":"3 Darklings","floor":38,"turns":4},{"damage":52,"enemies":"Reptomancer","floor":40,"turns":5},{"damage":12,"enemies":"Jaw Worm Horde","floor":41,"turns":1},{"damage":12,"enemies":"Writhing Mass","floor":44,"turns":2}],"seed_played":"2071063779143010764","potions_obtained":[{"floor":8,"key":"AttackPotion"},{"floor":14,"key":"Explosive Potion"},{"floor":16,"key":"Block Potion"}],"is_trial":false,"path_per_floor":["M","$","?","M","?","R","$","E","T","R","E","R","E","M","R","B",null,"M","M","?","?","M","R","E","R","T","?","R","$","M","?","R","B",null,"M","?","$","M","?","E","M","R","T","M"],"character_chosen":"IRONCLAD","items_purchased":["Discovery","Limit Break","Second Wind"],"campfire_rested":0,"item_purchase_floors":[2,29,29],"current_hp_per_floor":[68,68,68,72,72,72,72,51,51,51,64,64,52,58,58,42,72,72,51,51,51,57,57,43,43,43,43,43,43,47,47,47,34,51,46,46,46,57,57,13,7,7,7,0],"gold":118,"neow_bonus":"ONE_RANDOM_RARE_CARD","is_prod":false,"is_daily":false,"chose_seed":false,"campfire_upgraded":8,"win_rate":0,"timestamp":1551344825,"path_taken":["M","$","?","M","?","R","?","E","T","R","E","R","E","M","R","BOSS","M","M","?","?","?","R","E","R","T","?","R","$","?","?","R","BOSS","M","?","$","M","?","E","M","R","T","?"],"build_version":"2019-01-23","purchased_purges":2,"victory":false,"max_hp_per_floor":[75,75,75,75,75,75,75,75,75,75,82,82,82,82,82,82,82,82,82,57,57,57,57,57,57,57,57,57,57,57,57,57,57,57,57,57,57,57,57,57,57,57,57,57],"card_choices":[{"not_picked":["Cleave","Reckless Charge"],"picked":"Shrug It Off","floor":1},{"not_picked":["Twin Strike","Thunderclap"],"picked":"Rampage","floor":4},{"not_picked":["Intimidate","Pommel Strike","Heavy Blade"],"picked":"SKIP","floor":8},{"not_picked":["Fire Breathing","Twin Strike","Shrug It Off"],"picked":"SKIP","floor":11},{"not_picked":["Fire Breathing","Twin Strike","Shrug It Off"],"picked":"SKIP","floor":11},{"not_picked":["Infernal Blade","True Grit"],"picked":"Whirlwind","floor":13},{"not_picked":["Shrug It Off","Armaments"],"picked":"Demon Form","floor":14},{"not_picked":["Reaper","Exhume"],"picked":"Offering","floor":16},{"not_picked":["Twin Strike","Rupture","Havoc"],"picked":"SKIP","floor":18},{"not_picked":["Anger","Twin Strike","Clash"],"picked":"SKIP","floor":19},{"not_picked":["Perfected Strike","Thunderclap","Clothesline"],"picked":"SKIP","floor":22},{"not_picked":["Clash","Anger","Uppercut"],"picked":"SKIP","floor":24},{"not_picked":["Twin Strike","Corruption","Havoc"],"picked":"SKIP","floor":30},{"not_picked":["Berserk","Bludgeon"],"picked":"Reaper","floor":33},{"not_picked":["Rampage","Flex"],"picked":"Flame Barrier+1","floor":35},{"not_picked":["Thunderclap","Wild Strike+1"],"picked":"True Grit","floor":38},{"not_picked":["Warcry+1","Berserk"],"picked":"Offering","floor":40},{"not_picked":["Warcry","Fire Breathing+1","Infernal Blade"],"picked":"SKIP","floor":41}],"player_experience":1894112,"relics_obtained":[{"floor":8,"key":"Incense Burner"},{"floor":9,"key":"Lantern"},{"floor":11,"key":"Strawberry"},{"floor":13,"key":"Regal Pillow"},{"floor":24,"key":"Molten Egg 2"},{"floor":40,"key":"Gambling Chip"},{"floor":43,"key":"Bag of Preparation"}],"event_choices":[{"damage_healed":0,"gold_gain":0,"player_choice":"Box","damage_taken":0,"relics_obtained":["Vajra"],"max_hp_gain":0,"max_hp_loss":0,"event_name":"Big Fish","floor":3,"gold_loss":0,"cards_obtained":["Regret"]},{"cards_removed":["Regret"],"damage_healed":0,"gold_gain":0,"player_choice":"Forget","damage_taken":0,"max_hp_gain":0,"max_hp_loss":0,"event_name":"Living Wall","floor":5,"gold_loss":0},{"damage_healed":0,"gold_gain":0,"player_choice":"Became a vampire","damage_taken":0,"max_hp_gain":0,"max_hp_loss":25,"event_name":"Vampires","floor":20,"gold_loss":0,"cards_obtained":["Bite","Bite","Bite","Bite","Bite"]},{"damage_healed":0,"gold_gain":0,"player_choice":"Read","damage_taken":0,"max_hp_gain":0,"max_hp_loss":0,"event_name":"The Library","floor":21,"gold_loss":0,"cards_obtained":["Shrug It Off"]},{"damage_healed":0,"gold_gain":0,"player_choice":"Traded Relic","damage_taken":0,"relics_obtained":["Nloth\u0027s Gift"],"max_hp_gain":0,"max_hp_loss":0,"event_name":"N\u0027loth","floor":27,"relics_lost":["Molten Egg 2"],"gold_loss":0},{"cards_removed":["Bite"],"damage_healed":0,"gold_gain":0,"player_choice":"Elegance","damage_taken":0,"max_hp_gain":0,"max_hp_loss":0,"event_name":"Back to Basics","floor":31,"gold_loss":0},{"cards_removed":["Defend_R"],"damage_healed":0,"gold_gain":0,"player_choice":"Removed Skill","damage_taken":0,"max_hp_gain":0,"max_hp_loss":0,"event_name":"Falling","floor":36,"gold_loss":0},{"cards_removed":["Bite"],"damage_healed":5,"gold_gain":0,"player_choice":"Offered Special","damage_taken":0,"max_hp_gain":0,"max_hp_loss":0,"event_name":"Bonfire Elementals","floor":39,"gold_loss":0}],"is_beta":false,"boss_relics":[{"not_picked":["Lizard Tail","Empty Cage"],"picked":"Sozu"},{"not_picked":["Cursed Key","Velvet Choker"],"picked":"Coffee Dripper"}],"items_purged_floors":[29,37],"is_endless":false,"potions_floor_spawned":[8,14,16,30,33,38,41],"killed_by":"Writhing Mass","ascension_level":20}