{"gold_per_floor":[116,116,116,127,146,146,173,6,6,6,21,21,56,56,56,56],"floor_reached":16,"playtime":275,"items_purged":[],"score":216,"play_id":"57b2c1b5-4a11-46a3-ae88-147159c538e1","local_time":"20190416140304","is_ascension_mode":true,"campfire_choices":[{"data":"Streamline","floor":6,"key":"SMITH"},{"floor":10,"key":"REST"},{"floor":12,"key":"REST"},{"floor":15,"key":"REST"}],"neow_cost":"NONE","seed_source_timestamp":36533707137700,"circlet_count":0,"master_deck":["AscendersBane","Strike_B","Strike_B","Strike_B","Strike_B","Defend_B","Defend_B","Defend_B","Defend_B","Zap","Dualcast","Turbo","Streamline+1","White Noise","Coolheaded"],"relics":["Cracked Core","NeowsBlessing","Dodecahedron","Orichalcum","Potion Belt"],"potions_floor_usage":[3,7,16],"damage_taken":[{"damage":0,"enemies":"Jaw Worm","floor":1,"turns":1},{"damage":0,"enemies":"Cultist","floor":4,"turns":1},{"damage":0,"enemies":"Small Slimes","floor":5,"turns":1},{"damage":44,"enemies":"Lagavulin","floor":7,"turns":8},{"damage":10,"enemies":"Blue Slaver","floor":11,"turns":4},{"damage":46,"enemies":"Gremlin Nob","floor":13,"turns":5},{"damage":30,"enemies":"Slime Boss","floor":16,"turns":5}],"seed_played":"-6708966964428528330","potions_obtained":[{"floor":1,"key":"LiquidBronze"},{"floor":3,"key":"Fruit Juice"},{"floor":3,"key":"SneckoOil"},{"floor":13,"key":"Fire Potion"}],"is_trial":false,"path_per_floor":["M","$","?","M","M","R","E","$","T","R","M","R","E","$","R","B"],"character_chosen":"DEFECT","items_purchased":["Orichalcum"],"campfire_rested":3,"item_purchase_floors":[8],"current_hp_per_floor":[64,64,69,69,69,69,25,25,25,47,37,59,13,13,35,5],"gold":56,"neow_bonus":"THREE_ENEMY_KILL","is_prod":false,"is_daily":false,"chose_seed":false,"campfire_upgraded":1,"win_rate":0,"timestamp":1555390984,"path_taken":["M","$","?","?","M","R","E","$","T","R","M","R","E","$","R","BOSS"],"build_version":"2019-01-23","purchased_purges":0,"victory":false,"max_hp_per_floor":[71,71,76,76,76,76,76,76,76,76,76,76,76,76,76,76],"card_choices":[{"not_picked":["Undo","Beam Cell"],"picked":"Turbo","floor":1},{"not_picked":["Steam Power","Chaos"],"picked":"Streamline","floor":4},{"not_picked":["FTL","Steam","Turbo"],"picked":"SKIP","floor":5},{"not_picked":["Rip and Tear","Steam Power"],"picked":"White Noise","floor":7},{"not_picked":["Skim","Stack","Beam Cell"],"picked":"SKIP","floor":11},{"not_picked":["Compile Driver","Conserve Battery"],"picked":"Coolheaded","floor":13}],"player_experience":3178430,"relics_obtained":[{"floor":7,"key":"Dodecahedron"},{"floor":13,"key":"Potion Belt"}],"event_choices":[{"damage_healed":0,"gold_gain":0,"player_choice":"Got Potions","damage_taken":0,"max_hp_gain":0,"max_hp_loss":0,"event_name":"Lab","floor":3,"gold_loss":0}],"is_beta":false,"boss_relics":[],"items_purged_floors":[],"is_endless":false,"potions_floor_spawned":[1,13],"killed_by":"Slime Boss","ascension_level":20}