{"gold_per_floor":[109,109,109,55,130,130,160,176,176,26,26,26,57,77,77,152,152,166,166],"floor_reached":19,"playtime":961,"items_purged":[],"score":396,"play_id":"ec54deae-5e6e-4f7d-b8a0-e6aaae0009a4","local_time":"20190419131022","is_ascension_mode":true,"campfire_choices":[{"floor":6,"key":"REST"},{"data":"Sunder","floor":12,"key":"SMITH"},{"data":"Discovery","floor":15,"key":"SMITH"}],"neow_cost":"NONE","seed_source_timestamp":291888101025300,"circlet_count":0,"master_deck":["AscendersBane","Strike_B","Strike_B","Strike_B","Defend_B","Defend_B+1","Defend_B","Zap+1","Dualcast","Trip","Compile Driver","Sunder+1","Chill","Discovery+1","Cold Snap","Blizzard","Multi-Cast"],"relics":["Cracked Core","Sundial","War Paint","Cables","Frozen Egg 2","Empty Cage"],"potions_floor_usage":[16,18],"damage_taken":[{"damage":7,"enemies":"Jaw Worm","floor":1,"turns":3},{"damage":31,"enemies":"Lagavulin","floor":7,"turns":8},{"damage":2,"enemies":"Small Slimes","floor":8,"turns":3},{"damage":0,"enemies":"3 Sentries","floor":13,"turns":7},{"damage":0,"enemies":"2 Louse","floor":14,"turns":2},{"damage":16,"enemies":"The Guardian","floor":16,"turns":9},{"damage":26,"enemies":"Chosen","floor":18,"turns":5},{"damage":0,"enemies":"Chosen","floor":19,"turns":1}],"seed_played":"9206094156627836520","potions_obtained":[{"floor":7,"key":"SteroidPotion"},{"floor":16,"key":"SkillPotion"},{"floor":18,"key":"Strength Potion"}],"is_trial":false,"path_per_floor":["M","?","?","$","?","R","E","M","T","$","?","R","E","M","R","B",null,"M","?"],"character_chosen":"DEFECT","items_purchased":["Compile Driver","Discovery","Cold Snap"],"campfire_rested":1,"item_purchase_floors":[4,10,10],"current_hp_per_floor":[57,46,46,46,35,56,25,23,23,23,23,23,23,23,23,7,55,29,29],"gold":166,"neow_bonus":"RANDOM_COLORLESS","is_prod":false,"is_daily":false,"chose_seed":false,"campfire_upgraded":2,"win_rate":0,"timestamp":1555647022,"path_taken":["M","?","?","$","?","R","E","M","T","$","?","R","E","?","R","BOSS","M","?"],"build_version":"2019-01-23","purchased_purges":0,"victory":false,"max_hp_per_floor":[71,71,71,71,71,71,71,71,71,71,71,71,71,71,71,71,71,71,71],"card_choices":[{"not_picked":["Reinforced Body","Redo","Leap"],"picked":"SKIP","floor":1},{"not_picked":["Turbo","Ball Lightning"],"picked":"Sunder","floor":7},{"not_picked":["Skim","Undo"],"picked":"Chill","floor":8},{"not_picked":["Sweeping Beam","Leap","BootSequence"],"picked":"SKIP","floor":13},{"not_picked":["Sweeping Beam","Leap","BootSequence"],"picked":"SKIP","floor":13},{"not_picked":["BootSequence","Rebound"],"picked":"Blizzard","floor":14},{"not_picked":["Hyperbeam","Machine Learning+1"],"picked":"Multi-Cast","floor":16},{"not_picked":["Go for the Eyes+1","Sweeping Beam+1","Gash"],"picked":"SKIP","floor":18}],"player_experience":3222813,"relics_obtained":[{"floor":7,"key":"War Paint"},{"floor":9,"key":"Cables"},{"floor":13,"key":"Frozen Egg 2"}],"event_choices":[{"damage_healed":0,"gold_gain":0,"player_choice":"Success","damage_taken":11,"relics_obtained":["Sundial"],"max_hp_gain":0,"max_hp_loss":0,"event_name":"Scrap Ooze","floor":2,"gold_loss":0},{"damage_healed":0,"gold_gain":0,"player_choice":"Ignored","damage_taken":0,"max_hp_gain":0,"max_hp_loss":0,"event_name":"Shining Light","floor":3,"gold_loss":0},{"damage_healed":0,"gold_gain":75,"player_choice":"Gather Gold","damage_taken":11,"max_hp_gain":0,"max_hp_loss":0,"event_name":"World of Goop","floor":5,"gold_loss":0},{"damage_healed":0,"gold_gain":0,"player_choice":"Ignored","damage_taken":0,"max_hp_gain":0,"max_hp_loss":0,"event_name":"Liars Game","floor":11,"gold_loss":0}],"is_beta":false,"boss_relics":[{"not_picked":["Lizard Tail","Fusion Hammer"],"picked":"Empty Cage"}],"items_purged_floors":[],"is_endless":false,"potions_floor_spawned":[7,16,18],"killed_by":"Chosen","ascension_level":20}