{"gold_per_floor":[212,31,41,56,16,16,46,57,83,33,33,33,67,80,80,185,185,185,25,25,25,25,25,25,25,25,25,25,25,25,25,25,25],"floor_reached":33,"playtime":858,"items_purged":["Strike_R"],"score":413,"play_id":"643736a9-a6d2-4fb4-938c-63c0f06946a8","local_time":"20190203143343","is_ascension_mode":true,"campfire_choices":[{"data":"Carnage","floor":6,"key":"SMITH"},{"floor":15,"key":"REST"},{"data":"Whirlwind","floor":24,"key":"SMITH"},{"data":"Barricade","floor":27,"key":"SMITH"},{"data":"Bash","floor":30,"key":"SMITH"},{"data":"Armaments","floor":32,"key":"SMITH"}],"neow_cost":"NONE","seed_source_timestamp":106802914784900,"circlet_count":0,"master_deck":["Defend_R","Defend_R","Defend_R","Defend_R","Bash+1","Flex","Carnage+1","Whirlwind+1","Armaments+1","Feed","Bloodletting","Second Wind","Rage+1","Flex+1","Barricade+1","Intimidate+1","Bite","Bite","Bite","Bite","Bite"],"relics":["Burning Blood","Lantern","Happy Flower","Bag of Marbles","Orichalcum","Ectoplasm","Letter Opener","Calipers"],"potions_floor_usage":[7,13,16,16,18,20,28,33],"damage_taken":[{"damage":6,"enemies":"Cultist","floor":1,"turns":3},{"damage":8,"enemies":"Jaw Worm","floor":3,"turns":4},{"damage":8,"enemies":"Small Slimes","floor":4,"turns":5},{"damage":30,"enemies":"Lagavulin","floor":7,"turns":7},{"damage":11,"enemies":"Blue Slaver","floor":8,"turns":3},{"damage":15,"enemies":"3 Sentries","floor":13,"turns":4},{"damage":22,"enemies":"Exordium Thugs","floor":14,"turns":4},{"damage":34,"enemies":"The Guardian","floor":16,"turns":8},{"damage":1,"enemies":"Spheric Guardian","floor":18,"turns":3},{"damage":2,"enemies":"Shell Parasite","floor":20,"turns":3},{"damage":9,"enemies":"Cultist and Chosen","floor":21,"turns":3},{"damage":18,"enemies":"Shelled Parasite and Fungi","floor":22,"turns":6},{"damage":3,"enemies":"Gremlin Leader","floor":23,"turns":5},{"damage":18,"enemies":"Snake Plant","floor":25,"turns":2},{"damage":15,"enemies":"Chosen and Byrds","floor":28,"turns":5},{"damage":92,"enemies":"Collector","floor":33,"turns":7}],"seed_played":"-3138162427783536415","potions_obtained":[{"floor":4,"key":"Explosive Potion"},{"floor":5,"key":"PowerPotion"},{"floor":5,"key":"GamblersBrew"},{"floor":13,"key":"EssenceOfSteel"},{"floor":16,"key":"SteroidPotion"},{"floor":18,"key":"Strength Potion"},{"floor":20,"key":"Swift Potion"}],"is_trial":false,"path_per_floor":["M","$","M","M","?","R","E","M","T","?","?","$","E","M","R","B",null,"M","$","M","M","M","E","R","M","T","R","M","?","R","?","R","B"],"character_chosen":"IRONCLAD","items_purchased":["Lantern","Flex","Second Wind","Fire Potion"],"campfire_rested":1,"item_purchase_floors":[2,2,19,19],"current_hp_per_floor":[72,72,70,68,68,68,44,39,39,39,39,39,30,14,38,10,63,68,68,75,75,66,69,69,57,57,57,51,51,51,51,51,0],"gold":25,"neow_bonus":"HUNDRED_GOLD","is_prod":false,"is_daily":false,"chose_seed":false,"campfire_upgraded":5,"win_rate":0,"timestamp":1549172023,"path_taken":["M","?","M","M","?","R","E","?","T","?","?","?","E","M","R","BOSS","M","$","M","M","M","E","R","M","T","R","M","?","R","?","R","BOSS"],"build_version":"2019-01-23","purchased_purges":1,"victory":false,"max_hp_per_floor":[80,80,80,80,80,80,80,80,80,80,80,80,80,80,80,80,80,80,80,83,86,89,89,89,89,89,89,92,92,92,64,64,64],"card_choices":[{"not_picked":["Sword Boomerang","Shrug It Off","Clash"],"picked":"SKIP","floor":1},{"not_picked":["Pommel Strike","Sword Boomerang","Flex"],"picked":"SKIP","floor":3},{"not_picked":["Body Slam","Havoc"],"picked":"Carnage","floor":4},{"not_picked":["Feel No Pain","Warcry"],"picked":"Whirlwind","floor":7},{"not_picked":["Dual Wield","Iron Wave","Headbutt"],"picked":"SKIP","floor":8},{"not_picked":["Rupture","Sword Boomerang"],"picked":"Armaments","floor":13},{"not_picked":["Sword Boomerang","Power Through","Body Slam"],"picked":"SKIP","floor":14},{"not_picked":["Fiend Fire","Double Tap"],"picked":"Feed","floor":16},{"not_picked":["Pommel Strike+1","Dual Wield+1"],"picked":"Bloodletting","floor":18},{"not_picked":["Twin Strike","Shrug It Off"],"picked":"Rage+1","floor":20},{"not_picked":["Armaments","Wild Strike"],"picked":"Flex+1","floor":21},{"not_picked":["Shockwave","Iron Wave+1","Rage"],"picked":"SKIP","floor":22},{"not_picked":["Anger+1","Sword Boomerang+1","Thunderclap"],"picked":"SKIP","floor":23},{"not_picked":["Rupture+1","Cleave+1"],"picked":"Barricade","floor":25},{"not_picked":["Anger","Pommel Strike"],"picked":"Intimidate+1","floor":28}],"player_experience":18933,"relics_obtained":[{"floor":7,"key":"Happy Flower"},{"floor":9,"key":"Bag of Marbles"},{"floor":13,"key":"Orichalcum"},{"floor":23,"key":"Letter Opener"},{"floor":26,"key":"Calipers"}],"event_choices":[{"damage_healed":0,"gold_gain":0,"player_choice":"Bought 3 Potions","damage_taken":0,"max_hp_gain":0,"max_hp_loss":0,"event_name":"The Woman in Blue","floor":5,"gold_loss":0},{"cards_removed":["Strike_R"],"damage_healed":0,"gold_gain":0,"player_choice":"Card Removal","damage_taken":0,"max_hp_gain":0,"max_hp_loss":0,"event_name":"The Cleric","floor":10,"gold_loss":50},{"damage_healed":0,"gold_gain":0,"player_choice":"Ignored","damage_taken":0,"max_hp_gain":0,"max_hp_loss":0,"event_name":"Liars Game","floor":11,"gold_loss":0},{"damage_healed":0,"gold_gain":99,"player_choice":"Stole From Cult","damage_taken":0,"max_hp_gain":0,"max_hp_loss":0,"event_name":"Nest","floor":29,"gold_loss":0},{"damage_healed":0,"gold_gain":0,"player_choice":"Became a vampire","damage_taken":0,"max_hp_gain":0,"max_hp_loss":28,"event_name":"Vampires","floor":31,"gold_loss":0,"cards_obtained":["Bite","Bite","Bite","Bite","Bite"]}],"is_beta":false,"boss_relics":[{"not_picked":["Black Blood","Mark of Pain"],"picked":"Ectoplasm"}],"items_purged_floors":[19],"is_endless":false,"potions_floor_spawned":[4,13,16,18,20],"killed_by":"Collector","ascension_level":8}