{"gold_per_floor":[113,76,87,362,376,401,401,401,401,411,113,141,153,171,171,245,245,258,258,270,287,77,77,77,77,104,120,120,120,147,163,163,237,237,248,248,248,258,258,291,391,207,254,288,298,298,298,326,326,326,326,326,326,0,35,35],"floor_reached":57,"playtime":2168,"items_purged":["Regret","Strike_B","Strike_B"],"score":3036,"play_id":"8e929eb9-c3aa-42a8-9faa-7c0b6dacd919","local_time":"20190409211926","is_ascension_mode":true,"campfire_choices":[{"data":"Sunder","floor":7.0,"key":"SMITH"},{"data":"Defragment","floor":15.0,"key":"SMITH"},{"data":"Creative AI","floor":23.0,"key":"SMITH"},{"data":"Fission","floor":25.0,"key":"SMITH"},{"floor":28.0,"key":"REST"},{"floor":32.0,"key":"REST"},{"floor":46.0,"key":"RECALL"},{"data":"Defend_B","floor":49.0,"key":"PURGE"},{"data":"Defend_B","floor":53.0,"key":"PURGE"}],"neow_cost":"NONE","seed_source_timestamp":240498468347500,"circlet_count":0,"master_deck":["AscendersBane","Defend_B","Defend_B","Zap","Dualcast","Chill","Sunder+1","Turbo","Cold Snap","Capacitor","Defragment+1","Chill","Tempest","Self Repair","Creative AI+1","Chill","Coolheaded","Cold Snap","Darkness","Fission+1","Chill","Multi-Cast","Biased Cognition","Discovery","Apotheosis+1","FTL","Blizzard","Defragment","Capacitor","Double Energy","Loop+1"],"special_seed":0,"relics":["Cracked Core","NeowsBlessing","Thread and Needle","Matryoshka","Shuriken","Runic Dome","OrangePellets","Happy Flower","Centennial Puzzle","Bronze Scales","Black Star","Lantern","Juzu Bracelet","Peace Pipe","Blood Vial","Torii","PreservedInsect","Dream Catcher","Unceasing Top","Gambling Chip","Bag of Marbles"],"potions_floor_usage":[56],"damage_taken":[{"damage":0.0,"enemies":"Small Slimes","floor":1.0,"turns":1.0},{"damage":0.0,"enemies":"Cultist","floor":3.0,"turns":1.0},{"damage":0.0,"enemies":"Jaw Worm","floor":5.0,"turns":1.0},{"damage":28.0,"enemies":"Lagavulin","floor":6.0,"turns":6.0},{"damage":9.0,"enemies":"Exordium Thugs","floor":10.0,"turns":2.0},{"damage":15.0,"enemies":"Gremlin Nob","floor":12.0,"turns":4.0},{"damage":1.0,"enemies":"Exordium Wildlife","floor":13.0,"turns":3.0},{"damage":0.0,"enemies":"2 Fungi Beasts","floor":14.0,"turns":2.0},{"damage":0.0,"enemies":"The Guardian","floor":16.0,"turns":11.0},{"damage":0.0,"enemies":"Spheric Guardian","floor":18.0,"turns":7.0},{"damage":4.0,"enemies":"2 Thieves","floor":20.0,"turns":4.0},{"damage":21.0,"enemies":"Chosen and Byrds","floor":21.0,"turns":6.0},{"damage":28.0,"enemies":"Centurion and Healer","floor":27.0,"turns":9.0},{"damage":31.0,"enemies":"Book of Stabbing","floor":30.0,"turns":7.0},{"damage":13.0,"enemies":"Snake Plant","floor":31.0,"turns":4.0},{"damage":27.0,"enemies":"Collector","floor":33.0,"turns":14.0},{"damage":0.0,"enemies":"Orb Walker","floor":35.0,"turns":5.0},{"damage":1.0,"enemies":"3 Shapes","floor":38.0,"turns":3.0},{"damage":13.0,"enemies":"Reptomancer","floor":40.0,"turns":6.0},{"damage":0.0,"enemies":"Mind Bloom Boss Battle","floor":41.0,"turns":7.0},{"damage":9.0,"enemies":"Giant Head","floor":44.0,"turns":10.0},{"damage":23.0,"enemies":"Maw","floor":45.0,"turns":8.0},{"damage":0.0,"enemies":"Nemesis","floor":48.0,"turns":7.0},{"damage":29.0,"enemies":"Time Eater","floor":50.0,"turns":9.0},{"damage":0.0,"enemies":"Awakened One","floor":51.0,"turns":10.0},{"damage":39.0,"enemies":"Shield and Spear","floor":55.0,"turns":7.0},{"damage":32,"enemies":"The Heart","floor":56,"turns":9}],"seed_played":"-8743617327398180031","potions_obtained":[{"floor":1.0,"key":"PowerPotion"},{"floor":5.0,"key":"Fire Potion"},{"floor":10.0,"key":"PowerPotion"},{"floor":14.0,"key":"SteroidPotion"},{"floor":19.0,"key":"Ancient Potion"},{"floor":31.0,"key":"SkillPotion"},{"floor":33.0,"key":"FairyPotion"},{"floor":38.0,"key":"Regen Potion"},{"floor":41.0,"key":"Strength Potion"},{"floor":44.0,"key":"SpeedPotion"}],"is_trial":false,"path_per_floor":["M","$","M","?","M","E","R","?","T","M","$","E","M","M","R","B",null,"M","?","M","M","$","R","?","R","T","M","R","?","E","M","R","B",null,"M","?","?","M","?","E","?","$","T","E","M","R","?","E","R","B","B",null,"R","$","E","B",null],"character_chosen":"DEFECT","items_purchased":["Sunder","Defragment","Chill","PowerPotion","OrangePellets","FTL","Capacitor","FocusPotion","Double Energy"],"campfire_rested":2,"item_purchase_floors":[2,11,11,11,22,42,54,54,54],"current_hp_per_floor":[64,64,64,64,64,36,36,59,59,50,50,35,34,34,34,41,64,71,71,71,57,57,57,57,57,57,36,57,57,33,27,48,28,60,67,67,57,56,56,65,67,67,67,65,51,51,51,60,60,53,65,67,67,67,38,18],"gold":35,"neow_bonus":"THREE_ENEMY_KILL","is_prod":false,"is_daily":false,"chose_seed":false,"campfire_upgraded":4,"win_rate":0,"timestamp":1554812366,"path_taken":["M","$","M","?","?","E","R","?","T","M","?","E","?","M","R","BOSS","M","?","?","M","$","R","?","R","T","M","R","?","E","M","R","BOSS","M","?","?","M","?","E","?","$","T","E","M","R","?","E","R","BOSS","BOSS","R","$","E","BOSS"],"build_version":"2019-01-23","purchased_purges":3,"victory":true,"max_hp_per_floor":[71,71,71,71,71,71,71,71,71,71,71,71,71,71,71,71,71,71,71,71,71,71,71,71,71,71,71,71,71,71,71,71,71,71,71,67,67,67,67,67,67,67,67,67,67,67,67,67,67,67,67,67,67,67,67,67],"card_choices":[{"not_picked":["Coolheaded","Streamline"],"picked":"Chill","floor":1.0},{"not_picked":["Streamline","Storm","Turbo"],"picked":"SKIP","floor":3.0},{"not_picked":["Streamline","Storm"],"picked":"Turbo","floor":3.0},{"not_picked":["Recycle","Melter"],"picked":"Cold Snap","floor":5.0},{"not_picked":["Leap","Tempest"],"picked":"Capacitor","floor":6.0},{"not_picked":["Hologram","Static Discharge","Turbo"],"picked":"SKIP","floor":10.0},{"not_picked":["Reinforced Body","Compile Driver","Redo"],"picked":"SKIP","floor":12.0},{"not_picked":["Auto Shields","Cold Snap"],"picked":"Tempest","floor":13.0},{"not_picked":["Beam Cell","Stack"],"picked":"Self Repair","floor":14.0},{"not_picked":["Biased Cognition","Buffer"],"picked":"Creative AI","floor":16.0},{"not_picked":["Sweeping Beam","Turbo"],"picked":"Chill","floor":18.0},{"not_picked":["Chaos","Rip and Tear+1"],"picked":"Coolheaded","floor":20.0},{"not_picked":["Redo","Leap"],"picked":"Cold Snap","floor":21.0},{"not_picked":["Steam+1","Barrage"],"picked":"Chill","floor":27.0},{"not_picked":["Hologram","Chaos"],"picked":"Multi-Cast","floor":30.0},{"not_picked":["Hologram","Aggregate","Streamline"],"picked":"SKIP","floor":31.0},{"not_picked":["Fission","Thunder Strike"],"picked":"Biased Cognition","floor":33.0},{"not_picked":["Fusion","Steam","Redo"],"picked":"SKIP","floor":35.0},{"not_picked":["Sadistic Nature","Jack Of All Trades"],"picked":"Discovery","floor":37.0},{"not_picked":["Good Instincts","Panacea"],"picked":"Apotheosis","floor":37.0},{"not_picked":["Beam Cell","Barrage+1","Conserve Battery"],"picked":"SKIP","floor":38.0},{"not_picked":["Rebound","Beam Cell","Lockon+1"],"picked":"SKIP","floor":40.0},{"not_picked":["Turbo","Hyperbeam"],"picked":"Blizzard","floor":44.0},{"not_picked":["Streamline","Sweeping Beam"],"picked":"Defragment","floor":45.0},{"not_picked":["Hyperbeam","Turbo","Ball Lightning"],"picked":"SKIP","floor":48.0},{"not_picked":["Rebound","Consume+1"],"picked":"Loop+1","floor":55.0}],"player_experience":3017617,"relics_obtained":[{"floor":6.0,"key":"Thread and Needle"},{"floor":9.0,"key":"Matryoshka"},{"floor":12.0,"key":"Shuriken"},{"floor":26.0,"key":"Happy Flower"},{"floor":26.0,"key":"Centennial Puzzle"},{"floor":30.0,"key":"Bronze Scales"},{"floor":40.0,"key":"Lantern"},{"floor":40.0,"key":"Juzu Bracelet"},{"floor":41.0,"key":"Peace Pipe"},{"floor":43.0,"key":"Blood Vial"},{"floor":44.0,"key":"Torii"},{"floor":44.0,"key":"PreservedInsect"},{"floor":48.0,"key":"Dream Catcher"},{"floor":48.0,"key":"Unceasing Top"},{"floor":55.0,"key":"Gambling Chip"},{"floor":55.0,"key":"Bag of Marbles"}],"event_choices":[{"damage_healed":0.0,"max_hp_gain":0.0,"max_hp_loss":0.0,"gold_gain":275.0,"event_name":"Golden Shrine","player_choice":"Desecrate","floor":4.0,"gold_loss":0.0,"damage_taken":0.0,"cards_obtained":["Regret"]},{"damage_healed":23.0,"max_hp_gain":0.0,"max_hp_loss":0.0,"gold_gain":0.0,"event_name":"Big Fish","player_choice":"Banana","floor":8.0,"gold_loss":0.0,"damage_taken":0.0},{"damage_healed":0.0,"max_hp_gain":0.0,"max_hp_loss":0.0,"gold_gain":0.0,"event_name":"Lab","player_choice":"Got Potions","floor":19.0,"gold_loss":0.0,"damage_taken":0.0},{"damage_healed":0.0,"max_hp_gain":0.0,"max_hp_loss":0.0,"gold_gain":0.0,"cards_transformed":["Strike_B","Strike_B"],"event_name":"Drug Dealer","player_choice":"Became Test Subject","floor":24.0,"gold_loss":0.0,"damage_taken":0.0,"cards_obtained":["Darkness","Fission"]},{"damage_healed":0.0,"max_hp_gain":0.0,"max_hp_loss":0.0,"gold_gain":0.0,"event_name":"The Mausoleum","player_choice":"Ignored","floor":29.0,"gold_loss":0.0,"damage_taken":0.0},{"damage_healed":0.0,"max_hp_gain":0.0,"max_hp_loss":4.0,"gold_gain":0.0,"event_name":"Winding Halls","player_choice":"Max HP","floor":36.0,"gold_loss":0.0,"damage_taken":0.0},{"damage_healed":0.0,"max_hp_gain":0.0,"max_hp_loss":0.0,"gold_gain":0.0,"event_name":"SensoryStone","player_choice":"Memory 3","floor":37.0,"gold_loss":0.0,"damage_taken":10.0},{"damage_healed":0.0,"max_hp_gain":0.0,"max_hp_loss":0.0,"gold_gain":0.0,"event_name":"Tomb of Lord Red Mask","player_choice":"Ignored","floor":39.0,"gold_loss":0.0,"damage_taken":0.0},{"damage_healed":0.0,"max_hp_gain":0.0,"max_hp_loss":0.0,"gold_gain":0.0,"event_name":"MindBloom","player_choice":"Fight","floor":41.0,"gold_loss":0.0,"damage_taken":0.0},{"damage_healed":0.0,"max_hp_gain":0.0,"max_hp_loss":0.0,"gold_gain":0.0,"event_name":"Upgrade Shrine","player_choice":"Upgraded","floor":47.0,"gold_loss":0.0,"damage_taken":0.0,"cards_upgraded":["Apotheosis"]}],"is_beta":false,"boss_relics":[{"not_picked":["Eternal Feather","Philosopher\u0027s Stone"],"picked":"Runic Dome"},{"not_picked":["Runic Pyramid","Snecko Eye"],"picked":"Black Star"}],"items_purged_floors":[11,42,54],"is_endless":false,"potions_floor_spawned":[1,5,10,14,27,31,33,38,41,44,48],"ascension_level":20}