{"gold_per_floor":[111,130,130,146,321,321,334,361,361,361,314,332,6,25,25,128,128,148,160,160,160],"floor_reached":21,"playtime":2038,"items_purged":["Doubt"],"score":226,"play_id":"c6b54737-908a-4093-bace-802e6fb8aef3","local_time":"20180623112417","is_ascension_mode":true,"campfire_choices":[{"floor":6,"key":"REST"},{"floor":10,"key":"REST"},{"floor":15,"key":"REST"}],"neow_cost":"NONE","seed_source_timestamp":2351446806077,"circlet_count":0,"master_deck":["Strike_B","Strike_B","Strike_B","Defend_B","Defend_B","Defend_B","Zap","Dualcast","Turbo","Ball Lightning","Redo","Self Repair","Go for the Eyes","Echo Form","BootSequence","Machine Learning","Force Field","Double Energy","Decay"],"relics":["Cracked Core","Kunai","Bottled Tornado","Toolbox","Inserter"],"potions_floor_usage":[7,16,16],"damage_taken":[{"damage":7,"enemies":"Jaw Worm","floor":1,"turns":3},{"damage":3,"enemies":"2 Louse","floor":2,"turns":3},{"damage":0,"enemies":"Cultist","floor":4,"turns":2},{"damage":11,"enemies":"Looter","floor":7,"turns":2},{"damage":52,"enemies":"Gremlin Nob","floor":8,"turns":5},{"damage":0,"enemies":"2 Fungi Beasts","floor":12,"turns":3},{"damage":9,"enemies":"Exordium Wildlife","floor":14,"turns":4},{"damage":46,"enemies":"Hexaghost","floor":16,"turns":9},{"damage":23,"enemies":"Spheric Guardian","floor":18,"turns":5},{"damage":18,"enemies":"Shell Parasite","floor":19,"turns":7},{"damage":55,"enemies":"Snecko","floor":21,"turns":5}],"seed_played":"1571669051909505179","potions_obtained":[{"floor":2,"key":"SneckoOil"},{"floor":12,"key":"LiquidBronze"},{"floor":14,"key":"Poison Potion"},{"floor":18,"key":"Strength Potion"}],"is_trial":false,"path_per_floor":["M","M","?","M","?","R","M","E","T","R","?","M","$","M","R","B",null,"M","M","?"],"character_chosen":"DEFECT","items_purchased":["Toolbox"],"campfire_rested":3,"item_purchase_floors":[13],"current_hp_per_floor":[68,65,58,58,58,75,64,19,19,41,41,48,48,46,68,29,64,48,37,37,0],"gold":160,"neow_bonus":"TRANSFORM_CARD","is_prod":false,"is_daily":false,"chose_seed":false,"campfire_upgraded":0,"win_rate":0,"timestamp":1529742257,"path_taken":["M","M","?","M","?","R","M","E","T","R","?","?","?","M","R","BOSS","M","M","?","M"],"build_version":"2018-06-21v2","purchased_purges":1,"victory":false,"max_hp_per_floor":[75,75,75,75,75,75,75,75,75,75,75,75,75,75,75,75,75,75,75,75,75],"card_choices":[{"not_picked":["Rebound","Barrage"],"picked":"Ball Lightning","floor":1},{"not_picked":["Cold Snap","Scrape"],"picked":"Redo","floor":2},{"not_picked":["Cold Snap","Barrage","Compile Driver"],"picked":"SKIP","floor":4},{"not_picked":["Ball Lightning","Steam"],"picked":"Self Repair","floor":7},{"not_picked":["Consume","Auto Shields"],"picked":"Go for the Eyes","floor":8},{"not_picked":["Sweeping Beam","Redo"],"picked":"Echo Form","floor":12},{"not_picked":["Leap","Reprogram"],"picked":"BootSequence","floor":14},{"not_picked":["Multi-Cast","Core Surge"],"picked":"Machine Learning","floor":16},{"not_picked":["Rebound","Hologram"],"picked":"Force Field","floor":18},{"not_picked":["Beam Cell","Barrage"],"picked":"Double Energy","floor":19}],"player_experience":509468,"relics_obtained":[{"floor":8,"key":"Kunai"},{"floor":9,"key":"Bottled Tornado"}],"event_choices":[{"event_name":"Golden Wing","player_choice":"Card Removal","floor":3,"damage_taken":0},{"event_name":"Liars Game","player_choice":"agreed","floor":5,"damage_taken":0},{"event_name":"World of Goop","player_choice":"Left","floor":11,"damage_taken":0},{"event_name":"Forgotten Altar","player_choice":"Smashed Altar","floor":20,"damage_taken":0}],"boss_relics":[{"not_picked":["Runic Dome","Philosopher\u0027s Stone"],"picked":"Inserter"}],"items_purged_floors":[13],"is_endless":false,"potions_floor_spawned":[2,12,14,18],"killed_by":"Snecko","ascension_level":5}