{"gold_per_floor":[118,183,40,40,40,71,71,91,160,191,191,206,233,233,233,310,310,323,33,33,33,48,48,48],"floor_reached":24,"playtime":545,"items_purged":["Strike_B"],"score":470,"play_id":"cfe2bf8f-c077-4f2f-b0e1-78147ee43ec3","local_time":"20190408204941","is_ascension_mode":true,"campfire_choices":[{"data":"Sunder","floor":7,"key":"SMITH"},{"data":"Darkness","floor":15,"key":"SMITH"},{"floor":23,"key":"REST"}],"neow_cost":"NONE","seed_source_timestamp":154167120112800,"circlet_count":0,"master_deck":["AscendersBane","Strike_B","Strike_B+1","Defend_B","Defend_B","Defend_B","Defend_B+1","Zap","Dualcast","Sunder+1","Bandage Up","Capacitor","Darkness+1","Cold Snap","Cold Snap","Blizzard","Creative AI","BootSequence+1"],"relics":["Cracked Core","NeowsBlessing","Bag of Preparation","Dodecahedron","StoneCalendar","Girya","FaceOfCleric","Snecko Eye","Omamori","Oddly Smooth Stone"],"potions_floor_usage":[13,16,18,22,24],"damage_taken":[{"damage":0,"enemies":"Cultist","floor":1,"turns":1},{"damage":0,"enemies":"Gremlin Nob","floor":6,"turns":1},{"damage":0,"enemies":"2 Louse","floor":8,"turns":1},{"damage":30,"enemies":"Lagavulin","floor":10,"turns":7},{"damage":0,"enemies":"Small Slimes","floor":12,"turns":1},{"damage":8,"enemies":"Gremlin Nob","floor":13,"turns":3},{"damage":24,"enemies":"Slime Boss","floor":16,"turns":6},{"damage":43,"enemies":"3 Byrds","floor":18,"turns":7},{"damage":6,"enemies":"2 Thieves","floor":22,"turns":3},{"damage":44,"enemies":"Chosen and Byrds","floor":24,"turns":3}],"seed_played":"-5018625739184112373","potions_obtained":[{"floor":8,"key":"SpeedPotion"},{"floor":13,"key":"Weak Potion"},{"floor":18,"key":"FocusPotion"}],"is_trial":false,"path_per_floor":["M","?","$","?","?","E","R","M","T","E","?","M","E","?","R","B",null,"M","$","T","?","M","R","M"],"character_chosen":"DEFECT","items_purchased":["Bandage Up","Explosive Potion","Omamori","Explosive Potion"],"campfire_rested":1,"item_purchase_floors":[3,3,19,19],"current_hp_per_floor":[64,64,64,71,50,54,54,58,58,32,32,32,28,28,28,9,56,14,14,14,14,13,35,0],"gold":48,"neow_bonus":"THREE_ENEMY_KILL","is_prod":false,"is_daily":false,"chose_seed":false,"campfire_upgraded":2,"win_rate":0,"timestamp":1554724181,"path_taken":["M","?","$","?","?","E","R","M","T","E","?","M","E","?","R","BOSS","M","$","?","?","?","R","M"],"build_version":"2019-01-23","purchased_purges":1,"victory":false,"max_hp_per_floor":[71,71,71,71,71,71,71,71,71,71,71,71,71,71,71,72,72,73,73,73,73,74,74,74],"card_choices":[{"not_picked":["Rebound","Force Field"],"picked":"Sunder","floor":1},{"not_picked":["White Noise","Thunder Strike"],"picked":"Capacitor","floor":6},{"not_picked":["Rebound","Static Discharge"],"picked":"Darkness","floor":8},{"not_picked":["Reprogram","Heatsinks"],"picked":"Cold Snap","floor":10},{"not_picked":["Steam","Barrage"],"picked":"Cold Snap","floor":12},{"not_picked":["Rainbow","Cold Snap"],"picked":"Blizzard","floor":13},{"not_picked":["Buffer","Machine Learning"],"picked":"Creative AI","floor":16},{"not_picked":["Steam","Go for the Eyes"],"picked":"BootSequence+1","floor":18},{"not_picked":["Compile Driver","Streamline","Leap+1"],"picked":"SKIP","floor":22}],"player_experience":2989914,"relics_obtained":[{"floor":6,"key":"Bag of Preparation"},{"floor":9,"key":"Dodecahedron"},{"floor":10,"key":"StoneCalendar"},{"floor":13,"key":"Girya"},{"floor":20,"key":"Oddly Smooth Stone"}],"event_choices":[{"damage_healed":0,"gold_gain":65,"player_choice":"Gained Gold","damage_taken":0,"max_hp_gain":0,"max_hp_loss":0,"event_name":"Golden Wing","floor":2,"gold_loss":0},{"damage_healed":23,"gold_gain":0,"player_choice":"Banana","damage_taken":0,"max_hp_gain":0,"max_hp_loss":0,"event_name":"Big Fish","floor":4,"gold_loss":0},{"damage_healed":0,"gold_gain":0,"player_choice":"Entered Light","damage_taken":21,"max_hp_gain":0,"max_hp_loss":0,"event_name":"Shining Light","floor":5,"gold_loss":0,"cards_upgraded":["Defend_B","Strike_B"]},{"damage_healed":0,"gold_gain":0,"player_choice":"Ignored","damage_taken":0,"max_hp_gain":0,"max_hp_loss":0,"event_name":"Liars Game","floor":11,"gold_loss":0},{"damage_healed":0,"gold_gain":0,"player_choice":"Trade","damage_taken":0,"relics_obtained":["FaceOfCleric"],"max_hp_gain":0,"max_hp_loss":0,"event_name":"FaceTrader","floor":14,"gold_loss":0},{"cards_removed":["Strike_B"],"damage_healed":0,"gold_gain":0,"player_choice":"Purged","damage_taken":0,"max_hp_gain":0,"max_hp_loss":0,"event_name":"Purifier","floor":21,"gold_loss":0}],"is_beta":false,"boss_relics":[{"not_picked":["Coffee Dripper","Empty Cage"],"picked":"Snecko Eye"}],"items_purged_floors":[19],"is_endless":false,"potions_floor_spawned":[8,12,13,18],"killed_by":"Chosen and Byrds","ascension_level":20}