{"path_per_floor":["M","?","?","?","?","R","E","R","T","M","?","M","$","?","R","B",null,"M","M","M","M","M","R","$","M","T","$"],"character_chosen":"THE_SILENT","items_purchased":["Endless Agony","Infinite Blades","Slice","Catalyst","Skewer"],"gold_per_floor":[113,188,188,188,188,188,213,213,240,255,255,272,39,39,39,139,139,152,169,180,194,209,209,75,87,113,35],"floor_reached":28,"campfire_rested":3,"playtime":2683,"current_hp_per_floor":[70,59,59,26,12,33,14,35,35,33,33,33,33,26,26,24,70,59,59,53,36,14,35,35,10,10,10],"items_purged":["Regret","Strike_G"],"gold":35,"play_id":"992b3d3e-62f1-4f61-9f5c-b86a0cbe45b2","is_prod":false,"is_daily":false,"is_ascension_mode":false,"campfire_upgraded":1,"path_taken":["M","?","?","?","?","R","E","R","T","?","?","M","?","?","R","BOSS","M","M","M","M","M","R","$","M","T","?","M"],"build_version":"2018-01-25-PROD3","purchased_purges":2,"victory":false,"master_deck":["Defend_G","Defend_G","Defend_G","Defend_G+1","Strike_G","Strike_G","Strike_G","Survivor+1","Neutralize+1","Bouncing Flask","Leg Sweep","Riddle With Holes","Dagger Spray","Acrobatics","Endless Agony","Infinite Blades","Slice","After Image","Backflip","Dagger Spray","Poisoned Stab","Masterful Stab","Quick Slash","Sucker Punch","Heel Hook","Slice","Sucker Punch+1","Choke","Catalyst","Flying Knee+1","Skewer"],"max_hp_per_floor":[70,70,70,70,70,70,70,70,70,70,70,70,70,70,70,70,70,70,70,70,70,70,70,70,70,70,70],"relics":["Philosopher\u0027s Stone","Oddly Smooth Stone","Pen Nib","Anchor","Unceasing Top","Orrery","Omamori"],"card_choices":[{"not_picked":["Flechettes","Sucker Punch"],"picked":"Bouncing Flask"},{"not_picked":["Choke","Slice"],"picked":"Riddle With Holes"},{"not_picked":["Acrobatics","Terror"],"picked":"Dagger Spray"},{"not_picked":["Well Laid Plans","Finisher"],"picked":"Acrobatics"},{"not_picked":["Die Die Die","Tools of the Trade"],"picked":"After Image"},{"not_picked":["Flechettes","Escape Plan"],"picked":"Backflip"},{"not_picked":["Choke","Prepared"],"picked":"Dagger Spray"},{"not_picked":["Deflect","Dash"],"picked":"Poisoned Stab"},{"not_picked":["Flying Knee","Bouncing Flask"],"picked":"Masterful Stab"},{"not_picked":["Escape Plan","Deadly Poison"],"picked":"Quick Slash"},{"not_picked":["Footwork","Poisoned Stab"],"picked":"Sucker Punch"},{"not_picked":["Deadly Poison","Masterful Stab"],"picked":"Heel Hook"},{"not_picked":["Prepared","Sucker Punch"],"picked":"Slice"},{"not_picked":["Night Terror","Caltrops"],"picked":"Sucker Punch"},{"not_picked":["Catalyst","Malaise"],"picked":"Choke"},{"not_picked":["Masterful Stab","Dagger Throw"],"picked":"Flying Knee"}],"player_experience":28833,"potions_floor_usage":[7,16,19,21,28,28],"damage_taken":[{"damage":0,"enemies":"Small Slimes","floor":1,"turns":4},{"damage":19,"enemies":"3 Sentries","floor":7,"turns":9},{"damage":2,"enemies":"Cultist","floor":10,"turns":4},{"damage":0,"enemies":"Blue Slaver","floor":12,"turns":2},{"damage":2,"enemies":"Slime Boss","floor":16,"turns":8},{"damage":11,"enemies":"Shell Parasite","floor":18,"turns":4},{"damage":0,"enemies":"Spheric Guardian","floor":19,"turns":3},{"damage":6,"enemies":"3 Cultists","floor":20,"turns":5},{"damage":17,"enemies":"Snake Plant","floor":21,"turns":6},{"damage":22,"enemies":"Sentry and Sphere","floor":22,"turns":4},{"damage":25,"enemies":"Chosen and Byrds","floor":25,"turns":7},{"damage":16,"enemies":"Slaver and Parasite","floor":28,"turns":1}],"event_choices":[{"event_name":"World of Goop","player_choice":"Gather Gold","floor":2,"damage_taken":0},{"event_name":"Living Wall","player_choice":"Change","floor":3,"damage_taken":0},{"event_name":"Scrap Ooze","player_choice":"success","floor":4,"damage_taken":33},{"event_name":"Shining Light","player_choice":"Entered Light","floor":5,"damage_taken":0},{"event_name":"Big Fish","player_choice":"Box","floor":11,"damage_taken":0},{"event_name":"Golden Wing","player_choice":"Card Removal","floor":14,"damage_taken":0}],"boss_relics":[{"not_picked":["Calling Bell","Velvet Choker"],"picked":"Orrery"}],"potions_floor_spawned":[1,7,12,18,21,22],"seed_played":"-1829439973900462736","killed_by":"Slaver and Parasite","ascension_level":0,"is_trial":false}