{"gold_per_floor":[17,0,0,13,13,13,47,47,125,125,158,45,45,69,69,165,165,190,209,229,279,279,279,18,43,123,123,162,162,162,187,187,187],"floor_reached":33,"playtime":1756,"items_purged":[],"score":526,"play_id":"25a7f3af-4d8c-487f-a577-3f4653b90b92","local_time":"20190310100747","is_ascension_mode":true,"campfire_choices":[{"floor":6,"key":"REST"},{"floor":8,"key":"REST"},{"floor":10,"key":"REST"},{"data":"Defragment","floor":13,"key":"SMITH"},{"data":"Redo","floor":15,"key":"SMITH"},{"floor":23,"key":"REST"},{"floor":29,"key":"REST"},{"floor":32,"key":"REST"}],"neow_cost":"NO_GOLD","seed_source_timestamp":405700649433892,"circlet_count":0,"master_deck":["AscendersBane","Strike_B","Strike_B","Strike_B","Strike_B","Defend_B","Defend_B","Defend_B","Defend_B","Zap","Dualcast","Electrodynamics","Streamline","Steam","Leap","Chill","Defragment+1","Redo+1","Cold Snap","Fission","Defragment","Redo","Ball Lightning","Loop","Melter","Ball Lightning+1","Ball Lightning+1","Redo","Redo"],"relics":["Cracked Core","Golden Idol","Torii","Shuriken","Unceasing Top","White Beast Statue","Lantern","Matryoshka","Dream Catcher"],"potions_floor_usage":[16,19,25,28,31,31],"damage_taken":[{"damage":7,"enemies":"Jaw Worm","floor":1,"turns":3},{"damage":0,"enemies":"2 Louse","floor":4,"turns":1},{"damage":38,"enemies":"Gremlin Nob","floor":7,"turns":5},{"damage":3,"enemies":"3 Sentries","floor":11,"turns":5},{"damage":0,"enemies":"Small Slimes","floor":14,"turns":2},{"damage":23,"enemies":"Slime Boss","floor":16,"turns":8},{"damage":13,"enemies":"2 Thieves","floor":18,"turns":5},{"damage":13,"enemies":"3 Byrds","floor":19,"turns":4},{"damage":21,"enemies":"Snake Plant","floor":20,"turns":5},{"damage":13,"enemies":"Sentry and Sphere","floor":25,"turns":5},{"damage":33,"enemies":"Gremlin Leader","floor":28,"turns":8},{"damage":27,"enemies":"Shelled Parasite and Fungi","floor":31,"turns":4},{"damage":42,"enemies":"Champ","floor":33,"turns":5}],"seed_played":"5251690567059564499","potions_obtained":[{"floor":14,"key":"GamblersBrew"},{"floor":18,"key":"AttackPotion"},{"floor":19,"key":"SteroidPotion"},{"floor":20,"key":"GamblersBrew"},{"floor":25,"key":"Regen Potion"},{"floor":28,"key":"FearPotion"},{"floor":31,"key":"Fire Potion"}],"is_trial":false,"path_per_floor":["M","?","?","M","?","R","E","R","T","R","E","$","R","M","R","B",null,"M","M","M","?","?","R","$","M","T","?","E","R","?","M","R","B"],"character_chosen":"DEFECT","items_purchased":["Defragment","Redo","Loop","Lantern"],"campfire_rested":6,"item_purchase_floors":[12,12,24,24],"current_hp_per_floor":[57,57,57,57,57,71,33,54,54,71,68,68,68,68,68,45,65,52,39,18,18,18,39,39,26,26,40,22,43,43,16,37,0],"gold":187,"neow_bonus":"THREE_RARE_CARDS","is_prod":false,"is_daily":false,"chose_seed":false,"campfire_upgraded":2,"win_rate":0,"timestamp":1552205267,"path_taken":["M","?","?","M","?","R","E","R","T","R","E","$","R","M","R","BOSS","M","M","M","?","?","R","$","M","T","?","E","R","?","M","R","BOSS"],"build_version":"2019-01-23","purchased_purges":0,"victory":false,"max_hp_per_floor":[71,71,71,71,71,71,71,71,71,71,71,71,71,71,71,71,71,71,71,71,71,71,71,71,71,71,71,71,71,71,71,71,71],"card_choices":[{"not_picked":["Machine Learning","Seek"],"picked":"Electrodynamics","floor":0},{"not_picked":["Gash","Fusion"],"picked":"Streamline","floor":1},{"not_picked":["Recycle","Rip and Tear"],"picked":"Steam","floor":4},{"not_picked":["Consume","Gash"],"picked":"Leap","floor":7},{"not_picked":["Recycle","FTL"],"picked":"Chill","floor":11},{"not_picked":["Steam","Rebound"],"picked":"Cold Snap","floor":14},{"not_picked":["Meteor Strike","Machine Learning"],"picked":"Fission","floor":16},{"not_picked":["Auto Shields","Consume"],"picked":"Defragment","floor":18},{"not_picked":["Compile Driver","Coolheaded"],"picked":"Redo","floor":19},{"not_picked":["Coolheaded","Cold Snap"],"picked":"Ball Lightning","floor":20},{"not_picked":["Undo+1","Ball Lightning"],"picked":"Melter","floor":25},{"not_picked":["Gash","Conserve Battery"],"picked":"Ball Lightning+1","floor":28},{"not_picked":["Streamline","Consume"],"picked":"Ball Lightning+1","floor":29},{"not_picked":["Thunder Strike","Tempest"],"picked":"Redo","floor":31},{"not_picked":["Hologram","Streamline"],"picked":"Redo","floor":32}],"player_experience":1068357,"relics_obtained":[{"floor":7,"key":"Torii"},{"floor":9,"key":"Shuriken"},{"floor":11,"key":"Unceasing Top"},{"floor":26,"key":"Matryoshka"},{"floor":28,"key":"Dream Catcher"}],"event_choices":[{"damage_healed":0,"gold_gain":0,"player_choice":"Left Gold","damage_taken":0,"max_hp_gain":0,"max_hp_loss":0,"event_name":"World of Goop","floor":2,"gold_loss":17},{"damage_healed":0,"gold_gain":0,"player_choice":"Take Wound","damage_taken":0,"relics_obtained":["Golden Idol"],"max_hp_gain":0,"max_hp_loss":0,"event_name":"Golden Idol","floor":3,"gold_loss":0,"cards_obtained":["Injury"]},{"cards_removed":["Injury"],"damage_healed":0,"gold_gain":0,"player_choice":"Removed Curses","damage_taken":0,"max_hp_gain":0,"max_hp_loss":0,"event_name":"Fountain of Cleansing","floor":5,"gold_loss":0},{"damage_healed":0,"gold_gain":50,"player_choice":"Stole From Cult","damage_taken":0,"max_hp_gain":0,"max_hp_loss":0,"event_name":"Nest","floor":21,"gold_loss":0},{"damage_healed":0,"gold_gain":0,"player_choice":"Ignored","damage_taken":0,"max_hp_gain":0,"max_hp_loss":0,"event_name":"Vampires","floor":22,"gold_loss":0},{"damage_healed":14,"gold_gain":0,"player_choice":"Heal","damage_taken":0,"max_hp_gain":0,"max_hp_loss":0,"event_name":"The Library","floor":27,"gold_loss":0},{"damage_healed":0,"gold_gain":0,"player_choice":"Ignored","damage_taken":0,"max_hp_gain":0,"max_hp_loss":0,"event_name":"Cursed Tome","floor":30,"gold_loss":0}],"is_beta":false,"boss_relics":[{"not_picked":["Coffee Dripper","Velvet Choker"],"picked":"White Beast Statue"}],"items_purged_floors":[],"is_endless":false,"potions_floor_spawned":[14,18,19,20,25,28,31],"killed_by":"Champ","ascension_level":17}