{"path_per_floor":["M","M","M","?","T","E","R","?","T","R","E","?","$","E","R"],"character_chosen":"IRONCLAD","items_purchased":["Flash of Steel","Pommel Strike"],"gold_per_floor":[14,30,44,44,67,102,102,72,120,120,145,145,8,33,33,33],"floor_reached":16,"campfire_rested":2,"playtime":1028,"current_hp_per_floor":[71,67,73,73,73,49,73,73,80,80,82,82,82,58,84,0],"items_purged":[],"gold":33,"score":162,"play_id":"26b0f7f1-c293-4009-8c1c-ed44e3bc960a","local_time":"20180522211321","is_prod":false,"is_daily":false,"chose_seed":false,"is_ascension_mode":true,"campfire_upgraded":1,"timestamp":1527012801,"campfire_choices":[{"floor":7,"key":"REST"},{"data":"Intimidate","floor":10,"key":"SMITH"},{"floor":15,"key":"REST"}],"path_taken":["M","M","M","?","?","E","R","?","T","R","E","?","?","E","R","BOSS"],"build_version":"2018-05-17","seed_source_timestamp":82456822634831,"purchased_purges":0,"victory":false,"master_deck":["Strike_R","Strike_R","Strike_R","Strike_R","Strike_R","Defend_R","Defend_R","Defend_R","Defend_R","Bash","Dark Embrace","Infernal Blade+1","Flex","Warcry","Intimidate+1","Fiend Fire+1","Flash of Steel","Pommel Strike","Sentinel"],"max_hp_per_floor":[80,80,80,80,80,80,80,80,87,87,87,87,87,87,87,87],"relics":["Burning Blood","Juzu Bracelet","Gremlin Horn","Strawberry","Matryoshka","Bottled Tornado"],"card_choices":[{"not_picked":["Fiend Fire","Barricade"],"picked":"Dark Embrace","floor":0},{"not_picked":["Warcry","Seeing Red"],"picked":"Infernal Blade","floor":1},{"not_picked":["True Grit","Clothesline"],"picked":"Flex","floor":2},{"not_picked":["Iron Wave","Evolve"],"picked":"Warcry","floor":3},{"not_picked":["Heavy Blade","Twin Strike"],"picked":"Intimidate","floor":6},{"not_picked":["Iron Wave","Heavy Blade"],"picked":"Fiend Fire","floor":11},{"not_picked":["Hemokinesis","Clothesline"],"picked":"Sentinel","floor":14}],"player_experience":431275,"potions_floor_usage":[6,11,11,11,16],"damage_taken":[{"damage":7,"enemies":"Small Slimes","floor":1,"turns":4},{"damage":10,"enemies":"Jaw Worm","floor":2,"turns":5},{"damage":0,"enemies":"2 Louse","floor":3,"turns":2},{"damage":30,"enemies":"Lagavulin","floor":6,"turns":5},{"damage":4,"enemies":"3 Sentries","floor":11,"turns":5},{"damage":30,"enemies":"Lagavulin","floor":14,"turns":4},{"damage":87,"enemies":"The Guardian","floor":16,"turns":10}],"relics_obtained":[{"floor":5,"key":"Juzu Bracelet"},{"floor":6,"key":"Gremlin Horn"},{"floor":9,"key":"Strawberry"},{"floor":11,"key":"Matryoshka"},{"floor":14,"key":"Bottled Tornado"}],"event_choices":[{"event_name":"Living Wall","player_choice":"Grow","floor":4,"damage_taken":0},{"event_name":"The Woman in Blue","player_choice":"Bought 2 Potions","floor":8,"damage_taken":0},{"event_name":"Upgrade Shrine","player_choice":"Upgraded","floor":12,"damage_taken":0}],"boss_relics":[],"potions_floor_spawned":[1,2,14],"seed_played":"9202535572068785374","killed_by":"The Guardian","ascension_level":8,"potions_obtained":[{"floor":1,"key":"Energy Potion"},{"floor":2,"key":"SpeedPotion"},{"floor":8,"key":"GamblersBrew"},{"floor":8,"key":"Explosive Potion"},{"floor":14,"key":"Explosive Potion"}],"is_trial":false}