{"gold_per_floor":[115,115,115,115,115,115,145,145,145,169,16,16,36,55,55,154,154,169,169,169,180,190,190,217,229,241,267,292,9,9,20,20,124,124,140,140,140,151,66,66],"floor_reached":40,"playtime":1812,"items_purged":["Shame"],"score":402,"play_id":"8e9cc6c6-e161-496c-a720-f1372aae173b","local_time":"20190303184425","is_ascension_mode":false,"campfire_choices":[{"data":"Bash","floor":6.0,"key":"SMITH"},{"data":"Metallicize","floor":8.0,"key":"SMITH"},{"data":"Defend_R","floor":12.0,"key":"SMITH"},{"floor":15.0,"key":"REST"},{"data":"Demon Form","floor":23.0,"key":"SMITH"},{"data":"Whirlwind","floor":25.0,"key":"SMITH"},{"data":"Apotheosis","floor":32.0,"key":"SMITH"}],"neow_cost":"NONE","seed_source_timestamp":0,"circlet_count":0,"master_deck":["Strike_R","Strike_R","Strike_R","Defend_R+1","Defend_R","Defend_R","Defend_R+1","Bash+1","Forethought+1","Metallicize+1","Combust","Shrug It Off","Demon Form+1","Sword Boomerang","Whirlwind+1","Iron Wave","Pommel Strike+1","Seeing Red","Perfected Strike","Sentinel","Apotheosis+1","Carnage+1","Doubt","Injury","Dual Wield","Flame Barrier","Battle Trance"],"special_seed":0,"relics":["Burning Blood","Letter Opener","Shuriken","Potion Belt","Odd Mushroom","Lantern","Velvet Choker","Boot","MawBank","Blood Vial","Membership Card","Calling Bell","Smiling Mask","Dodecahedron","Pocketwatch"],"potions_floor_usage":[],"damage_taken":[{"damage":0.0,"enemies":"2 Louse","floor":1.0,"turns":3.0},{"damage":45.0,"enemies":"Lagavulin","floor":7.0,"turns":6.0},{"damage":16.0,"enemies":"The Mushroom Lair","floor":10.0,"turns":6.0},{"damage":4.0,"enemies":"Jaw Worm","floor":13.0,"turns":3.0},{"damage":0.0,"enemies":"Small Slimes","floor":14.0,"turns":3.0},{"damage":16.0,"enemies":"The Guardian","floor":16.0,"turns":14.0},{"damage":3.0,"enemies":"3 Byrds","floor":18.0,"turns":5.0},{"damage":10.0,"enemies":"Spheric Guardian","floor":21.0,"turns":5.0},{"damage":0.0,"enemies":"Centurion and Healer","floor":22.0,"turns":6.0},{"damage":54.0,"enemies":"Slavers","floor":24.0,"turns":6.0},{"damage":21.0,"enemies":"Snake Plant","floor":27.0,"turns":3.0},{"damage":5.0,"enemies":"Cultist and Chosen","floor":28.0,"turns":4.0},{"damage":2.0,"enemies":"Centurion and Healer","floor":31.0,"turns":5.0},{"damage":18.0,"enemies":"Champ","floor":33.0,"turns":10.0},{"damage":7.0,"enemies":"3 Shapes","floor":35.0,"turns":6.0},{"damage":15.0,"enemies":"Orb Walker","floor":38.0,"turns":3.0},{"damage":0,"enemies":"Reptomancer","floor":40,"turns":1}],"seed_played":"-7952051599804999506","potions_obtained":[{"floor":10.0,"key":"Explosive Potion"},{"floor":14.0,"key":"SpeedPotion"},{"floor":16.0,"key":"Poison Potion"},{"floor":18.0,"key":"Energy Potion"},{"floor":21.0,"key":"FairyPotion"},{"floor":33.0,"key":"Dexterity Potion"},{"floor":38.0,"key":"BloodPotion"}],"is_trial":false,"path_per_floor":["M","?","?","T","?","R","E","R","T","?","$","R","M","M","R","B",null,"M","?","?","M","M","R","E","R","T","M","M","$","$","M","R","B",null,"M","?","?","M","$","E"],"character_chosen":"IRONCLAD","items_purchased":["Lantern","Membership Card","Apotheosis","Battle Trance"],"campfire_rested":1,"item_purchase_floors":[11,29,29,39],"current_hp_per_floor":[80,64,64,64,64,64,25,25,25,15,15,15,17,23,47,37,80,80,80,80,76,80,80,32,32,32,19,22,22,22,28,28,18,80,79,76,76,67,67,69],"gold":66,"neow_bonus":"RANDOM_COLORLESS","is_prod":false,"is_daily":false,"chose_seed":false,"campfire_upgraded":6,"win_rate":0,"timestamp":1551606265,"path_taken":["M","?","?","?","?","R","E","R","T","?","?","R","M","M","R","BOSS","M","?","?","?","M","R","E","R","T","M","M","?","$","M","R","BOSS","M","?","?","M","?","E"],"build_version":"2019-01-23","purchased_purges":1,"victory":false,"max_hp_per_floor":[80,80,80,80,80,80,80,80,80,80,80,80,80,80,80,80,80,80,80,80,80,80,80,80,80,80,80,80,80,80,80,80,80,80,80,76,76,76,76,76],"card_choices":[{"not_picked":["Thunderclap","Warcry"],"picked":"Perfected Strike","floor":1.0},{"not_picked":["Warcry","Pummel"],"picked":"Metallicize","floor":7.0},{"not_picked":["Seeing Red","Hemokinesis"],"picked":"Combust","floor":10.0},{"not_picked":["Intimidate","Body Slam"],"picked":"Shrug It Off","floor":13.0},{"not_picked":["Barricade","Bludgeon"],"picked":"Demon Form","floor":16.0},{"not_picked":["Flex","Cleave"],"picked":"Headbutt","floor":18.0},{"not_picked":["Headbutt","Flex"],"picked":"Iron Wave","floor":21.0},{"not_picked":["Havoc","Iron Wave"],"picked":"Pommel Strike+1","floor":22.0},{"not_picked":["Cleave+1","Shockwave"],"picked":"Seeing Red","floor":24.0},{"not_picked":["Sword Boomerang","Dual Wield"],"picked":"Perfected Strike","floor":27.0},{"not_picked":["Entrench+1","Cleave"],"picked":"Sentinel","floor":28.0},{"not_picked":["Thunderclap","Spot Weakness"],"picked":"Carnage+1","floor":31.0},{"not_picked":["Offering","Fiend Fire"],"picked":"Berserk","floor":33.0},{"not_picked":["Feel No Pain","Entrench+1"],"picked":"Dual Wield","floor":35.0},{"not_picked":["Armaments+1","Fire Breathing"],"picked":"Flame Barrier","floor":38.0}],"player_experience":1968416,"relics_obtained":[{"floor":4.0,"key":"Letter Opener"},{"floor":7.0,"key":"Shuriken"},{"floor":9.0,"key":"Potion Belt"},{"floor":10.0,"key":"Odd Mushroom"},{"floor":24.0,"key":"MawBank"},{"floor":26.0,"key":"Blood Vial"},{"floor":34.0,"key":"Smiling Mask"},{"floor":34.0,"key":"Dodecahedron"},{"floor":34.0,"key":"Pocketwatch"}],"event_choices":[{"damage_healed":0.0,"max_hp_gain":0.0,"max_hp_loss":0.0,"gold_gain":0.0,"event_name":"Shining Light","player_choice":"Entered Light","floor":2.0,"gold_loss":0.0,"damage_taken":16.0,"cards_upgraded":["Defend_R","Forethought"]},{"cards_removed":["Strike_R"],"damage_healed":0.0,"max_hp_gain":0.0,"max_hp_loss":0.0,"gold_gain":0.0,"event_name":"Living Wall","player_choice":"Forget","floor":3.0,"gold_loss":0.0,"damage_taken":0.0},{"damage_healed":0.0,"max_hp_gain":0.0,"max_hp_loss":0.0,"gold_gain":0.0,"event_name":"Liars Game","player_choice":"Ignored","floor":5.0,"gold_loss":0.0,"damage_taken":0.0},{"damage_healed":0.0,"max_hp_gain":0.0,"max_hp_loss":0.0,"gold_gain":0.0,"event_name":"Mushrooms","player_choice":"Fought Mushrooms","floor":10.0,"gold_loss":0.0,"damage_taken":0.0},{"damage_healed":0.0,"max_hp_gain":0.0,"max_hp_loss":0.0,"gold_gain":0.0,"cards_transformed":["Perfected Strike","Strike_R"],"event_name":"Drug Dealer","player_choice":"Became Test Subject","floor":19.0,"gold_loss":0.0,"damage_taken":0.0,"cards_obtained":["Sword Boomerang","Whirlwind"]},{"cards_removed":["Headbutt"],"damage_healed":0.0,"max_hp_gain":0.0,"max_hp_loss":0.0,"gold_gain":0.0,"event_name":"WeMeetAgain","player_choice":"Gave Card","floor":20.0,"gold_loss":0.0,"damage_taken":0.0,"relics_obtained":["Boot"]},{"damage_healed":0.0,"max_hp_gain":0.0,"max_hp_loss":4.0,"gold_gain":0.0,"event_name":"Winding Halls","player_choice":"Max HP","floor":36.0,"gold_loss":0.0,"damage_taken":0.0},{"cards_removed":["Berserk"],"damage_healed":0.0,"max_hp_gain":0.0,"max_hp_loss":0.0,"gold_gain":0.0,"event_name":"Falling","player_choice":"Removed Power","floor":37.0,"gold_loss":0.0,"damage_taken":0.0}],"is_beta":false,"boss_relics":[{"not_picked":["Sozu","Snecko Eye"],"picked":"Velvet Choker"},{"not_picked":["Black Blood","Runic Cube"],"picked":"Calling Bell"}],"items_purged_floors":[39],"is_endless":false,"potions_floor_spawned":[10,14,16,18,21,33,38],"killed_by":"Reptomancer","ascension_level":0}