{"gold_per_floor":[118,193,210,360,16,51,51,68,68,95,95,95,110,143,143,214,214,229,245,245,261,261,287,287,287,314,314,314],"floor_reached":28,"playtime":833,"items_purged":["Doubt"],"score":608,"play_id":"335faeec-0df7-442a-b6fc-f403558ec89f","local_time":"20190303134921","is_ascension_mode":true,"campfire_choices":[{"data":"Whirlwind","floor":7.0,"key":"SMITH"},{"data":"True Grit","floor":11.0,"key":"SMITH"},{"data":"Demon Form","floor":15.0,"key":"SMITH"},{"data":"Barricade","floor":24.0,"key":"SMITH"},{"data":"Entrench","floor":27.0,"key":"SMITH"}],"neow_cost":"NONE","seed_source_timestamp":135346751733399,"circlet_count":0,"master_deck":["AscendersBane","Strike_R","Strike_R","Strike_R","Strike_R","Defend_R","Defend_R","Defend_R","Defend_R","Bash","Whirlwind+1","True Grit+1","Evolve","Flame Barrier","Finesse","Seeing Red","Battle Trance","Inflame","Shrug It Off","Demon Form+1","Barricade+1","Body Slam","Flex","Entrench+1","Battle Trance","Ghostly","Ghostly","Ghostly","Immolate"],"special_seed":0,"relics":["Burning Blood","NeowsBlessing","Self Forming Clay","Potion Belt","Prayer Wheel","Happy Flower","Centennial Puzzle","Runic Dome","WingedGreaves"],"potions_floor_usage":[28],"damage_taken":[{"damage":0.0,"enemies":"Small Slimes","floor":1.0,"turns":1.0},{"damage":0.0,"enemies":"2 Louse","floor":3.0,"turns":1.0},{"damage":0.0,"enemies":"3 Sentries","floor":6.0,"turns":1.0},{"damage":6.0,"enemies":"Cultist","floor":8.0,"turns":3.0},{"damage":29.0,"enemies":"Gremlin Nob","floor":10.0,"turns":4.0},{"damage":4.0,"enemies":"Exordium Wildlife","floor":13.0,"turns":3.0},{"damage":0.0,"enemies":"3 Sentries","floor":14.0,"turns":2.0},{"damage":22.0,"enemies":"The Guardian","floor":16.0,"turns":12.0},{"damage":13.0,"enemies":"Spheric Guardian","floor":18.0,"turns":5.0},{"damage":17.0,"enemies":"2 Thieves","floor":19.0,"turns":4.0},{"damage":16.0,"enemies":"Chosen and Byrds","floor":21.0,"turns":6.0},{"damage":33.0,"enemies":"Book of Stabbing","floor":23.0,"turns":8.0},{"damage":16,"enemies":"Masked Bandits","floor":28,"turns":3}],"seed_played":"-4456885253670502430","potions_obtained":[{"floor":8.0,"key":"GamblersBrew"},{"floor":10.0,"key":"Energy Potion"},{"floor":13.0,"key":"SpeedPotion"},{"floor":19.0,"key":"Fire Potion"},{"floor":21.0,"key":"AttackPotion"}],"is_trial":false,"path_per_floor":["M","?","M","?","$","E","R","M","T","E","R","?","M","E","R","B",null,"M","M","?","M","?","E","R","?","T","R","?"],"character_chosen":"IRONCLAD","items_purchased":["Evolve","Flame Barrier","Finesse","FearPotion"],"campfire_rested":0,"item_purchase_floors":[5,5,5,5],"current_hp_per_floor":[74,63,69,69,69,75,75,75,75,52,52,52,54,60,60,44,67,60,49,49,39,37,10,10,10,10,10,0],"gold":314,"neow_bonus":"THREE_ENEMY_KILL","is_prod":false,"is_daily":false,"chose_seed":false,"campfire_upgraded":5,"win_rate":0,"timestamp":1551588561,"path_taken":["M","?","M","?","$","E","R","M","T","E","R","?","M","E","R","BOSS","M","?","?","?","?","E","R","?","T","R","?"],"build_version":"2019-01-23","purchased_purges":1,"victory":false,"max_hp_per_floor":[75,75,75,75,75,75,75,75,75,75,75,75,75,75,75,75,75,75,75,75,75,37,37,37,37,37,37,37],"card_choices":[{"not_picked":["Armaments","Blood for Blood"],"picked":"Whirlwind","floor":1.0},{"not_picked":["Thunderclap","Armaments"],"picked":"True Grit","floor":3.0},{"not_picked":["Corruption","Rupture"],"picked":"Seeing Red","floor":6.0},{"not_picked":["Clothesline","Anger"],"picked":"Shrug It Off","floor":8.0},{"not_picked":["Flame Barrier","Wild Strike"],"picked":"Battle Trance","floor":10.0},{"not_picked":["Bloodletting","Perfected Strike"],"picked":"Inflame","floor":13.0},{"not_picked":["Sword Boomerang","Corruption"],"picked":"Shrug It Off","floor":13.0},{"not_picked":["Wild Strike","Pommel Strike"],"picked":"Demon Form","floor":14.0},{"not_picked":["Reaper","Bludgeon"],"picked":"Barricade","floor":16.0},{"not_picked":["Pommel Strike","Twin Strike"],"picked":"Body Slam","floor":18.0},{"not_picked":["Iron Wave","True Grit","Hemokinesis+1"],"picked":"SKIP","floor":18.0},{"not_picked":["Evolve","Pommel Strike"],"picked":"Flex","floor":19.0},{"not_picked":["Corruption","Dual Wield","Clash"],"picked":"SKIP","floor":19.0},{"not_picked":["Dropkick","Wild Strike"],"picked":"Battle Trance","floor":21.0},{"not_picked":["Carnage","Havoc","Wild Strike"],"picked":"SKIP","floor":21.0},{"not_picked":["Clash","Twin Strike"],"picked":"Immolate","floor":23.0}],"player_experience":1963422,"relics_obtained":[{"floor":6.0,"key":"Self Forming Clay"},{"floor":9.0,"key":"Potion Belt"},{"floor":10.0,"key":"Prayer Wheel"},{"floor":14.0,"key":"Centennial Puzzle"},{"floor":23.0,"key":"WingedGreaves"}],"event_choices":[{"damage_healed":0.0,"max_hp_gain":0.0,"max_hp_loss":0.0,"gold_gain":75.0,"event_name":"World of Goop","player_choice":"Gather Gold","floor":2.0,"gold_loss":0.0,"damage_taken":11.0},{"damage_healed":0.0,"max_hp_gain":0.0,"max_hp_loss":0.0,"gold_gain":150.0,"event_name":"Liars Game","player_choice":"AGREE","floor":4.0,"gold_loss":0.0,"damage_taken":0.0,"cards_obtained":["Doubt"]},{"cards_removed":["Shrug It Off"],"damage_healed":0.0,"max_hp_gain":0.0,"max_hp_loss":0.0,"gold_gain":0.0,"event_name":"WeMeetAgain","player_choice":"Gave Card","floor":12.0,"gold_loss":0.0,"damage_taken":0.0,"relics_obtained":["Happy Flower"]},{"damage_healed":0.0,"max_hp_gain":0.0,"max_hp_loss":0.0,"gold_gain":0.0,"cards_transformed":["Strike_R"],"event_name":"Transmorgrifier","player_choice":"Transformed","floor":20.0,"gold_loss":0.0,"damage_taken":0.0,"cards_obtained":["Entrench"]},{"damage_healed":0.0,"max_hp_gain":0.0,"max_hp_loss":38.0,"gold_gain":0.0,"event_name":"Ghosts","player_choice":"Became a Ghost","floor":22.0,"gold_loss":0.0,"damage_taken":0.0,"cards_obtained":["Ghostly","Ghostly","Ghostly"]},{"damage_healed":0.0,"max_hp_gain":0.0,"max_hp_loss":0.0,"gold_gain":0.0,"event_name":"Cursed Tome","player_choice":"Ignored","floor":25.0,"gold_loss":0.0,"damage_taken":0.0},{"damage_healed":0,"gold_gain":0,"player_choice":"Fought Bandits","damage_taken":0,"max_hp_gain":0,"max_hp_loss":0,"event_name":"Masked Bandits","floor":28,"gold_loss":0}],"is_beta":false,"boss_relics":[{"not_picked":["Mark of Pain","Philosopher\u0027s Stone"],"picked":"Runic Dome"}],"items_purged_floors":[5],"is_endless":false,"potions_floor_spawned":[8,10,13,19,21],"killed_by":"Masked Bandits","ascension_level":20}