{"gold_per_floor":[111,123,147,176,188,200,6,36,113,113,145,145,170,190,190,268,268,288,338,338,338,22,22,57,57,57,85,85,85],"floor_reached":29,"playtime":1183,"items_purged":[],"score":530,"play_id":"60c70d59-0262-463a-85d0-64664b59ceda","local_time":"20190301124909","is_ascension_mode":true,"campfire_choices":[{"data":"Consume","floor":6.0,"key":"SMITH"},{"data":"Loop","floor":10.0,"key":"SMITH"},{"data":"Zap","floor":15.0,"key":"SMITH"},{"data":"Dualcast","floor":23.0,"key":"SMITH"},{"floor":25.0,"key":"REST"}],"neow_cost":"NONE","seed_source_timestamp":3720784649300,"circlet_count":0,"master_deck":["AscendersBane","Strike_B+1","Strike_B+1","Strike_B+1","Strike_B+1","Defend_B+1","Defend_B+1","Defend_B+1","Defend_B+1","Zap+1","Dualcast+1","Coolheaded","Consume+1","Loop+1","Cold Snap","Glacier","Echo Form","Ghostly","Ghostly","Ghostly","Chaos+1"],"special_seed":0,"relics":["Cracked Core","NeowsBlessing","MawBank","Blood Vial","Sundial","Shuriken","Bottled Lightning","Happy Flower","Black Star","Ice Cream","Calipers","Bronze Scales","Darkstone Periapt","Regal Pillow","Bird Faced Urn"],"potions_floor_usage":[],"damage_taken":[{"damage":0.0,"enemies":"Cultist","floor":1.0,"turns":1.0},{"damage":0.0,"enemies":"2 Louse","floor":2.0,"turns":1.0},{"damage":0.0,"enemies":"Jaw Worm","floor":4.0,"turns":1.0},{"damage":30.0,"enemies":"3 Sentries","floor":8.0,"turns":9.0},{"damage":17.0,"enemies":"Lagavulin","floor":11.0,"turns":6.0},{"damage":11.0,"enemies":"Exordium Thugs","floor":14.0,"turns":5.0},{"damage":8.0,"enemies":"Hexaghost","floor":16.0,"turns":14.0},{"damage":0.0,"enemies":"Chosen","floor":18.0,"turns":5.0},{"damage":27.0,"enemies":"Colosseum Slavers","floor":20.0,"turns":5.0},{"damage":28.0,"enemies":"Gremlin Leader","floor":24.0,"turns":9.0},{"damage":16,"enemies":"Book of Stabbing","floor":27,"turns":7},{"damage":0,"enemies":"Shell Parasite","floor":29,"turns":1}],"seed_played":"3908852807358103267","potions_obtained":[{"floor":4.0,"key":"Block Potion"},{"floor":8.0,"key":"FearPotion"},{"floor":11.0,"key":"LiquidBronze"},{"floor":18.0,"key":"Fire Potion"}],"is_trial":false,"path_per_floor":["M","M","T","M","$","R","$","E","T","R","E","?","T","M","R","B",null,"M","?","?","?","$","R","E","R","T","E","?","M"],"character_chosen":"DEFECT","items_purchased":["Blood Vial","Loop","Ice Cream"],"campfire_rested":1,"item_purchase_floors":[7,7,22],"current_hp_per_floor":[64,64,64,64,64,64,64,36,36,36,21,21,21,12,12,6,55,57,57,32,32,32,32,6,16,16,2,2,4],"gold":85,"neow_bonus":"THREE_ENEMY_KILL","is_prod":false,"is_daily":false,"chose_seed":false,"campfire_upgraded":4,"win_rate":0,"timestamp":1551412149,"path_taken":["M","M","?","?","$","R","$","E","T","R","E","?","?","M","R","BOSS","M","?","?","?","$","R","E","R","T","E","?","M"],"build_version":"2019-01-23","purchased_purges":0,"victory":false,"max_hp_per_floor":[71,71,71,71,71,71,71,71,71,71,71,71,71,71,71,71,71,71,71,71,35,35,35,35,35,35,35,35,35],"card_choices":[{"not_picked":["Heatsinks","Rebound"],"picked":"Coolheaded","floor":1.0},{"not_picked":["Reprogram","Hologram","Conserve Battery"],"picked":"SKIP","floor":2.0},{"not_picked":["Sweeping Beam","Hologram"],"picked":"Consume","floor":4.0},{"not_picked":["Hyperbeam","Go for the Eyes"],"picked":"Cold Snap","floor":8.0},{"not_picked":["Machine Learning","Rebound","Sweeping Beam"],"picked":"SKIP","floor":11.0},{"not_picked":["Hello World","Reinforced Body"],"picked":"Glacier","floor":14.0},{"not_picked":["Thunder Strike","Biased Cognition"],"picked":"Echo Form","floor":16.0},{"not_picked":["Auto Shields","Compile Driver","Rip and Tear"],"picked":"SKIP","floor":18.0},{"not_picked":["Coolheaded","Multi-Cast"],"picked":"Chaos+1","floor":24.0},{"not_picked":["Steam","Streamline+1","Barrage"],"picked":"SKIP","floor":27}],"player_experience":1909432,"relics_obtained":[{"floor":3.0,"key":"MawBank"},{"floor":8.0,"key":"Sundial"},{"floor":9.0,"key":"Shuriken"},{"floor":11.0,"key":"Bottled Lightning"},{"floor":13.0,"key":"Happy Flower"},{"floor":24.0,"key":"Calipers"},{"floor":24.0,"key":"Bronze Scales"},{"floor":26.0,"key":"Darkstone Periapt"},{"floor":27,"key":"Regal Pillow"},{"floor":27,"key":"Bird Faced Urn"}],"event_choices":[{"damage_healed":0.0,"max_hp_gain":0.0,"max_hp_loss":0.0,"gold_gain":0.0,"event_name":"Liars Game","player_choice":"Ignored","floor":12.0,"gold_loss":0.0,"damage_taken":0.0},{"damage_healed":0.0,"max_hp_gain":0.0,"max_hp_loss":0.0,"gold_gain":50.0,"event_name":"Nest","player_choice":"Stole From Cult","floor":19.0,"gold_loss":0.0,"damage_taken":0.0},{"damage_healed":0.0,"max_hp_gain":0.0,"max_hp_loss":0.0,"gold_gain":0.0,"event_name":"Colosseum","player_choice":"Fight","floor":20.0,"gold_loss":0.0,"damage_taken":0.0},{"damage_healed":0.0,"max_hp_gain":0.0,"max_hp_loss":0.0,"gold_gain":0.0,"event_name":"Colosseum","player_choice":"Fled From Nobs","floor":20.0,"gold_loss":0.0,"damage_taken":0.0},{"damage_healed":0.0,"max_hp_gain":0.0,"max_hp_loss":36.0,"gold_gain":0.0,"event_name":"Ghosts","player_choice":"Became a Ghost","floor":21.0,"gold_loss":0.0,"damage_taken":0.0,"cards_obtained":["Ghostly","Ghostly","Ghostly"]},{"damage_healed":0,"gold_gain":0,"player_choice":"Simplicity","damage_taken":0,"max_hp_gain":0,"max_hp_loss":0,"event_name":"Back to Basics","floor":28,"gold_loss":0,"cards_upgraded":["Strike_B","Strike_B","Strike_B","Strike_B","Defend_B","Defend_B","Defend_B","Defend_B"]}],"is_beta":false,"boss_relics":[{"not_picked":["Tiny House","Eternal Feather"],"picked":"Black Star"}],"items_purged_floors":[],"is_endless":false,"potions_floor_spawned":[4,8,11,18,20],"killed_by":"Shell Parasite","ascension_level":20}