{"path_per_floor":["M","?","?","M","?","R","M","M","T","R","?","R","E","M","R","B",null,"M","M","?"],"character_chosen":"DEFECT","items_purchased":[],"gold_per_floor":[118,118,78,99,99,99,123,137,209,209,234,234,278,293,293,413,413,431,450,550,550],"floor_reached":21,"campfire_rested":2,"playtime":1076,"item_purchase_floors":[],"current_hp_per_floor":[53,53,53,49,49,49,38,31,31,31,27,49,20,10,34,13,64,62,36,36,0],"items_purged":[],"gold":550,"score":242,"play_id":"85ff861d-0c16-4dc6-8d77-1fb38e66387f","local_time":"20180521191358","is_prod":false,"is_daily":false,"chose_seed":false,"is_ascension_mode":true,"campfire_upgraded":2,"timestamp":1526901238,"campfire_choices":[{"data":"Creative AI","floor":6,"key":"SMITH"},{"data":"Zap","floor":10,"key":"SMITH"},{"floor":12,"key":"REST"},{"floor":15,"key":"REST"}],"path_taken":["M","?","?","?","?","R","M","M","T","R","?","R","E","M","R","BOSS","M","M","?","?"],"build_version":"2018-05-18","seed_source_timestamp":874126546546820,"purchased_purges":0,"victory":false,"master_deck":["Strike_B","Strike_B","Strike_B","Defend_B","Defend_B","Defend_B","Defend_B","Zap+1","Dualcast","Creative AI+1","Leap","Self Repair","Buffer","Leap+1"],"max_hp_per_floor":[75,69,69,74,74,74,74,74,74,74,74,74,81,81,81,81,81,81,81,81,81],"relics":["Cracked Core","Golden Idol","Question Card","Odd Mushroom","Strawberry","Velvet Choker"],"card_choices":[{"not_picked":["Hologram","Ball Lightning","Go for the Eyes"],"picked":"SKIP","floor":1},{"not_picked":["Hologram","Coolheaded","Beam Cell"],"picked":"SKIP","floor":4},{"not_picked":["Tempest","Coolheaded"],"picked":"Leap","floor":7},{"not_picked":["Go for the Eyes","Skim","Streamline"],"picked":"SKIP","floor":8},{"not_picked":["Capacitor","Barrage","Lockon","Rebound"],"picked":"SKIP","floor":13},{"not_picked":["Streamline","Axe Kick","Chaos"],"picked":"Self Repair","floor":14},{"not_picked":["Reboot","Electrodynamics","Meteor Strike"],"picked":"Buffer","floor":16},{"not_picked":["Stack","Rebound","Sweeping Beam+1","Axe Kick+1"],"picked":"SKIP","floor":18},{"not_picked":["Cold Snap","Ball Lightning","Streamline"],"picked":"Leap+1","floor":19}],"player_experience":397796,"potions_floor_usage":[4,11,11,13,16,21],"damage_taken":[{"damage":15,"enemies":"Cultist","floor":1,"turns":5},{"damage":9,"enemies":"2 Louse","floor":4,"turns":3},{"damage":11,"enemies":"Jaw Worm","floor":7,"turns":5},{"damage":7,"enemies":"Looter","floor":8,"turns":5},{"damage":44,"enemies":"The Mushroom Lair","floor":11,"turns":6},{"damage":36,"enemies":"Gremlin Nob","floor":13,"turns":5},{"damage":10,"enemies":"Gremlin Gang","floor":14,"turns":6},{"damage":28,"enemies":"Slime Boss","floor":16,"turns":10},{"damage":9,"enemies":"Shell Parasite","floor":18,"turns":7},{"damage":33,"enemies":"Spheric Guardian","floor":19,"turns":7},{"damage":37,"enemies":"Slaver and Parasite","floor":21,"turns":5}],"relics_obtained":[{"floor":9,"key":"Question Card"},{"floor":11,"key":"Odd Mushroom"},{"floor":13,"key":"Strawberry"}],"event_choices":[{"event_name":"Golden Idol","player_choice":"Lose Max HP","floor":2,"damage_taken":0},{"event_name":"The Woman in Blue","player_choice":"Bought 3 Potions","floor":3,"damage_taken":0},{"event_name":"Living Wall","player_choice":"Forget","floor":5,"damage_taken":0},{"event_name":"Mushrooms","player_choice":"Fought Mushrooms","floor":11,"damage_taken":0},{"event_name":"Golden Shrine","player_choice":"Pray","floor":20,"damage_taken":0}],"boss_relics":[{"not_picked":["Runic Dome","Tiny House"],"picked":"Velvet Choker"}],"items_purged_floors":[],"potions_floor_spawned":[7,13,16],"seed_played":"8873507577837148565","killed_by":"Slaver and Parasite","ascension_level":7,"potions_obtained":[{"floor":3,"key":"Regen Potion"},{"floor":3,"key":"EssenceOfSteel"},{"floor":3,"key":"Fruit Juice"},{"floor":7,"key":"Regen Potion"},{"floor":13,"key":"GamblersBrew"},{"floor":16,"key":"EssenceOfSteel"}],"is_trial":false}