{"path_per_floor":["M","M","?","?","M","E","?","?","T","M","M","M","R","E","R","B",null,"M","?","M","?","$","E","M","R","T","?","E","R","M","M","R"],"character_chosen":"THE_SILENT","items_purchased":["Bottled Tornado"],"gold_per_floor":[111,126,126,76,95,127,127,127,127,145,170,191,191,227,227,350,350,371,371,340,340,3,32,45,45,45,45,73,73,85,98,98],"floor_reached":33,"campfire_rested":0,"playtime":2147,"current_hp_per_floor":[70,70,70,70,70,39,39,39,39,38,40,42,42,38,38,25,55,53,53,50,50,50,30,36,36,36,36,43,43,52,55,55],"items_purged":["Strike_G"],"gold":98,"score":371,"play_id":"84b5c66a-1235-4571-bcde-eb9cc919cea6","local_time":"20180303200347","is_prod":false,"is_daily":false,"is_ascension_mode":true,"campfire_upgraded":5,"timestamp":1520078627,"path_taken":["M","M","?","?","M","E","?","?","T","M","?","M","R","E","R","BOSS","M","?","M","?","$","E","M","R","T","?","E","R","M","M","R","BOSS"],"build_version":"2018-03-02-BETA2","purchased_purges":1,"victory":false,"master_deck":["Defend_G","Defend_G","Defend_G","Defend_G","Strike_G","Strike_G","Strike_G","Survivor","Neutralize+1","Backflip","Well Laid Plans+1","Terror","Dagger Spray+1","Dash+1","Leg Sweep","Blur","Dash+1","Bullet Time+1","Backflip","Predator","Predator","Adrenaline+1","Quick Slash+1","Footwork+1"],"max_hp_per_floor":[70,70,70,70,70,70,65,65,65,65,65,65,65,65,65,65,65,65,65,65,65,65,65,65,65,65,65,65,65,65,65,65],"relics":["Ring of the Snake","Orichalcum","Bloody Idol","Bird Faced Urn","Matryoshka","Lizard Tail","Bottled Tornado","Blood Vial","Centennial Puzzle","Darkstone Periapt","Anchor"],"card_choices":[{"not_picked":["Outmaneuver","Deflect"],"picked":"Backflip"},{"not_picked":["Escape Plan","Distraction"],"picked":"Well Laid Plans"},{"not_picked":["Concentrate","Setup"],"picked":"Terror"},{"not_picked":["Doppelganger","Skewer"],"picked":"Dagger Spray"},{"not_picked":["Prepared","Eviscerate"],"picked":"Dash"},{"not_picked":["Quick Slash","Malaise"],"picked":"Leg Sweep"},{"not_picked":["Poisoned Stab","Bane"],"picked":"Blur"},{"not_picked":["Backflip","Dodge and Roll"],"picked":"Dash"},{"not_picked":["Doppelganger","Burst"],"picked":"Bullet Time"},{"not_picked":["Malaise","Flechettes"],"picked":"Backflip"},{"not_picked":["Backflip","Masterful Stab"],"picked":"Predator"},{"not_picked":["Riddle With Holes","Underhanded Strike"],"picked":"Adrenaline"},{"not_picked":["Cloak And Dagger","Underhanded Strike"],"picked":"Quick Slash"},{"not_picked":["Distraction","Dagger Spray"],"picked":"Footwork"}],"player_experience":145924,"potions_floor_usage":[12,14,23,23,28,33,33],"damage_taken":[{"damage":0,"enemies":"Small Slimes","floor":1,"turns":5},{"damage":0,"enemies":"Jaw Worm","floor":2,"turns":5},{"damage":0,"enemies":"2 Louse","floor":5,"turns":4},{"damage":31,"enemies":"Gremlin Nob","floor":6,"turns":5},{"damage":3,"enemies":"2 Fungi Beasts","floor":10,"turns":3},{"damage":0,"enemies":"Blue Slaver","floor":11,"turns":3},{"damage":0,"enemies":"Red Slaver","floor":12,"turns":2},{"damage":6,"enemies":"Lagavulin","floor":14,"turns":5},{"damage":15,"enemies":"Slime Boss","floor":16,"turns":11},{"damage":4,"enemies":"3 Byrds","floor":18,"turns":6},{"damage":5,"enemies":"2 Thieves","floor":20,"turns":5},{"damage":59,"enemies":"Slavers","floor":23,"turns":10},{"damage":3,"enemies":"3 Cultists","floor":24,"turns":6},{"damage":2,"enemies":"Book of Stabbing","floor":28,"turns":5},{"damage":0,"enemies":"Cultist and Chosen","floor":30,"turns":5},{"damage":6,"enemies":"Snake Plant","floor":31,"turns":4},{"damage":75,"enemies":"Champ","floor":33,"turns":10}],"event_choices":[{"event_name":"Living Wall","player_choice":"Grow","floor":3,"damage_taken":0},{"event_name":"The Cleric","player_choice":"Card Removal","floor":4,"damage_taken":0},{"event_name":"Golden Idol","player_choice":"Lose Max HP","floor":7,"damage_taken":0},{"event_name":"Upgrade Shrine","player_choice":"Upgraded","floor":8,"damage_taken":0},{"event_name":"The Library","player_choice":"Read","floor":19,"damage_taken":0},{"event_name":"Forgotten Altar","player_choice":"Gave Idol","floor":21,"damage_taken":0},{"event_name":"Bonfire Elementals","player_choice":"BASIC","floor":27,"damage_taken":0}],"boss_relics":[{"not_picked":["Orrery","Runic Dome"],"picked":"Lizard Tail"}],"potions_floor_spawned":[6,10,11,16,18,20,28,30],"seed_played":"-323440006292940204","killed_by":"Champ","ascension_level":5,"is_trial":false}