{"gold_per_floor":[109,123,5,5,5,5,36,36,81,98,112,112,112,129,129,208,208,227,147],"floor_reached":19,"playtime":410,"items_purged":[],"score":384,"play_id":"0b621d79-6be3-4ec4-91f6-644c0b62452d","local_time":"20190421154918","is_ascension_mode":true,"campfire_choices":[{"data":"Defragment","floor":6,"key":"SMITH"},{"data":"Recycle","floor":8,"key":"SMITH"},{"data":"Redo","floor":13,"key":"SMITH"},{"data":"Coolheaded","floor":15,"key":"SMITH"}],"neow_cost":"NONE","seed_source_timestamp":474771349440400,"circlet_count":0,"master_deck":["AscendersBane","Strike_B","Strike_B","Strike_B","Strike_B","Defend_B+1","Defend_B","Defend_B","Zap","Dualcast","Conserve Battery+1","Recycle+1","Coolheaded+1","Defragment+1","Melter","Ball Lightning","Redo+1","Self Repair","Fission","Cold Snap"],"relics":["Cracked Core","NeowsBlessing","War Paint","CultistMask","Black Star"],"potions_floor_usage":[16],"damage_taken":[{"damage":0,"enemies":"Cultist","floor":1,"turns":1},{"damage":0,"enemies":"2 Louse","floor":2,"turns":1},{"damage":0,"enemies":"Lagavulin","floor":7,"turns":1},{"damage":0,"enemies":"Small Slimes","floor":10,"turns":4},{"damage":8,"enemies":"Gremlin Gang","floor":11,"turns":5},{"damage":3,"enemies":"Looter","floor":14,"turns":2},{"damage":30,"enemies":"Slime Boss","floor":16,"turns":10},{"damage":37,"enemies":"3 Byrds","floor":18,"turns":7},{"damage":10,"enemies":"2 Thieves","floor":19,"turns":3}],"seed_played":"-1068577907783653212","potions_obtained":[{"floor":7,"key":"FocusPotion"},{"floor":11,"key":"EssenceOfSteel"}],"is_trial":false,"path_per_floor":["M","M","$","?","?","R","E","R","T","M","M","?","R","M","R","B",null,"M","M"],"character_chosen":"DEFECT","items_purchased":["Coolheaded","Defragment"],"campfire_rested":0,"item_purchase_floors":[3,3],"current_hp_per_floor":[64,64,64,57,57,57,57,57,57,57,49,49,49,46,46,23,59,29,19],"gold":147,"neow_bonus":"THREE_ENEMY_KILL","is_prod":false,"is_daily":false,"chose_seed":false,"campfire_upgraded":4,"win_rate":0,"timestamp":1555829358,"path_taken":["M","?","$","?","?","R","E","R","T","?","M","?","R","M","R","BOSS","M","?"],"build_version":"2019-01-23","purchased_purges":0,"victory":false,"max_hp_per_floor":[71,71,71,71,71,71,71,71,71,71,71,71,71,71,71,71,71,71,71],"card_choices":[{"not_picked":["Go for the Eyes","FTL"],"picked":"Conserve Battery","floor":1},{"not_picked":["Lockon","Conserve Battery"],"picked":"Recycle","floor":2},{"not_picked":["Reprogram","Hello World"],"picked":"Melter","floor":7},{"not_picked":["FTL","Conserve Battery"],"picked":"Ball Lightning","floor":10},{"not_picked":["Steam Power","Scrape"],"picked":"Redo","floor":11},{"not_picked":["Streamline","Compile Driver"],"picked":"Self Repair","floor":14},{"not_picked":["Hyperbeam","Reboot"],"picked":"Fission","floor":16},{"not_picked":["Gash","Storm"],"picked":"Cold Snap","floor":18}],"player_experience":3278280,"relics_obtained":[{"floor":9,"key":"War Paint"}],"event_choices":[{"cards_removed":["Defend_B"],"damage_healed":0,"gold_gain":0,"player_choice":"Card Removal","damage_taken":7,"max_hp_gain":0,"max_hp_loss":0,"event_name":"Golden Wing","floor":4,"gold_loss":0},{"damage_healed":0,"gold_gain":0,"player_choice":"0 cards matched","damage_taken":0,"max_hp_gain":0,"max_hp_loss":0,"event_name":"Match and Keep!","floor":5,"gold_loss":0,"cards_obtained":[]},{"damage_healed":0,"gold_gain":0,"player_choice":"Trade","damage_taken":0,"relics_obtained":["CultistMask"],"max_hp_gain":0,"max_hp_loss":0,"event_name":"FaceTrader","floor":12,"gold_loss":0}],"is_beta":false,"boss_relics":[{"not_picked":["Tiny House","Snecko Eye"],"picked":"Black Star"}],"items_purged_floors":[],"is_endless":false,"potions_floor_spawned":[7,11],"killed_by":"2 Thieves","ascension_level":20}