{"gold_per_floor":[18,32,48,60,76,107,122,122,122,155,155,155,155,0,0,71,71,91,103,103,13,13],"floor_reached":22,"playtime":700,"items_purged":["Strike_B"],"score":392,"play_id":"9055a5e0-bf9b-4e92-97fb-a4df3738de74","local_time":"20190405185247","is_ascension_mode":true,"campfire_choices":[{"data":"Consume","floor":8,"key":"SMITH"},{"floor":11,"key":"REST"},{"data":"Capacitor","floor":13,"key":"SMITH"},{"data":"Capacitor","floor":15,"key":"SMITH"}],"neow_cost":"NO_GOLD","seed_source_timestamp":632542502101500,"circlet_count":0,"master_deck":["AscendersBane","Strike_B","Strike_B","Defend_B","Defend_B","Defend_B","Defend_B","Zap","Dualcast","Echo Form","Cold Snap","Consume+1","Turbo","Capacitor+1","Capacitor+1","Echo Form","Ball Lightning","BootSequence+1","Discovery"],"relics":["Cracked Core","Happy Flower","Kunai","Art of War","Bottled Lightning","Coffee Dripper"],"potions_floor_usage":[4,5,6,7,16],"damage_taken":[{"damage":2,"enemies":"Cultist","floor":1,"turns":4},{"damage":2,"enemies":"Jaw Worm","floor":2,"turns":3},{"damage":0,"enemies":"Small Slimes","floor":3,"turns":4},{"damage":10,"enemies":"Red Slaver","floor":4,"turns":3},{"damage":12,"enemies":"Blue Slaver","floor":5,"turns":5},{"damage":19,"enemies":"3 Sentries","floor":6,"turns":8},{"damage":4,"enemies":"2 Fungi Beasts","floor":7,"turns":4},{"damage":15,"enemies":"Lagavulin","floor":10,"turns":7},{"damage":26,"enemies":"The Guardian","floor":16,"turns":9},{"damage":29,"enemies":"3 Byrds","floor":18,"turns":7},{"damage":7,"enemies":"Spheric Guardian","floor":19,"turns":4},{"damage":16,"enemies":"Snake Plant","floor":22,"turns":3}],"seed_played":"1607484484775220396","potions_obtained":[{"floor":2,"key":"Swift Potion"},{"floor":3,"key":"SkillPotion"},{"floor":4,"key":"Regen Potion"},{"floor":6,"key":"SkillPotion"},{"floor":10,"key":"Regen Potion"},{"floor":19,"key":"FocusPotion"}],"is_trial":false,"path_per_floor":["M","M","M","M","M","E","M","R","T","E","R","T","R","$","R","B",null,"M","M","?","$","M"],"character_chosen":"DEFECT","items_purchased":["Capacitor","Discovery"],"campfire_rested":1,"item_purchase_floors":[14,21],"current_hp_per_floor":[62,60,60,50,52,33,29,29,29,14,35,35,35,35,35,24,59,30,23,23,23,7],"gold":13,"neow_bonus":"THREE_RARE_CARDS","is_prod":false,"is_daily":false,"chose_seed":false,"campfire_upgraded":3,"win_rate":0,"timestamp":1554457967,"path_taken":["M","M","?","M","?","E","M","R","T","E","R","?","R","?","R","BOSS","M","M","?","$","M"],"build_version":"2019-01-23","purchased_purges":1,"victory":false,"max_hp_per_floor":[71,71,71,71,71,71,71,71,71,71,71,71,71,71,71,71,71,71,71,71,71,71],"card_choices":[{"not_picked":["Seek","Amplify"],"picked":"Echo Form","floor":0},{"not_picked":["Leap","Beam Cell","Rebound"],"picked":"SKIP","floor":1},{"not_picked":["Reinforced Body","Redo"],"picked":"Cold Snap","floor":2},{"not_picked":["Sunder","Darkness"],"picked":"Consume","floor":3},{"not_picked":["Rebound","Barrage"],"picked":"Turbo","floor":4},{"not_picked":["Steam","Hologram","Fission"],"picked":"SKIP","floor":5},{"not_picked":["Doom and Gloom","Static Discharge"],"picked":"Capacitor","floor":6},{"not_picked":["Conserve Battery","Redo","Steam"],"picked":"SKIP","floor":7},{"not_picked":["Gash","Sweeping Beam","Aggregate"],"picked":"SKIP","floor":10},{"not_picked":["Fission","Reboot"],"picked":"Echo Form","floor":16},{"not_picked":["Conserve Battery","Capacitor"],"picked":"Ball Lightning","floor":18},{"not_picked":["Compile Driver","Sweeping Beam+1"],"picked":"BootSequence+1","floor":19}],"player_experience":2891708,"relics_obtained":[{"floor":6,"key":"Happy Flower"},{"floor":9,"key":"Kunai"},{"floor":10,"key":"Art of War"},{"floor":12,"key":"Bottled Lightning"}],"event_choices":[{"cards_removed":["Strike_B"],"damage_healed":0,"gold_gain":0,"player_choice":"Elegance","damage_taken":0,"max_hp_gain":0,"max_hp_loss":0,"event_name":"Back to Basics","floor":20,"gold_loss":0}],"is_beta":false,"boss_relics":[{"not_picked":["Tiny House","Empty Cage"],"picked":"Coffee Dripper"}],"items_purged_floors":[14],"is_endless":false,"potions_floor_spawned":[2,3,4,6,10,19],"killed_by":"Snake Plant","ascension_level":20}