{"path_per_floor":["M","M","?","?","M","E","R","M","T","R","E","M","?","M","R","B",null,"M","M","M","?","M","E","R","$","T","M","M","R","M","?","R"],"character_chosen":"IRONCLAD","items_purchased":["Whetstone","Blood for Blood"],"gold_per_floor":[116,132,132,132,143,177,177,195,222,222,255,265,265,278,278,377,377,387,398,412,412,432,459,459,159,159,171,190,190,210,210,210],"floor_reached":33,"campfire_rested":3,"playtime":2921,"current_hp_per_floor":[80,80,64,57,60,25,25,20,20,44,50,46,39,45,45,7,80,79,75,76,76,69,37,37,37,37,30,24,48,35,20,45],"items_purged":["Defend_R"],"gold":210,"play_id":"7a0da6bd-d966-4c7f-9c35-aed81e2d98d4","is_prod":false,"is_daily":false,"is_ascension_mode":false,"campfire_upgraded":3,"path_taken":["M","M","?","?","M","E","R","M","T","R","E","M","?","M","R","BOSS","M","M","M","?","M","E","R","$","T","M","M","R","M","?","R","BOSS"],"build_version":"2018-01-25-PROD3","purchased_purges":1,"victory":false,"master_deck":["Strike_R","Strike_R","Strike_R","Strike_R","Strike_R+1","Defend_R","Bash+1","Shrug It Off","Cleave+1","Shrug It Off","Flex+1","Clash+1","Reckless Charge+1","Double Tap","Iron Wave+1","Berserk","Heavy Blade","Seeing Red","Perfected Strike+1","Battle Trance","Whirlwind+1","Blood for Blood","Iron Wave+1","Armaments+1","Heavy Blade","Sever Soul+1"],"max_hp_per_floor":[80,80,80,80,80,80,80,80,80,80,80,80,80,80,80,80,80,80,80,80,80,80,80,80,80,80,80,80,80,80,85,85],"relics":["Burning Blood","Pen Nib","Bag of Preparation","Prayer Wheel","Frozen Eye","Sozu","Sundial","Whetstone","Bird Faced Urn"],"card_choices":[{"not_picked":["Sword Boomerang","Whirlwind"],"picked":"Shrug It Off"},{"not_picked":["Heavy Blade","True Grit"],"picked":"Cleave"},{"not_picked":["Rage","Barricade"],"picked":"Shrug It Off"},{"not_picked":["Cleave","Thunderclap"],"picked":"Flex"},{"not_picked":["Flex","Rampage"],"picked":"Clash"},{"not_picked":["Flame Barrier","Anger"],"picked":"Reckless Charge"},{"not_picked":["Dropkick","Flame Barrier"],"picked":"Double Tap"},{"not_picked":["Shrug It Off","Metallicize"],"picked":"Iron Wave"},{"not_picked":["Juggernaut","Offering"],"picked":"Berserk"},{"not_picked":["Iron Wave","True Grit"],"picked":"Heavy Blade"},{"not_picked":["Anger","Pommel Strike"],"picked":"Seeing Red"},{"not_picked":["Body Slam","Burning Pact"],"picked":"Perfected Strike"},{"not_picked":["Rampage","Shrug It Off"],"picked":"Battle Trance"},{"not_picked":["Dual Wield","Flame Barrier"],"picked":"Whirlwind"},{"not_picked":["Bludgeon","Anger"],"picked":"Iron Wave"},{"not_picked":["Anger","Thunderclap"],"picked":"Armaments"},{"not_picked":["Bloodletting","Thunderclap"],"picked":"Heavy Blade"},{"not_picked":["Power Through","Shrug It Off"],"picked":"Sever Soul"}],"player_experience":59429,"potions_floor_usage":[11],"damage_taken":[{"damage":0,"enemies":"2 Louse","floor":1,"turns":2},{"damage":6,"enemies":"Cultist","floor":2,"turns":3},{"damage":3,"enemies":"Small Slimes","floor":5,"turns":3},{"damage":41,"enemies":"Lagavulin","floor":6,"turns":9},{"damage":11,"enemies":"Exordium Thugs","floor":8,"turns":4},{"damage":0,"enemies":"Gremlin Nob","floor":11,"turns":2},{"damage":10,"enemies":"3 Louse","floor":12,"turns":2},{"damage":0,"enemies":"Large Slime","floor":14,"turns":4},{"damage":44,"enemies":"The Guardian","floor":16,"turns":6},{"damage":7,"enemies":"Shell Parasite","floor":18,"turns":3},{"damage":10,"enemies":"Chosen","floor":19,"turns":3},{"damage":5,"enemies":"3 Cultists","floor":20,"turns":4},{"damage":13,"enemies":"Snake Plant","floor":22,"turns":2},{"damage":38,"enemies":"Gremlin Leader","floor":23,"turns":5},{"damage":15,"enemies":"Snecko","floor":27,"turns":3},{"damage":12,"enemies":"Centurion and Healer","floor":28,"turns":2},{"damage":21,"enemies":"Snake Plant","floor":30,"turns":2},{"damage":62,"enemies":"Automaton","floor":33,"turns":6}],"event_choices":[{"event_name":"Shining Light","player_choice":"Entered Light","floor":3,"damage_taken":0},{"event_name":"Golden Wing","player_choice":"Card Removal","floor":4,"damage_taken":0},{"event_name":"Scrap Ooze","player_choice":"success","floor":13,"damage_taken":7},{"event_name":"The Lab","player_choice":"Got Potions","floor":21,"damage_taken":0},{"event_name":"Forgotten Altar","player_choice":"Shed Blood","floor":31,"damage_taken":0}],"boss_relics":[{"not_picked":["Cursed Key","Question Card"],"picked":"Sozu"}],"potions_floor_spawned":[2,8,14,19,23,27,30],"seed_played":"-5649892131037251053","killed_by":"Automaton","ascension_level":0,"is_trial":false}