{"gold_per_floor":[110,56,66,79,79,79,94,121,196,231,231,260,260,277,277,353,353,366,42,54,87,87,87,87,87,87,87,87,87,100,44,44,44],"floor_reached":33,"playtime":868,"items_purged":["Strike_B"],"score":622,"play_id":"80993e93-2e85-46b6-8c29-dd9c0731e165","local_time":"20190424131916","is_ascension_mode":true,"campfire_choices":[{"data":"Streamline","floor":6,"key":"SMITH"},{"data":"Zap","floor":11,"key":"SMITH"},{"data":"Dualcast","floor":15,"key":"SMITH"},{"data":"Self Repair","floor":23,"key":"SMITH"},{"data":"Defragment","floor":25,"key":"SMITH"},{"data":"Seek","floor":27,"key":"SMITH"},{"data":"Rainbow","floor":29,"key":"SMITH"},{"data":"White Noise","floor":32,"key":"SMITH"}],"neow_cost":"PERCENT_DAMAGE","seed_source_timestamp":177806117432900,"circlet_count":0,"master_deck":["AscendersBane","Strike_B","Strike_B","Strike_B","Defend_B","Defend_B","Defend_B","Defend_B","Zap+1","Dualcast+1","Core Surge","Streamline+1","Ball Lightning","Cold Snap","Self Repair+1","Rainbow+1","Echo Form","Defragment+1","Seek+1","White Noise+1"],"relics":["Cracked Core","StoneCalendar","Dodecahedron","Orichalcum","DataDisk","Strawberry","Coffee Dripper","Blood Vial","Red Mask","Bag of Preparation"],"potions_floor_usage":[8,10,16,16,21,33,33],"damage_taken":[{"damage":1,"enemies":"Small Slimes","floor":1,"turns":3},{"damage":1,"enemies":"Cultist","floor":3,"turns":3},{"damage":0,"enemies":"2 Louse","floor":4,"turns":2},{"damage":3,"enemies":"Blue Slaver","floor":7,"turns":2},{"damage":8,"enemies":"Gremlin Nob","floor":8,"turns":3},{"damage":10,"enemies":"3 Sentries","floor":10,"turns":6},{"damage":2,"enemies":"Gremlin Nob","floor":12,"turns":3},{"damage":0,"enemies":"Large Slime","floor":14,"turns":4},{"damage":0,"enemies":"Slime Boss","floor":16,"turns":3},{"damage":22,"enemies":"2 Thieves","floor":18,"turns":4},{"damage":13,"enemies":"Chosen","floor":20,"turns":4},{"damage":40,"enemies":"Masked Bandits","floor":21,"turns":4},{"damage":0,"enemies":"Snake Plant","floor":30,"turns":3},{"damage":26,"enemies":"Collector","floor":33,"turns":6}],"seed_played":"3156389318965994924","potions_obtained":[{"floor":1,"key":"EssenceOfSteel"},{"floor":8,"key":"Fire Potion"},{"floor":10,"key":"AttackPotion"},{"floor":14,"key":"FearPotion"},{"floor":16,"key":"AttackPotion"},{"floor":18,"key":"Ancient Potion"},{"floor":20,"key":"Energy Potion"},{"floor":30,"key":"AttackPotion"}],"is_trial":false,"path_per_floor":["M","$","M","M","?","R","M","E","T","E","R","E","?","M","R","B",null,"M","$","M","?","?","R","?","R","T","R","$","R","M","$","R","B"],"character_chosen":"DEFECT","items_purchased":["Fire Potion","Blood Vial","Seek","PowerPotion"],"campfire_rested":0,"item_purchase_floors":[2,19,19,31],"current_hp_per_floor":[45,45,44,44,67,67,64,56,56,46,46,44,51,58,58,58,73,51,51,54,16,16,16,16,16,16,16,16,16,18,18,18,0],"gold":44,"neow_bonus":"THREE_RARE_CARDS","is_prod":false,"is_daily":false,"chose_seed":false,"campfire_upgraded":8,"win_rate":0,"timestamp":1556079556,"path_taken":["M","$","M","M","?","R","M","E","T","E","R","E","?","?","R","BOSS","M","$","M","?","?","R","?","R","T","R","?","R","M","?","R","BOSS"],"build_version":"2019-01-23","purchased_purges":1,"victory":false,"max_hp_per_floor":[71,71,71,71,71,71,71,71,71,71,71,71,78,78,78,78,78,78,78,78,78,78,78,78,78,78,78,78,78,78,78,78,78],"card_choices":[{"not_picked":["Meteor Strike","Seek"],"picked":"Core Surge","floor":0},{"not_picked":["Heatsinks","Chaos","Redo"],"picked":"SKIP","floor":1},{"not_picked":["FTL","Redo"],"picked":"Streamline","floor":3},{"not_picked":["Conserve Battery","Storm"],"picked":"Ball Lightning","floor":4},{"not_picked":["Beam Cell","Hologram"],"picked":"Cold Snap","floor":7},{"not_picked":["Streamline","Chaos","Ball Lightning"],"picked":"SKIP","floor":8},{"not_picked":["Streamline","Chaos","Ball Lightning"],"picked":"SKIP","floor":8},{"not_picked":["Leap","Barrage","Ball Lightning"],"picked":"SKIP","floor":10},{"not_picked":["Static Discharge","Steam"],"picked":"Self Repair","floor":12},{"not_picked":["Reprogram","Lockon"],"picked":"Rainbow","floor":14},{"not_picked":["Creative AI","Meteor Strike"],"picked":"Echo Form","floor":16},{"not_picked":["Leap","Undo"],"picked":"Defragment","floor":18},{"not_picked":["Barrage","Force Field","Leap"],"picked":"SKIP","floor":20},{"not_picked":["Stack","Storm"],"picked":"White Noise","floor":21},{"not_picked":["Barrage","Go for the Eyes+1","Beam Cell"],"picked":"SKIP","floor":30}],"player_experience":3334056,"relics_obtained":[{"floor":8,"key":"StoneCalendar"},{"floor":9,"key":"Dodecahedron"},{"floor":10,"key":"Orichalcum"},{"floor":12,"key":"DataDisk"},{"floor":21,"key":"Red Mask"},{"floor":26,"key":"Bag of Preparation"}],"event_choices":[{"damage_healed":23,"gold_gain":0,"player_choice":"Banana","damage_taken":0,"max_hp_gain":0,"max_hp_loss":0,"event_name":"Big Fish","floor":5,"gold_loss":0},{"damage_healed":0,"gold_gain":0,"player_choice":"Gave Potion","damage_taken":0,"relics_obtained":["Strawberry"],"max_hp_gain":0,"max_hp_loss":0,"event_name":"WeMeetAgain","floor":13,"gold_loss":0},{"damage_healed":0,"gold_gain":0,"player_choice":"Fought Bandits","damage_taken":0,"max_hp_gain":0,"max_hp_loss":0,"event_name":"Masked Bandits","floor":21,"gold_loss":0},{"damage_healed":0,"gold_gain":0,"player_choice":"Ignored","damage_taken":0,"max_hp_gain":0,"max_hp_loss":0,"event_name":"The Mausoleum","floor":22,"gold_loss":0},{"damage_healed":0,"gold_gain":0,"player_choice":"Ignored","damage_taken":0,"max_hp_gain":0,"max_hp_loss":0,"event_name":"Cursed Tome","floor":24,"gold_loss":0}],"is_beta":false,"boss_relics":[{"not_picked":["Astrolabe","Tiny House"],"picked":"Coffee Dripper"}],"items_purged_floors":[19],"is_endless":false,"potions_floor_spawned":[1,7,8,10,14,16,18,20,30],"killed_by":"Collector","ascension_level":20}