{"gold_per_floor":[111,121,45,45,45,78,78,78,78,78,78,28,28,58,58,153,153,169,84,84,84,103,103,129,129,152,152,19,19,33,33,45,153,165,197,209,232,244,256,301,332,358,370,411,55,55,81,94,94,94],"floor_reached":51,"playtime":1567,"items_purged":["Sever Soul+1"],"score":1119,"play_id":"233c3710-a35b-424e-aad6-fb5ac3abff4d","local_time":"20190203120811","is_ascension_mode":true,"campfire_choices":[{"data":"Fiend Fire","floor":8,"key":"SMITH"},{"floor":11,"key":"REST"},{"data":"Bash","floor":13,"key":"SMITH"},{"floor":15,"key":"REST"},{"data":"Immolate","floor":23,"key":"SMITH"},{"data":"Strike_R","floor":25,"key":"PURGE"},{"data":"Strike_R","floor":27,"key":"PURGE"},{"data":"Strike_R","floor":29,"key":"PURGE"},{"data":"Rampage","floor":32,"key":"SMITH"},{"data":"Dark Embrace+1","floor":46,"key":"PURGE"},{"data":"Rage","floor":49,"key":"SMITH"}],"neow_cost":"TEN_PERCENT_HP_LOSS","seed_source_timestamp":97354697105400,"circlet_count":0,"master_deck":["Defend_R+1","Defend_R+1","Bash+1","Feel No Pain","Fiend Fire+1","Reaper","Immolate+1","Rage+1","Flex+1","Rampage+1","Shrug It Off","Battle Trance","Offering","Pommel Strike+1","Second Wind+1","Body Slam+1","Seeing Red","Headbutt+1","Armaments+1"],"relics":["Burning Blood","Ginger","Peace Pipe","StoneCalendar","War Paint","Calipers","Coffee Dripper","Potion Belt","MutagenicStrength","Pen Nib","Strawberry","MawBank","Astrolabe","Red Skull","Happy Flower","Gambling Chip","Oddly Smooth Stone","Medical Kit","Incense Burner"],"potions_floor_usage":[16,16,18,24,24,47,50,50,50,50],"damage_taken":[{"damage":7,"enemies":"Small Slimes","floor":1,"turns":3},{"damage":14,"enemies":"Jaw Worm","floor":2,"turns":3},{"damage":34,"enemies":"Gremlin Nob","floor":6,"turns":5},{"damage":2,"enemies":"3 Sentries","floor":14,"turns":7},{"damage":41,"enemies":"Slime Boss","floor":16,"turns":7},{"damage":31,"enemies":"2 Thieves","floor":18,"turns":4},{"damage":0,"enemies":"Chosen","floor":22,"turns":4},{"damage":0,"enemies":"Gremlin Leader","floor":24,"turns":3},{"damage":9,"enemies":"Centurion and Healer","floor":30,"turns":3},{"damage":20,"enemies":"Champ","floor":33,"turns":7},{"damage":11,"enemies":"3 Shapes","floor":35,"turns":2},{"damage":9,"enemies":"Orb Walker","floor":37,"turns":3},{"damage":6,"enemies":"Reptomancer","floor":40,"turns":3},{"damage":9,"enemies":"Transient","floor":41,"turns":5},{"damage":16,"enemies":"Maw","floor":42,"turns":6},{"damage":31,"enemies":"Giant Head","floor":44,"turns":6},{"damage":36,"enemies":"Nemesis","floor":47,"turns":7},{"damage":6,"enemies":"3 Darklings","floor":48,"turns":1},{"damage":37,"enemies":"Awakened One","floor":50,"turns":9}],"seed_played":"-3819389622880857900","potions_obtained":[{"floor":6,"key":"BloodPotion"},{"floor":16,"key":"Energy Potion"},{"floor":18,"key":"Fire Potion"},{"floor":22,"key":"SkillPotion"},{"floor":24,"key":"Energy Potion"},{"floor":37,"key":"SkillPotion"},{"floor":39,"key":"Block Potion"},{"floor":39,"key":"SneckoOil"},{"floor":39,"key":"FearPotion"},{"floor":41,"key":"Regen Potion"},{"floor":47,"key":"Strength Potion"},{"floor":48,"key":"Fire Potion"}],"is_trial":false,"path_per_floor":["M","M","$","?","?","E","?","R","T","?","R","$","R","E","R","B",null,"M","?","?","?","M","R","E","R","T","R","$","R","M","?","R","B",null,"M","?","M","?","?","E","M","M","T","E","$","R","E","M","R","B",null],"character_chosen":"IRONCLAD","items_purchased":["Feel No Pain","Strength Potion","Rampage","Shrug It Off","Medical Kit","AttackPotion","Strength Potion"],"campfire_rested":2,"item_purchase_floors":[3,12,28,28,45,45,45],"current_hp_per_floor":[71,63,63,49,42,14,14,14,14,7,28,28,28,32,53,25,60,45,45,32,32,38,38,72,72,79,79,79,79,84,84,84,70,81,84,84,81,81,81,81,84,80,80,62,62,62,46,46,46,33],"gold":94,"neow_bonus":"ONE_RARE_RELIC","is_prod":false,"is_daily":false,"chose_seed":false,"campfire_upgraded":5,"win_rate":0,"timestamp":1549163291,"path_taken":["M","M","$","?","?","E","?","R","T","?","R","?","R","E","R","BOSS","M","?","?","?","M","R","E","R","T","R","?","R","M","?","R","BOSS","M","?","?","?","?","E","?","M","T","E","$","R","E","M","R","BOSS"],"build_version":"2019-01-23","purchased_purges":1,"victory":true,"max_hp_per_floor":[72,72,72,72,72,72,72,72,72,72,72,72,72,72,72,72,72,72,72,77,77,77,77,77,77,84,84,84,84,84,84,84,84,84,84,84,84,84,84,84,84,84,84,84,84,84,84,84,84,84],"card_choices":[{"not_picked":["Headbutt","Dropkick","Sword Boomerang"],"picked":"SKIP","floor":1},{"not_picked":["Metallicize","Perfected Strike","Rupture"],"picked":"SKIP","floor":2},{"not_picked":["Warcry","Bloodletting"],"picked":"Fiend Fire","floor":6},{"not_picked":["Inflame","Sword Boomerang"],"picked":"Reaper","floor":14},{"not_picked":["Dark Embrace","Fiend Fire"],"picked":"Immolate","floor":16},{"not_picked":["Thunderclap","Bloodletting"],"picked":"Rage","floor":18},{"not_picked":["Bloodletting","Shrug It Off"],"picked":"Flex+1","floor":22},{"not_picked":["Hemokinesis+1","Armaments","Anger"],"picked":"SKIP","floor":24},{"not_picked":["Pommel Strike","Heavy Blade"],"picked":"Battle Trance","floor":30},{"not_picked":["Reaper","Demon Form"],"picked":"Offering","floor":33},{"not_picked":["Uppercut+1","Anger+1","Feel No Pain"],"picked":"SKIP","floor":35},{"not_picked":["Dropkick","Clothesline"],"picked":"Second Wind+1","floor":37},{"not_picked":["Warcry+1","Sever Soul+1"],"picked":"Body Slam+1","floor":40},{"not_picked":["Feel No Pain","Uppercut+1"],"picked":"Seeing Red","floor":41},{"not_picked":["Thunderclap","Blood for Blood+1"],"picked":"Headbutt+1","floor":42},{"not_picked":["Wild Strike+1","Limit Break"],"picked":"Armaments+1","floor":44},{"not_picked":["Inflame+1","Immolate","Twin Strike"],"picked":"SKIP","floor":47},{"not_picked":["Perfected Strike+1","Headbutt","Sever Soul+1"],"picked":"SKIP","floor":48}],"player_experience":9623,"relics_obtained":[{"floor":6,"key":"Peace Pipe"},{"floor":9,"key":"StoneCalendar"},{"floor":14,"key":"Calipers"},{"floor":24,"key":"Pen Nib"},{"floor":26,"key":"Strawberry"},{"floor":40,"key":"Happy Flower"},{"floor":43,"key":"Gambling Chip"},{"floor":44,"key":"Oddly Smooth Stone"},{"floor":47,"key":"Incense Burner"}],"event_choices":[{"damage_healed":0,"gold_gain":0,"player_choice":"Entered Light","damage_taken":14,"max_hp_gain":0,"max_hp_loss":0,"event_name":"Shining Light","floor":4,"gold_loss":0,"cards_upgraded":["Defend_R","Defend_R"]},{"cards_removed":["Defend_R"],"damage_healed":0,"gold_gain":0,"player_choice":"Card Removal","damage_taken":7,"max_hp_gain":0,"max_hp_loss":0,"event_name":"Golden Wing","floor":5,"gold_loss":0},{"damage_healed":0,"gold_gain":0,"player_choice":"Searched \u00270\u0027 times","damage_taken":0,"max_hp_gain":0,"max_hp_loss":0,"event_name":"Dead Adventurer","floor":7,"gold_loss":0},{"damage_healed":0,"gold_gain":0,"player_choice":"Success","damage_taken":7,"relics_obtained":["War Paint"],"max_hp_gain":0,"max_hp_loss":0,"event_name":"Scrap Ooze","floor":10,"gold_loss":0},{"damage_healed":0,"gold_gain":0,"player_choice":"Obtained Relic","damage_taken":0,"relics_obtained":["Potion Belt"],"max_hp_gain":0,"max_hp_loss":0,"event_name":"Addict","floor":19,"gold_loss":85},{"damage_healed":0,"gold_gain":0,"player_choice":"Shed Blood","damage_taken":18,"max_hp_gain":5,"max_hp_loss":0,"event_name":"Forgotten Altar","floor":20,"gold_loss":0},{"damage_healed":0,"gold_gain":0,"player_choice":"Inject Mutagens","damage_taken":0,"relics_obtained":["MutagenicStrength"],"max_hp_gain":0,"max_hp_loss":0,"event_name":"Drug Dealer","floor":21,"gold_loss":0},{"damage_healed":0,"gold_gain":0,"player_choice":"Opened","damage_taken":0,"relics_obtained":["MawBank"],"max_hp_gain":0,"max_hp_loss":0,"event_name":"The Mausoleum","floor":31,"gold_loss":0},{"damage_healed":0,"gold_gain":0,"player_choice":"Gave Potion","damage_taken":0,"relics_obtained":["Red Skull"],"max_hp_gain":0,"max_hp_loss":0,"event_name":"WeMeetAgain","floor":36,"gold_loss":0},{"damage_healed":0,"gold_gain":0,"player_choice":"Ignored","damage_taken":0,"max_hp_gain":0,"max_hp_loss":0,"event_name":"Tomb of Lord Red Mask","floor":38,"gold_loss":0},{"damage_healed":0,"gold_gain":0,"player_choice":"Got Potions","damage_taken":0,"max_hp_gain":0,"max_hp_loss":0,"event_name":"Lab","floor":39,"gold_loss":0}],"is_beta":false,"boss_relics":[{"not_picked":["Lizard Tail","Black Blood"],"picked":"Coffee Dripper"},{"not_picked":["Runic Cube","Mark of Pain"],"picked":"Astrolabe"}],"items_purged_floors":[45],"is_endless":false,"potions_floor_spawned":[6,16,18,22,24,37,41,47,48],"ascension_level":5}