{"gold_per_floor":[117,117,133,144,156,156,186,212,224,236,264,296,21,0,0,0],"floor_reached":16,"playtime":793,"items_purged":[],"score":187,"play_id":"c2f9a9a3-ccdf-4663-b570-6c7c62a4ef5f","local_time":"20181214093523","is_ascension_mode":true,"campfire_choices":[{"floor":6,"key":"REST"},{"floor":10,"key":"REST"},{"floor":15,"key":"REST"}],"neow_cost":"TEN_PERCENT_HP_LOSS","seed_source_timestamp":418780527444969,"circlet_count":0,"master_deck":["AscendersBane","Strike_B","Strike_B","Strike_B","Strike_B","Defend_B","Defend_B","Defend_B","Defend_B","Zap","Dualcast","Storm","Meteor Strike","Aggregate","Ball Lightning","Chaos","BootSequence","Core Surge","Chaos","Reboot"],"relics":["Cracked Core","Calipers","MawBank","Bottled Flame","Sundial"],"potions_floor_usage":[5,12,16],"damage_taken":[{"damage":0,"enemies":"Small Slimes","floor":1,"turns":3},{"damage":1,"enemies":"Cultist","floor":3,"turns":3},{"damage":1,"enemies":"2 Louse","floor":4,"turns":2},{"damage":14,"enemies":"Exordium Wildlife","floor":5,"turns":5},{"damage":27,"enemies":"Lagavulin","floor":7,"turns":8},{"damage":8,"enemies":"Red Slaver","floor":8,"turns":4},{"damage":11,"enemies":"2 Fungi Beasts","floor":11,"turns":4},{"damage":0,"enemies":"Blue Slaver","floor":12,"turns":2},{"damage":56,"enemies":"The Guardian","floor":16,"turns":10}],"seed_played":"2078530979380938456","potions_obtained":[{"floor":1,"key":"EssenceOfSteel"},{"floor":5,"key":"SteroidPotion"},{"floor":12,"key":"Fire Potion"}],"is_trial":false,"path_per_floor":["M","?","M","M","M","R","E","M","T","R","M","M","$","?","R","B"],"character_chosen":"DEFECT","items_purchased":["Sundial"],"campfire_rested":3,"item_purchase_floors":[13],"current_hp_per_floor":[64,64,63,62,48,64,37,29,29,48,37,37,37,37,56,0],"gold":0,"neow_bonus":"ONE_RARE_RELIC","is_prod":false,"is_daily":false,"chose_seed":false,"campfire_upgraded":0,"win_rate":0,"timestamp":1544772923,"path_taken":["M","?","M","M","M","R","E","?","T","R","M","M","$","?","R","BOSS"],"build_version":"2018-12-13","purchased_purges":0,"victory":false,"max_hp_per_floor":[64,64,64,64,64,64,64,64,64,64,64,64,64,64,64,64],"card_choices":[{"not_picked":["Hologram","Streamline"],"picked":"Storm","floor":1},{"not_picked":["Barrage","Coolheaded"],"picked":"Aggregate","floor":3},{"not_picked":["Streamline","Melter"],"picked":"Ball Lightning","floor":4},{"not_picked":["Leap","Genetic Algorithm"],"picked":"Chaos","floor":5},{"not_picked":["Rip and Tear","Leap"],"picked":"BootSequence","floor":7},{"not_picked":["Conserve Battery","Cold Snap"],"picked":"Core Surge","floor":8},{"not_picked":["Compile Driver","Redo"],"picked":"Chaos","floor":11},{"not_picked":["Turbo","Skim"],"picked":"Reboot","floor":12}],"player_experience":825123,"relics_obtained":[{"floor":7,"key":"MawBank"},{"floor":9,"key":"Bottled Flame"}],"event_choices":[{"damage_healed":0,"gold_gain":0,"player_choice":"1 cards matched","damage_taken":0,"max_hp_gain":0,"max_hp_loss":0,"event_name":"Match and Keep!","floor":2,"gold_loss":0,"cards_obtained":["Meteor Strike"]},{"damage_healed":0,"gold_gain":0,"player_choice":"Left Gold","damage_taken":0,"max_hp_gain":0,"max_hp_loss":0,"event_name":"World of Goop","floor":14,"gold_loss":21}],"is_beta":false,"boss_relics":[],"items_purged_floors":[],"is_endless":false,"potions_floor_spawned":[1,5,12],"killed_by":"The Guardian","ascension_level":16}