{"path_per_floor":["M","?","M","M","$","R","E","R","T","R","M","E","?","M","R","B",null,"M","M","?","M","?","M","?","R","T","M","$","M","R","E","R","B",null,"M","M","?","?","?","E","$","R","T","E","M","R","E","M","R","B"],"character_chosen":"DEFECT","items_purchased":["Potion Belt","Bag of Preparation","Oddly Smooth Stone","White Noise"],"gold_per_floor":[112,187,204,217,67,67,99,99,124,124,141,172,172,183,183,284,284,299,315,315,334,259,274,274,274,274,290,67,84,84,115,115,212,212,224,242,242,242,342,370,44,44,95,127,140,140,165,179,179,179],"floor_reached":51,"campfire_rested":0,"playtime":2515,"item_purchase_floors":[5,28,41,41],"current_hp_per_floor":[66,55,55,55,55,55,44,44,44,44,49,56,56,63,63,70,74,74,75,75,75,75,56,42,42,42,38,38,42,42,53,53,48,72,80,69,69,69,69,67,67,67,67,74,78,78,85,87,87,74],"items_purged":["Ball Lightning","Self Repair"],"gold":179,"score":1117,"play_id":"856c4f49-97b1-44aa-a803-b27ec0aea48e","local_time":"20180602125738","is_prod":false,"is_daily":false,"chose_seed":false,"is_ascension_mode":true,"campfire_upgraded":10,"win_rate":0,"timestamp":1527915458,"campfire_choices":[{"data":"Gash","floor":6,"key":"SMITH"},{"data":"Beam Cell","floor":8,"key":"SMITH"},{"data":"Reinforced Body","floor":10,"key":"SMITH"},{"data":"Hyperbeam","floor":15,"key":"SMITH"},{"data":"Fusion","floor":25,"key":"SMITH"},{"data":"Hologram","floor":30,"key":"SMITH"},{"data":"Core Surge","floor":32,"key":"SMITH"},{"data":"White Noise","floor":42,"key":"SMITH"},{"data":"Scrape","floor":46,"key":"SMITH"},{"data":"Reboot","floor":49,"key":"SMITH"}],"path_taken":["M","?","M","M","$","R","E","R","T","R","M","E","?","M","R","BOSS","M","M","?","M","?","?","?","R","T","M","$","M","R","E","R","BOSS","M","M","?","?","?","E","$","R","T","E","M","R","E","M","R","BOSS"],"build_version":"2018-05-30v2","seed_source_timestamp":519365880014917,"purchased_purges":2,"victory":true,"master_deck":["Gash+1","Beam Cell+1","Self Repair","Reinforced Body+1","Hyperbeam+1","Fusion+1","Core Surge+1","Go for the Eyes","Steam","Beam Cell","Conserve Battery","Hologram+1","Steam+1","Gash","Gash","Reboot+1","FTL+1","White Noise+1","Reinforced Body+1","Scrape+1","Leap+1"],"max_hp_per_floor":[75,75,75,75,75,75,75,75,75,75,75,75,75,75,75,75,75,75,75,75,75,75,75,80,80,80,80,80,80,80,80,80,80,80,80,80,80,80,80,80,80,80,80,87,87,87,87,87,87,87],"relics":["White Beast Statue","Potion Belt","Dream Catcher","Orichalcum","Bottled Flame","Pandora\u0027s Box","Calipers","Bag of Preparation","Centennial Puzzle","Black Star","Cables","Ornamental Fan","Oddly Smooth Stone","Blood Vial","Strawberry","Bronze Scales","Juzu Bracelet","Vajra"],"card_choices":[{"not_picked":["Go for the Eyes","Doom and Gloom"],"picked":"Gash","floor":1},{"not_picked":["Double Energy","Compile Driver"],"picked":"Beam Cell","floor":3},{"not_picked":["Rebound","Cold Snap"],"picked":"Self Repair","floor":4},{"not_picked":["Genetic Algorithm","Rebound"],"picked":"Reinforced Body","floor":7},{"not_picked":["Rip and Tear","Streamline"],"picked":"Hyperbeam","floor":11},{"not_picked":["Chill","Recycle","Static Discharge"],"picked":"SKIP","floor":12},{"not_picked":["Sweeping Beam","Turbo"],"picked":"Fusion","floor":14},{"not_picked":["Buffer","Creative AI"],"picked":"Core Surge","floor":16},{"not_picked":["Go for the Eyes+1","Ball Lightning+1"],"picked":"Steam+1","floor":18},{"not_picked":["Lockon","Aggregate","Steam"],"picked":"SKIP","floor":19},{"not_picked":["Conserve Battery","Cold Snap","Coolheaded"],"picked":"SKIP","floor":21},{"not_picked":["Cold Snap","BootSequence","Fusion"],"picked":"SKIP","floor":23},{"not_picked":["Compile Driver","Reboot"],"picked":"Gash","floor":27},{"not_picked":["Steam","Barrage","Melter"],"picked":"SKIP","floor":29},{"not_picked":["Go for the Eyes","Rebound"],"picked":"Gash","floor":31},{"not_picked":["Buffer","Electrodynamics"],"picked":"Reboot","floor":33},{"not_picked":["Conserve Battery+1","Recycle","Ball Lightning+1"],"picked":"SKIP","floor":35},{"not_picked":["Lockon+1","Beam Cell+1","Conserve Battery+1"],"picked":"SKIP","floor":36},{"not_picked":["Compile Driver","Consume+1"],"picked":"FTL+1","floor":40},{"not_picked":["Conserve Battery","Storm+1"],"picked":"Reinforced Body+1","floor":44},{"not_picked":["Recycle+1","Skim+1"],"picked":"Scrape","floor":45},{"not_picked":["Rebound","Aggregate"],"picked":"Leap+1","floor":47},{"not_picked":["Doom and Gloom","Chaos","Conserve Battery"],"picked":"SKIP","floor":48}],"player_experience":403676,"potions_floor_usage":[7,7,7,12,16,19,21,23,23,27,31,33,35,40,40,45,45,47,50,50,50,50],"damage_taken":[{"damage":2,"enemies":"Jaw Worm","floor":1,"turns":3},{"damage":0,"enemies":"Small Slimes","floor":3,"turns":2},{"damage":0,"enemies":"2 Louse","floor":4,"turns":3},{"damage":18,"enemies":"Gremlin Nob","floor":7,"turns":4},{"damage":2,"enemies":"2 Fungi Beasts","floor":11,"turns":4},{"damage":0,"enemies":"Lagavulin","floor":12,"turns":4},{"damage":0,"enemies":"Red Slaver","floor":14,"turns":3},{"damage":0,"enemies":"Slime Boss","floor":16,"turns":7},{"damage":0,"enemies":"Spheric Guardian","floor":18,"turns":2},{"damage":3,"enemies":"2 Thieves","floor":19,"turns":2},{"damage":11,"enemies":"Cultist and Chosen","floor":21,"turns":6},{"damage":19,"enemies":"Slaver and Parasite","floor":23,"turns":3},{"damage":18,"enemies":"Snake Plant","floor":27,"turns":3},{"damage":3,"enemies":"Sentry and Sphere","floor":29,"turns":4},{"damage":3,"enemies":"Gremlin Leader","floor":31,"turns":5},{"damage":34,"enemies":"Automaton","floor":33,"turns":9},{"damage":5,"enemies":"3 Darklings","floor":35,"turns":3},{"damage":18,"enemies":"Flame Bruiser 1 Orb","floor":36,"turns":3},{"damage":9,"enemies":"2 Orb Walkers","floor":40,"turns":2},{"damage":9,"enemies":"Nemesis","floor":44,"turns":5},{"damage":5,"enemies":"4 Shapes","floor":45,"turns":3},{"damage":2,"enemies":"2 Orb Walkers","floor":47,"turns":3},{"damage":0,"enemies":"Flame Bruiser 2 Orb","floor":48,"turns":3},{"damage":13,"enemies":"Awakened One","floor":50,"turns":9}],"relics_obtained":[{"floor":7,"key":"Dream Catcher"},{"floor":9,"key":"Orichalcum"},{"floor":12,"key":"Bottled Flame"},{"floor":26,"key":"Calipers"},{"floor":31,"key":"Centennial Puzzle"},{"floor":40,"key":"Cables"},{"floor":40,"key":"Ornamental Fan"},{"floor":43,"key":"Blood Vial"},{"floor":44,"key":"Strawberry"},{"floor":44,"key":"Bronze Scales"},{"floor":47,"key":"Juzu Bracelet"},{"floor":47,"key":"Vajra"}],"event_choices":[{"event_name":"World of Goop","player_choice":"Gather Gold","floor":2,"damage_taken":0},{"event_name":"Purifier","player_choice":"One Purge","floor":13,"damage_taken":0},{"event_name":"Vampires","player_choice":"Ignored","floor":20,"damage_taken":0},{"event_name":"Beggar","player_choice":"Gave Gold","floor":22,"damage_taken":0},{"event_name":"Forgotten Altar","player_choice":"Shed Blood","floor":24,"damage_taken":0},{"event_name":"Purifier","player_choice":"One Purge","floor":37,"damage_taken":0},{"event_name":"Tomb of Lord Red Mask","player_choice":"Ignored","floor":38,"damage_taken":0},{"event_name":"Golden Shrine","player_choice":"Pray","floor":39,"damage_taken":0}],"boss_relics":[{"not_picked":["Runic Pyramid","Tiny House"],"picked":"Pandora\u0027s Box"},{"not_picked":["Lizard Tail","Snecko Eye"],"picked":"Black Star"}],"items_purged_floors":[28,41],"potions_floor_spawned":[1,3,4,7,11,12,14,16,18,19,21,23,27,29,31,33,35,36,40,44,45,47,48],"seed_played":"-8940895863810474462","ascension_level":7,"potions_obtained":[{"floor":1,"key":"AttackPotion"},{"floor":3,"key":"AttackPotion"},{"floor":4,"key":"SteroidPotion"},{"floor":7,"key":"Fire Potion"},{"floor":11,"key":"AttackPotion"},{"floor":12,"key":"Regen Potion"},{"floor":14,"key":"PowerPotion"},{"floor":16,"key":"Poison Potion"},{"floor":18,"key":"SpeedPotion"},{"floor":19,"key":"SkillPotion"},{"floor":21,"key":"Poison Potion"},{"floor":23,"key":"AttackPotion"},{"floor":27,"key":"FearPotion"},{"floor":29,"key":"Fire Potion"},{"floor":31,"key":"Energy Potion"},{"floor":33,"key":"Block Potion"},{"floor":35,"key":"Strength Potion"},{"floor":36,"key":"AttackPotion"},{"floor":40,"key":"AttackPotion"},{"floor":44,"key":"Energy Potion"},{"floor":45,"key":"Energy Potion"},{"floor":47,"key":"EssenceOfSteel"},{"floor":48,"key":"PowerPotion"}],"is_trial":false}