{"path_per_floor":["M","M","?","?","M","E","R","M","T","M","T","$","M","M","R","B",null,"M","?","$","?","M","R","M","?","T","?","R","M","M","$","R"],"character_chosen":"IRONCLAD","items_purchased":["Seeing Red","Warcry","Flex","Strength Potion","Block Potion","Inflame"],"gold_per_floor":[111,130,130,130,142,176,176,187,187,207,233,161,171,182,182,284,284,295,195,40,40,55,55,69,69,96,96,96,116,126,42,42],"floor_reached":33,"campfire_rested":3,"playtime":2640,"current_hp_per_floor":[72,72,72,72,72,63,63,57,71,68,68,68,74,80,80,23,86,48,48,48,48,51,86,42,42,42,26,61,57,31,31,68],"items_purged":[],"gold":42,"play_id":"a3df57c3-2130-451d-b206-e2cdf2c21810","is_prod":false,"is_daily":false,"is_ascension_mode":false,"campfire_upgraded":2,"path_taken":["M","M","?","?","?","E","R","M","T","M","?","?","M","M","R","BOSS","M","?","$","?","M","R","M","?","T","?","R","M","M","$","R","BOSS"],"build_version":"2018-02-01-PROD3","purchased_purges":0,"victory":false,"master_deck":["Strike_R","Strike_R","Strike_R","Strike_R","Strike_R","Defend_R","Defend_R","Defend_R","Defend_R","Bash","Whirlwind+1","Headbutt","Bloodletting","Seeing Red+1","Iron Wave","Clothesline","Seeing Red","Infernal Blade","Dropkick","Berserk","Fire Breathing+1","J.A.X.","Warcry","Flex","Writhe","Rampage","Bloodletting","Decay","Flex","Sword Boomerang","Inflame"],"max_hp_per_floor":[72,72,72,72,72,72,72,72,86,86,86,86,86,86,86,86,86,86,86,86,86,86,86,86,86,86,86,86,86,86,86,86],"relics":["Burning Blood","Gambling Chip","Juzu Bracelet","Mango","Happy Flower","Eternal Feather","Ornamental Fan","Vajra","Enchiridion"],"card_choices":[{"not_picked":["Clothesline","Bloodletting"],"picked":"Whirlwind"},{"not_picked":["Wild Strike","Perfected Strike"],"picked":"Headbutt"},{"not_picked":["Wild Strike","Pommel Strike"],"picked":"Bloodletting"},{"not_picked":["Demon Form","Sword Boomerang"],"picked":"Seeing Red"},{"not_picked":["True Grit","Rage"],"picked":"Iron Wave"},{"not_picked":["Iron Wave","Heavy Blade"],"picked":"Clothesline"},{"not_picked":["Corruption","Blood for Blood"],"picked":"Infernal Blade"},{"not_picked":["Shockwave","Shrug It Off"],"picked":"Dropkick"},{"not_picked":["Reaper","Feed"],"picked":"Berserk"},{"not_picked":["Headbutt","Twin Strike"],"picked":"Fire Breathing"},{"not_picked":["Evolve","Wild Strike"],"picked":"Rampage"},{"not_picked":["Dropkick","Clash"],"picked":"Bloodletting"},{"not_picked":["Shrug It Off","Searing Blow"],"picked":"Flex"},{"not_picked":["Rampage","Second Wind"],"picked":"Sword Boomerang"}],"player_experience":63269,"potions_floor_usage":[6,6,6,10,16,16,22,22,29,33,33],"damage_taken":[{"damage":2,"enemies":"2 Louse","floor":1,"turns":4},{"damage":5,"enemies":"Cultist","floor":2,"turns":4},{"damage":5,"enemies":"Jaw Worm","floor":5,"turns":4},{"damage":15,"enemies":"Gremlin Nob","floor":6,"turns":5},{"damage":12,"enemies":"Gremlin Gang","floor":8,"turns":2},{"damage":9,"enemies":"Exordium Wildlife","floor":10,"turns":3},{"damage":0,"enemies":"3 Louse","floor":13,"turns":1},{"damage":0,"enemies":"Lots of Slimes","floor":14,"turns":1},{"damage":63,"enemies":"The Guardian","floor":16,"turns":7},{"damage":44,"enemies":"Shell Parasite","floor":18,"turns":6},{"damage":18,"enemies":"Chosen","floor":22,"turns":6},{"damage":50,"enemies":"3 Cultists","floor":24,"turns":5},{"damage":10,"enemies":"Chosen and Byrds","floor":29,"turns":5},{"damage":32,"enemies":"Snake Plant","floor":30,"turns":5},{"damage":77,"enemies":"Collector","floor":33,"turns":6}],"event_choices":[{"event_name":"The Lab","player_choice":"Got Potions","floor":3,"damage_taken":0},{"event_name":"The Cleric","player_choice":"Leave","floor":4,"damage_taken":0},{"event_name":"Drug Dealer","player_choice":"Got JAXXED","floor":19,"damage_taken":0},{"event_name":"The Mausoleum","player_choice":"Yes","floor":21,"damage_taken":0},{"event_name":"Forgotten Altar","player_choice":"Smashed Altar","floor":25,"damage_taken":0},{"event_name":"Cursed Tome","player_choice":"Obtained Book","floor":27,"damage_taken":0}],"boss_relics":[{"not_picked":["Astrolabe","Runic Cube"],"picked":"Eternal Feather"}],"potions_floor_spawned":[5,8,13,14,18,24,29,30],"seed_played":"5965937368549343208","killed_by":"Collector","ascension_level":0,"is_trial":false}