{"gold_per_floor":[118,131,145,159,176,176,201,201,201,201,201,215,243,243,271,271,374,374,361,376,451,307,88,123,123,123,123,123,0,0,0,28,43,43,145,145,156,156,166,21,39,39,39,64,64,64,64,64,12,12,12,12,12],"floor_reached":54,"playtime":3535,"items_purged":["Perfected Strike"],"score":816,"play_id":"1df08559-714f-4441-8127-009a99d97199","local_time":"20190325233031","is_ascension_mode":true,"campfire_choices":[{"data":"Limit Break","floor":6.0,"key":"SMITH"},{"data":"Flex","floor":8.0,"key":"SMITH"},{"data":"Fire Breathing","floor":14.0,"key":"SMITH"},{"data":"Carnage","floor":16.0,"key":"SMITH"},{"data":"Burning Pact","floor":25.0,"key":"SMITH"},{"data":"True Grit","floor":34.0,"key":"SMITH"},{"data":"Intimidate","floor":42.0,"key":"SMITH"},{"data":"Shrug It Off","floor":47,"key":"SMITH"},{"data":"Searing Blow+1","floor":52,"key":"SMITH"}],"neow_cost":"NONE","seed_source_timestamp":99591986301200,"circlet_count":0,"master_deck":["Carnage+1","Iron Wave+1","Iron Wave+1","Limit Break+1","Flex+1","Intimidate+1","Burning Pact+1","Shrug It Off+1","Shrug It Off+1","Reckless Charge+1","Fire Breathing+1","Infernal Blade+1","Bludgeon+1","Metallicize+1","True Grit+1","Fire Breathing+1","Anger+1","Searing Blow+2","Bloodletting+1","Magnetism+1","Dramatic Entrance+1","Swift Strike+1"],"special_seed":0,"relics":["Lizard Tail","Mummified Hand","Orichalcum","Centennial Puzzle","Frozen Egg 2","Mark of Pain","Juzu Bracelet","Omamori","Art of War","WarpedTongs","Letter Opener","Self Forming Clay","PreservedInsect","Ginger","Coffee Dripper","Vajra","Dream Catcher","Mark of the Bloom"],"potions_floor_usage":[44,53,53,53],"damage_taken":[{"damage":0.0,"enemies":"Cultist","floor":1.0,"turns":5.0},{"damage":0.0,"enemies":"Small Slimes","floor":2.0,"turns":5.0},{"damage":0.0,"enemies":"Jaw Worm","floor":3.0,"turns":3.0},{"damage":0.0,"enemies":"Red Slaver","floor":4.0,"turns":5.0},{"damage":0.0,"enemies":"2 Fungi Beasts","floor":5.0,"turns":6.0},{"damage":8.0,"enemies":"Lagavulin","floor":7.0,"turns":6.0},{"damage":1.0,"enemies":"Blue Slaver","floor":12.0,"turns":4.0},{"damage":18.0,"enemies":"3 Sentries","floor":13.0,"turns":14.0},{"damage":2.0,"enemies":"Gremlin Nob","floor":15.0,"turns":4.0},{"damage":6.0,"enemies":"Hexaghost","floor":17.0,"turns":7.0},{"damage":9.0,"enemies":"2 Thieves","floor":19.0,"turns":4.0},{"damage":1.0,"enemies":"Shell Parasite","floor":20.0,"turns":2.0},{"damage":9.0,"enemies":"Gremlin Leader","floor":24.0,"turns":7.0},{"damage":2.0,"enemies":"Book of Stabbing","floor":32.0,"turns":3.0},{"damage":3.0,"enemies":"Centurion and Healer","floor":33.0,"turns":5.0},{"damage":4.0,"enemies":"Automaton","floor":35.0,"turns":6.0},{"damage":12.0,"enemies":"3 Darklings","floor":37.0,"turns":4.0},{"damage":0.0,"enemies":"3 Shapes","floor":39.0,"turns":4.0},{"damage":4.0,"enemies":"3 Darklings","floor":41.0,"turns":3.0},{"damage":16,"enemies":"Reptomancer","floor":44,"turns":6},{"damage":27,"enemies":"Time Eater","floor":53,"turns":9}],"seed_played":"-1868077915360953821","potions_obtained":[{"floor":2.0,"key":"Dexterity Potion"},{"floor":3.0,"key":"PowerPotion"},{"floor":5.0,"key":"SteroidPotion"},{"floor":12.0,"key":"PowerPotion"},{"floor":19.0,"key":"LiquidBronze"},{"floor":32.0,"key":"FearPotion"},{"floor":39.0,"key":"Poison Potion"},{"floor":41.0,"key":"Dexterity Potion"}],"is_trial":false,"path_per_floor":["M","M","M","M","M","R","E","R","T","T","?","M","E","R","E","R","B",null,"M","M","?","$","$","E","R","?","T","T","$","T","?","E","M","R","B",null,"M","?","M","$","M","R","?","E","T","T","R","?","$","?","$","R","B",null],"character_chosen":"IRONCLAD","items_purchased":["Juzu Bracelet","Omamori","Metallicize+1","True Grit","Vajra","PowerPotion"],"campfire_rested":0,"item_purchase_floors":[22,23,23,29,40,49],"current_hp_per_floor":[80,80,80,80,80,80,72,72,72,72,72,71,53,53,51,51,45,80,71,70,62,62,62,53,53,53,53,53,53,53,53,51,48,48,44,80,68,68,68,68,64,64,54,38,38,38,38,38,38,38,38,38,11],"gold":12,"neow_bonus":"BOSS_RELIC","is_prod":false,"is_daily":false,"chose_seed":false,"campfire_upgraded":9,"win_rate":0,"timestamp":1553524231,"path_taken":["M","M","M","M","?","R","E","R","T","?","?","E","R","E","R","BOSS","M","M","?","?","$","E","R","?","T","$","?","?","E","M","R","BOSS","M","?","M","$","M","R","?","E","T","R","?","$","?","?","R","BOSS"],"build_version":"2019-01-23","purchased_purges":1,"victory":true,"max_hp_per_floor":[80,80,80,80,80,80,80,80,80,80,80,80,80,80,80,80,80,80,80,80,80,80,80,80,80,80,80,80,80,80,80,80,80,80,80,80,80,80,80,80,80,80,80,80,80,80,80,80,80,80,80,80,80],"card_choices":[{"not_picked":["Anger","Dropkick","Pommel Strike"],"picked":"SKIP","floor":2.0},{"not_picked":["Pommel Strike","Warcry","Clothesline"],"picked":"SKIP","floor":3.0},{"not_picked":["Rage","Pommel Strike","True Grit"],"picked":"SKIP","floor":4.0},{"not_picked":["Warcry","Rampage"],"picked":"Sever Soul","floor":5.0},{"not_picked":["Thunderclap","Armaments","Inflame"],"picked":"SKIP","floor":7.0},{"not_picked":["Armaments","Twin Strike","Impervious"],"picked":"SKIP","floor":12.0},{"not_picked":["Power Through","Sentinel"],"picked":"Fire Breathing","floor":13.0},{"not_picked":["Ghostly Armor","Shrug It Off"],"picked":"Infernal Blade","floor":15.0},{"not_picked":["Fiend Fire","Double Tap"],"picked":"Bludgeon","floor":17.0},{"not_picked":["Entrench","Feel No Pain+1"],"picked":"Sever Soul+1","floor":20.0},{"not_picked":["Carnage","Havoc+1"],"picked":"Perfected Strike","floor":24.0},{"not_picked":["Cleave+1","Thunderclap+1"],"picked":"Fire Breathing+1","floor":32.0},{"not_picked":["Headbutt+1","Battle Trance+1"],"picked":"Anger","floor":33.0},{"not_picked":["True Grit","Sentinel","Twin Strike+1"],"picked":"SKIP","floor":37.0},{"not_picked":["Cleave","Havoc"],"picked":"Searing Blow","floor":39.0},{"not_picked":["Body Slam+1","Carnage+1"],"picked":"Bloodletting","floor":41.0},{"not_picked":["Panache+1","Chrysalis"],"picked":"Magnetism+1","floor":43},{"not_picked":["Panacea","Good Instincts"],"picked":"Dramatic Entrance","floor":43},{"not_picked":["Violence","Impatience"],"picked":"Swift Strike","floor":43},{"not_picked":["Shrug It Off","Ghostly Armor","Armaments"],"picked":"SKIP","floor":44}],"player_experience":2586332,"relics_obtained":[{"floor":7.0,"key":"Mummified Hand"},{"floor":9.0,"key":"Orichalcum"},{"floor":13.0,"key":"Centennial Puzzle"},{"floor":15.0,"key":"Frozen Egg 2"},{"floor":24.0,"key":"Art of War"},{"floor":27.0,"key":"Letter Opener"},{"floor":30.0,"key":"Self Forming Clay"},{"floor":32.0,"key":"Ginger"},{"floor":44,"key":"Dream Catcher"}],"event_choices":[{"damage_healed":0.0,"max_hp_gain":0.0,"max_hp_loss":0.0,"gold_gain":0.0,"cards_transformed":["Sever Soul"],"event_name":"Transmorgrifier","player_choice":"Transformed","floor":11.0,"gold_loss":0.0,"damage_taken":0.0,"cards_obtained":["Reckless Charge"]},{"damage_healed":0.0,"max_hp_gain":0.0,"max_hp_loss":0.0,"gold_gain":75.0,"event_name":"FaceTrader","player_choice":"Touch","floor":21.0,"gold_loss":0.0,"damage_taken":8.0},{"damage_healed":0.0,"max_hp_gain":0.0,"max_hp_loss":0.0,"gold_gain":0.0,"event_name":"Accursed Blacksmith","player_choice":"Rummage","floor":26.0,"gold_loss":0.0,"damage_taken":0.0,"relics_obtained":["WarpedTongs"],"cards_obtained":["Pain"]},{"cards_removed":["Rage"],"damage_healed":0.0,"max_hp_gain":0.0,"max_hp_loss":0.0,"gold_gain":0.0,"event_name":"WeMeetAgain","player_choice":"Gave Card","floor":31.0,"gold_loss":0.0,"damage_taken":0.0,"relics_obtained":["PreservedInsect"]},{"damage_healed":0.0,"max_hp_gain":0.0,"max_hp_loss":0.0,"gold_gain":0.0,"event_name":"Mysterious Sphere","player_choice":"Ignored","floor":38.0,"gold_loss":0.0,"damage_taken":0.0},{"damage_healed":0,"gold_gain":0,"player_choice":"Memory 3","damage_taken":10,"max_hp_gain":0,"max_hp_loss":0,"event_name":"SensoryStone","floor":43,"gold_loss":0},{"cards_removed":["Sever Soul"],"damage_healed":0,"gold_gain":0,"player_choice":"Removed Attack","damage_taken":0,"max_hp_gain":0,"max_hp_loss":0,"event_name":"Falling","floor":48,"gold_loss":0},{"damage_healed":0,"gold_gain":0,"player_choice":"Upgrade","damage_taken":0,"relics_obtained":["Mark of the Bloom"],"max_hp_gain":0,"max_hp_loss":0,"event_name":"MindBloom","floor":50,"gold_loss":0,"cards_upgraded":["Iron Wave","Iron Wave","Shrug It Off","Reckless Charge","Infernal Blade","Bludgeon","Anger","Searing Blow","Bloodletting","Dramatic Entrance","Swift Strike"]}],"is_beta":false,"boss_relics":[{"not_picked":["Pandora\u0027s Box","Fusion Hammer"],"picked":"Mark of Pain"},{"not_picked":["Busted Crown","Black Star"],"picked":"Coffee Dripper"}],"items_purged_floors":[29],"is_endless":false,"potions_floor_spawned":[2,3,5,12,19,24,32,39,41],"ascension_level":2}