{"gold_per_floor":[110,110,130,130,144,173,188,188,212,226,241,241,259,285,285,359,359,377,377,377,377,395,395,409,409],"floor_reached":25,"playtime":1753,"items_purged":[],"score":409,"play_id":"c5f44f80-38f8-4785-83ce-d1abcf8796e8","local_time":"20181224012539","is_ascension_mode":true,"campfire_choices":[{"floor":8.0,"key":"REST"},{"data":"Neutralize","floor":12.0,"key":"SMITH"},{"data":"Dagger Spray","floor":15.0,"key":"SMITH"},{"data":"Wraith Form v2","floor":23.0,"key":"SMITH"}],"neow_cost":"NONE","seed_source_timestamp":2631856468374,"circlet_count":0,"master_deck":["AscendersBane","Defend_G+1","Defend_G+1","Defend_G+1","Defend_G+1","Defend_G+1","Strike_G+1","Strike_G+1","Strike_G+1","Survivor","Neutralize+1","Slice","Infinite Blades","Finisher","Terror","Predator","Dagger Spray+1","Deflect","Venomology","Skewer","Wraith Form v2+1","Blur","Corpse Explosion","Backstab","Necronomicurse","Dodge and Roll"],"special_seed":0,"relics":["Orrery","Dream Catcher","Orichalcum","Blood Vial","Philosopher\u0027s Stone","Necronomicon"],"potions_floor_usage":[25,25,25],"damage_taken":[{"damage":11.0,"enemies":"Jaw Worm","floor":1.0,"turns":4.0},{"damage":8.0,"enemies":"2 Louse","floor":3.0,"turns":3.0},{"damage":0.0,"enemies":"Cultist","floor":5.0,"turns":3.0},{"damage":22.0,"enemies":"Lagavulin","floor":6.0,"turns":6.0},{"damage":8.0,"enemies":"Large Slime","floor":7.0,"turns":4.0},{"damage":1.0,"enemies":"Looter","floor":10.0,"turns":3.0},{"damage":1.0,"enemies":"2 Fungi Beasts","floor":11.0,"turns":4.0},{"damage":4.0,"enemies":"Red Slaver","floor":13.0,"turns":2.0},{"damage":1.0,"enemies":"Gremlin Nob","floor":14.0,"turns":3.0},{"damage":8.0,"enemies":"Slime Boss","floor":16.0,"turns":11.0},{"damage":18.0,"enemies":"Spheric Guardian","floor":18.0,"turns":6.0},{"damage":7.0,"enemies":"Shell Parasite","floor":22.0,"turns":3.0},{"damage":0.0,"enemies":"Snake Plant","floor":24.0,"turns":3.0},{"damage":32,"enemies":"Slavers","floor":25,"turns":4}],"seed_played":"-2775299049144223799","potions_obtained":[{"floor":1.0,"key":"Ancient Potion"},{"floor":7.0,"key":"Strength Potion"},{"floor":11.0,"key":"Explosive Potion"},{"floor":14.0,"key":"EssenceOfSteel"},{"floor":18.0,"key":"Dexterity Potion"}],"is_trial":false,"path_per_floor":["M","?","M","?","M","E","M","R","T","M","M","R","M","E","R","B",null,"M","?","?","?","M","R","M","E"],"character_chosen":"THE_SILENT","items_purchased":[],"campfire_rested":1,"item_purchase_floors":[],"current_hp_per_floor":[48,48,40,40,40,18,10,29,29,28,27,27,23,22,22,16,54,38,17,17,17,21,21,23,0],"gold":409,"neow_bonus":"BOSS_RELIC","is_prod":false,"is_daily":false,"chose_seed":false,"campfire_upgraded":3,"win_rate":0,"timestamp":1545585939,"path_taken":["M","?","M","?","M","E","M","R","T","?","M","R","M","E","R","BOSS","M","?","?","?","M","R","?","E"],"build_version":"2018-12-17","purchased_purges":0,"victory":false,"max_hp_per_floor":[66,66,66,66,66,66,66,66,66,66,66,66,66,66,66,66,66,66,66,66,66,66,66,66,66],"card_choices":[{"not_picked":["Concentrate","Acrobatics"],"picked":"Slice","floor":0.0},{"not_picked":["Distraction","Riddle With Holes"],"picked":"Infinite Blades","floor":0.0},{"not_picked":["Cloak And Dagger","Prepared"],"picked":"Finisher","floor":0.0},{"not_picked":["Outmaneuver","Flying Knee"],"picked":"Terror","floor":1.0},{"not_picked":["Sucker Punch","Acrobatics","Masterful Stab"],"picked":"SKIP","floor":3.0},{"not_picked":["Distraction","Caltrops"],"picked":"Predator","floor":5.0},{"not_picked":["Bullet Time","Dodge and Roll"],"picked":"Dagger Spray","floor":6.0},{"not_picked":["Outmaneuver","Caltrops","Quick Slash"],"picked":"SKIP","floor":7.0},{"not_picked":["Catalyst","Sucker Punch"],"picked":"Deflect","floor":8.0},{"not_picked":["Bane","Deflect"],"picked":"Venomology","floor":10.0},{"not_picked":["Sucker Punch","Prepared"],"picked":"Skewer","floor":11.0},{"not_picked":["Dagger Spray","Prepared"],"picked":"Wraith Form v2","floor":13.0},{"not_picked":["Cloak And Dagger","Blade Dance"],"picked":"Blur","floor":14.0},{"not_picked":["Doppelganger","Burst"],"picked":"Corpse Explosion","floor":16.0},{"not_picked":["Dash","PiercingWail"],"picked":"Backstab","floor":18.0},{"not_picked":["Deadly Poison","Expertise+1","Finisher"],"picked":"SKIP","floor":22.0},{"not_picked":["Tactician","Catalyst"],"picked":"Dodge and Roll","floor":24.0}],"player_experience":662327,"relics_obtained":[{"floor":6.0,"key":"Dream Catcher"},{"floor":9.0,"key":"Orichalcum"},{"floor":14.0,"key":"Blood Vial"},{"floor":19.0,"key":"Necronomicon"}],"event_choices":[{"damage_healed":0.0,"max_hp_gain":0.0,"max_hp_loss":0.0,"gold_gain":0.0,"event_name":"Liars Game","player_choice":"Ignored","floor":2.0,"gold_loss":0.0,"damage_taken":0.0},{"cards_removed":["Strike_G"],"damage_healed":0.0,"max_hp_gain":0.0,"max_hp_loss":0.0,"gold_gain":0.0,"event_name":"Wheel of Change","player_choice":"Card Removal","floor":4.0,"gold_loss":0.0,"damage_taken":0.0},{"damage_healed":0.0,"max_hp_gain":0.0,"max_hp_loss":0.0,"gold_gain":0.0,"event_name":"Cursed Tome","player_choice":"Obtained Book","floor":19.0,"gold_loss":0.0,"damage_taken":21.0},{"damage_healed":0.0,"max_hp_gain":0.0,"max_hp_loss":0.0,"gold_gain":0.0,"event_name":"Back to Basics","player_choice":"Simplicity","floor":20.0,"gold_loss":0.0,"damage_taken":0.0,"cards_upgraded":["Defend_G","Defend_G","Defend_G","Defend_G","Defend_G","Strike_G","Strike_G","Strike_G","Strike_G"]},{"cards_removed":["Strike_G"],"damage_healed":0.0,"max_hp_gain":0.0,"max_hp_loss":0.0,"gold_gain":0.0,"event_name":"Purifier","player_choice":"Purged","floor":21.0,"gold_loss":0.0,"damage_taken":0.0}],"is_beta":true,"boss_relics":[{"not_picked":["Pandora\u0027s Box","WristBlade"],"picked":"Philosopher\u0027s Stone"}],"items_purged_floors":[],"is_endless":false,"potions_floor_spawned":[1,7,11,13,14,18],"killed_by":"Slavers","ascension_level":18}