{"gold_per_floor":[16,16,16,16,16,16,48,66,90,115,127,152,152,0,0,79,79,89,89,102,118,118,147,147,165,244,40,74,84,102,116,116,193,193,203,223,323,323,370,404,439,124,124,150,0,10,26,52,52,52,52,52,52,81,81],"floor_reached":56,"playtime":3810,"items_purged":["Strike_R"],"score":2037,"play_id":"1366a86b-6a31-4fb9-b4c7-8a9aec9b0cb8","local_time":"20181201110401","is_ascension_mode":true,"campfire_choices":[{"data":"Demon Form","floor":6.0,"key":"SMITH"},{"data":"True Grit","floor":13.0,"key":"SMITH"},{"data":"Whirlwind","floor":15.0,"key":"SMITH"},{"data":"Intimidate","floor":24.0,"key":"SMITH"},{"data":"Double Tap","floor":32.0,"key":"SMITH"},{"floor":49,"key":"RECALL"},{"data":"Bash","floor":52,"key":"SMITH"}],"neow_cost":"NO_GOLD","seed_source_timestamp":0,"circlet_count":0,"master_deck":["AscendersBane","Strike_R","Strike_R","Strike_R","Defend_R","Defend_R","Defend_R","Bash+1","Demon Form+1","Intimidate+1","Shrug It Off","Pummel","Ghostly Armor","True Grit+1","Double Tap+1","Impervious","Whirlwind+1","Feed","Feed","Iron Wave","Flame Barrier+1","Ghostly Armor+1","Havoc+1","Warcry+1","Whirlwind+1","Impervious+1","Shrug It Off+1","Thunderclap+1","True Grit+1","Entrench+1","Disarm+1","Heavy Blade+1"],"special_seed":0,"relics":["Burning Blood","Pantograph","Bag of Marbles","StoneCalendar","Pen Nib","Coffee Dripper","Toxic Egg 2","Meat on the Bone","Bronze Scales","Singing Bowl","Snecko Eye","WingedGreaves","Ornamental Fan","Pocketwatch","Centennial Puzzle","Kunai","Mummified Hand","Regal Pillow","Red Mask","Molten Egg 2","Peace Pipe"],"potions_floor_usage":[55,55],"damage_taken":[{"damage":1.0,"enemies":"Cultist","floor":1.0,"turns":3.0},{"damage":15.0,"enemies":"Lagavulin","floor":7.0,"turns":5.0},{"damage":9.0,"enemies":"Small Slimes","floor":8.0,"turns":4.0},{"damage":32.0,"enemies":"Gremlin Nob","floor":10.0,"turns":4.0},{"damage":8.0,"enemies":"2 Louse","floor":11.0,"turns":5.0},{"damage":8.0,"enemies":"Lagavulin","floor":12.0,"turns":5.0},{"damage":34.0,"enemies":"Hexaghost","floor":16.0,"turns":7.0},{"damage":0.0,"enemies":"3 Byrds","floor":18.0,"turns":2.0},{"damage":13.0,"enemies":"Shell Parasite","floor":20.0,"turns":5.0},{"damage":22.0,"enemies":"Snecko","floor":21.0,"turns":5.0},{"damage":15.0,"enemies":"Slavers","floor":23.0,"turns":7.0},{"damage":5.0,"enemies":"Chosen and Byrds","floor":25.0,"turns":6.0},{"damage":8.0,"enemies":"Gremlin Leader","floor":28.0,"turns":5.0},{"damage":3.0,"enemies":"Centurion and Healer","floor":29.0,"turns":7.0},{"damage":13.0,"enemies":"Snake Plant","floor":30.0,"turns":3.0},{"damage":7.0,"enemies":"Sentry and Sphere","floor":31.0,"turns":6.0},{"damage":59.0,"enemies":"Collector","floor":33.0,"turns":9.0},{"damage":1,"enemies":"3 Shapes","floor":35,"turns":2},{"damage":0,"enemies":"Orb Walker","floor":36,"turns":3},{"damage":0,"enemies":"Mind Bloom Boss Battle","floor":37,"turns":5},{"damage":0,"enemies":"2 Orb Walkers","floor":39,"turns":3},{"damage":46,"enemies":"Giant Head","floor":40,"turns":7},{"damage":17,"enemies":"Nemesis","floor":41,"turns":7},{"damage":22,"enemies":"Reptomancer","floor":44,"turns":5},{"damage":0,"enemies":"Spire Growth","floor":46,"turns":4},{"damage":0,"enemies":"3 Darklings","floor":47,"turns":2},{"damage":20,"enemies":"Nemesis","floor":48,"turns":7},{"damage":71,"enemies":"Awakened One","floor":50,"turns":10},{"damage":21,"enemies":"Shield and Spear","floor":54,"turns":5},{"damage":104,"enemies":"The Heart","floor":55,"turns":7}],"seed_played":"-1374457608731547225","potions_obtained":[{"floor":1.0,"key":"Swift Potion"},{"floor":12.0,"key":"Poison Potion"},{"floor":23.0,"key":"Fire Potion"},{"floor":25.0,"key":"Dexterity Potion"},{"floor":28.0,"key":"Explosive Potion"},{"floor":29.0,"key":"FearPotion"},{"floor":30.0,"key":"Strength Potion"},{"floor":39,"key":"SteroidPotion"}],"is_trial":false,"path_per_floor":["M","?","?","$","?","R","E","M","T","E","M","E","R","$","R","B",null,"M","?","M","M","?","E","R","M","T","$","E","M","M","M","R","B",null,"M","M","?","T","?","E","E","$","T","E","?","M","M","E","R","B",null,"R","$","E","B",null],"character_chosen":"IRONCLAD","items_purchased":["Impervious","Whirlwind","Bronze Scales","Havoc+1","Mummified Hand"],"campfire_rested":0,"item_purchase_floors":[14,14,27,27,42],"current_hp_per_floor":[77,77,82,82,75,75,66,63,63,37,35,33,33,33,33,30,71,77,77,70,54,54,45,45,49,49,49,59,67,65,64,64,48,86,93,99,103,103,103,65,71,71,71,67,67,76,84,72,72,44,99,99,99,84,23],"gold":81,"neow_bonus":"THREE_RARE_CARDS","is_prod":false,"is_daily":false,"chose_seed":false,"campfire_upgraded":6,"win_rate":0,"timestamp":1543633441,"path_taken":["M","?","?","$","?","R","E","M","T","E","M","E","R","$","R","BOSS","M","?","?","M","?","E","R","M","T","$","E","?","M","M","R","BOSS","M","M","?","?","?","E","E","$","T","E","?","M","M","E","R","BOSS","R","$","E","BOSS"],"build_version":"2018-11-15","purchased_purges":1,"victory":true,"max_hp_per_floor":[80,80,85,85,85,85,85,85,85,85,85,85,85,85,85,85,85,85,85,85,85,85,85,85,88,88,88,88,93,98,98,98,98,98,100,100,103,103,103,105,110,110,110,110,110,113,115,117,117,117,117,117,117,117,117],"card_choices":[{"not_picked":["Berserk","Double Tap"],"picked":"Demon Form","floor":0.0},{"not_picked":["Anger","Dropkick"],"picked":"Intimidate","floor":1.0},{"not_picked":["Searing Blow","Pummel"],"picked":"Shrug It Off","floor":7.0},{"not_picked":["Entrench","Clothesline"],"picked":"Pummel","floor":8.0},{"not_picked":["Thunderclap","Rupture"],"picked":"Ghostly Armor","floor":10.0},{"not_picked":["Cleave","Carnage"],"picked":"True Grit","floor":11.0},{"not_picked":["Headbutt","Clothesline"],"picked":"Double Tap","floor":12.0},{"not_picked":["Fiend Fire","Barricade"],"picked":"Feed","floor":16.0},{"not_picked":["Evolve","Power Through","Warcry"],"picked":"SKIP","floor":18.0},{"not_picked":["Twin Strike","Dropkick","Uppercut"],"picked":"SKIP","floor":20.0},{"not_picked":["Whirlwind","Power Through","Dropkick+1"],"picked":"SKIP","floor":21.0},{"not_picked":["Entrench","Spot Weakness"],"picked":"Flame Barrier","floor":23.0},{"not_picked":["Clash+1","Sever Soul"],"picked":"Ghostly Armor+1","floor":25.0},{"not_picked":["Thunderclap+1","Clothesline"],"picked":"Warcry+1","floor":28.0},{"not_picked":["Blood for Blood","Thunderclap","Infernal Blade+1"],"picked":"Singing Bowl","floor":29.0},{"not_picked":["Wild Strike","Sword Boomerang","Inflame"],"picked":"Singing Bowl","floor":30.0},{"not_picked":["Body Slam","Iron Wave"],"picked":"Whirlwind+1","floor":31.0},{"not_picked":["Bludgeon","Brutality"],"picked":"Impervious+1","floor":33.0},{"not_picked":["Perfected Strike","Headbutt","Fire Breathing"],"picked":"Singing Bowl","floor":35},{"not_picked":["Thunderclap+1","Inflame"],"picked":"Shrug It Off+1","floor":36},{"not_picked":["Flex+1","Warcry+1"],"picked":"Thunderclap+1","floor":37},{"not_picked":["Iron Wave","Ghostly Armor+1"],"picked":"True Grit+1","floor":39},{"not_picked":["Clash","True Grit+1","Wild Strike"],"picked":"Singing Bowl","floor":40},{"not_picked":["Sever Soul","Searing Blow","Rampage"],"picked":"Singing Bowl","floor":41},{"not_picked":["Power Through+1","Fiend Fire"],"picked":"Entrench+1","floor":44},{"not_picked":["Warcry+1","Iron Wave"],"picked":"Disarm+1","floor":46},{"not_picked":["Combust","Dual Wield+1","Flex+1"],"picked":"Singing Bowl","floor":47},{"not_picked":["Limit Break+1","Whirlwind","Fire Breathing"],"picked":"Singing Bowl","floor":48},{"not_picked":["Shrug It Off+1","Evolve"],"picked":"Heavy Blade+1","floor":54}],"player_experience":567595,"relics_obtained":[{"floor":7.0,"key":"Pantograph"},{"floor":9.0,"key":"Bag of Marbles"},{"floor":10.0,"key":"StoneCalendar"},{"floor":12.0,"key":"Pen Nib"},{"floor":23.0,"key":"Toxic Egg 2"},{"floor":26.0,"key":"Meat on the Bone"},{"floor":28.0,"key":"Singing Bowl"},{"floor":37,"key":"WingedGreaves"},{"floor":38,"key":"Ornamental Fan"},{"floor":39,"key":"Pocketwatch"},{"floor":40,"key":"Centennial Puzzle"},{"floor":41,"key":"Kunai"},{"floor":44,"key":"Regal Pillow"},{"floor":48,"key":"Molten Egg 2"},{"floor":54,"key":"Peace Pipe"}],"event_choices":[{"damage_healed":0.0,"max_hp_gain":0.0,"max_hp_loss":0.0,"gold_gain":0.0,"event_name":"Liars Game","player_choice":"Ignored","floor":2.0,"gold_loss":0.0,"damage_taken":0.0},{"damage_healed":0.0,"max_hp_gain":5.0,"max_hp_loss":0.0,"gold_gain":0.0,"event_name":"Big Fish","player_choice":"Donut","floor":3.0,"gold_loss":0.0,"damage_taken":0.0},{"cards_removed":["Defend_R"],"damage_healed":0.0,"max_hp_gain":0.0,"max_hp_loss":0.0,"gold_gain":0.0,"event_name":"Golden Wing","player_choice":"Card Removal","floor":5.0,"gold_loss":0.0,"damage_taken":7.0},{"damage_healed":0.0,"max_hp_gain":0.0,"max_hp_loss":0.0,"gold_gain":0.0,"event_name":"Duplicator","player_choice":"Copied","floor":19.0,"gold_loss":0.0,"damage_taken":0.0,"cards_obtained":["Feed"]},{"damage_healed":0.0,"max_hp_gain":0.0,"max_hp_loss":0.0,"gold_gain":0.0,"cards_transformed":["Strike_R"],"event_name":"Transmorgrifier","player_choice":"Transformed","floor":22.0,"gold_loss":0.0,"damage_taken":0.0,"cards_obtained":["Iron Wave"]},{"damage_healed":0,"gold_gain":0,"player_choice":"Fight","damage_taken":0,"max_hp_gain":0,"max_hp_loss":0,"event_name":"MindBloom","floor":37,"gold_loss":0},{"damage_healed":0,"gold_gain":0,"player_choice":"Fight","damage_taken":0,"max_hp_gain":0,"max_hp_loss":0,"event_name":"Mysterious Sphere","floor":39,"gold_loss":0},{"damage_healed":0,"gold_gain":0,"player_choice":"Paid","damage_taken":0,"relics_obtained":["Red Mask"],"max_hp_gain":0,"max_hp_loss":0,"event_name":"Tomb of Lord Red Mask","floor":45,"gold_loss":150}],"is_beta":true,"boss_relics":[{"not_picked":["Cursed Key","Busted Crown"],"picked":"Coffee Dripper"},{"not_picked":["Astrolabe","Eternal Feather"],"picked":"Snecko Eye"}],"items_purged_floors":[42],"is_endless":false,"potions_floor_spawned":[1,12,23,25,28,29,30,39,40,41,46,47],"ascension_level":13}