{"gold_per_floor":[115,115,130,145,115,115,147,147,147,174,190,190,100,117,117,117],"floor_reached":16,"playtime":421,"items_purged":[],"score":220,"play_id":"e322720a-48ab-40ba-81df-83c1d4e7069b","local_time":"20190330011511","is_ascension_mode":true,"campfire_choices":[{"data":"Bash","floor":6,"key":"SMITH"},{"data":"True Grit","floor":8,"key":"SMITH"},{"data":"Shockwave","floor":12,"key":"SMITH"},{"data":"Discovery","floor":15,"key":"SMITH"}],"neow_cost":"NONE","seed_source_timestamp":50960384396300,"circlet_count":0,"master_deck":["AscendersBane","Strike_R","Strike_R","Strike_R","Strike_R","Strike_R","Defend_R","Defend_R","Defend_R","Defend_R","Bash+1","True Grit+1","Second Wind","Shrug It Off","Shockwave+1","Discovery+1"],"relics":["Burning Blood","Bag of Marbles","Ornamental Fan","Gambling Chip","Pantograph","Letter Opener"],"potions_floor_usage":[7,7,10,16],"damage_taken":[{"damage":16,"enemies":"Jaw Worm","floor":1,"turns":5},{"damage":7,"enemies":"Small Slimes","floor":3,"turns":4},{"damage":0,"enemies":"Cultist","floor":4,"turns":3},{"damage":14,"enemies":"Lagavulin","floor":7,"turns":8},{"damage":32,"enemies":"Gremlin Nob","floor":10,"turns":4},{"damage":4,"enemies":"Red Slaver","floor":11,"turns":4},{"damage":16,"enemies":"Lots of Slimes","floor":14,"turns":4},{"damage":50,"enemies":"Hexaghost","floor":16,"turns":10}],"seed_played":"-6401067107399639614","potions_obtained":[{"floor":3,"key":"Fire Potion"},{"floor":5,"key":"PowerPotion"},{"floor":7,"key":"GamblersBrew"},{"floor":14,"key":"BloodPotion"}],"is_trial":false,"path_per_floor":["M","?","M","M","?","R","E","R","T","E","M","R","$","M","R","B"],"character_chosen":"IRONCLAD","items_purchased":["Discovery"],"campfire_rested":0,"item_purchase_floors":[13],"current_hp_per_floor":[58,53,52,58,58,58,50,50,50,24,26,26,26,16,16,0],"gold":117,"neow_bonus":"RANDOM_COMMON_RELIC","is_prod":false,"is_daily":false,"chose_seed":false,"campfire_upgraded":4,"win_rate":0,"timestamp":1553876111,"path_taken":["M","?","M","M","?","R","E","R","T","E","?","R","?","?","R","BOSS"],"build_version":"2019-01-23","purchased_purges":0,"victory":false,"max_hp_per_floor":[75,75,75,75,75,75,75,75,75,75,75,75,75,75,75,75],"card_choices":[{"not_picked":["Burning Pact","Thunderclap"],"picked":"True Grit","floor":1},{"not_picked":["Heavy Blade","Flex","Iron Wave"],"picked":"SKIP","floor":3},{"not_picked":["Twin Strike","Havoc"],"picked":"Second Wind","floor":4},{"not_picked":["Metallicize","True Grit"],"picked":"Shrug It Off","floor":7},{"not_picked":["Dark Embrace","Clash","Clothesline"],"picked":"SKIP","floor":10},{"not_picked":["Reckless Charge","Sever Soul"],"picked":"Shockwave","floor":11},{"not_picked":["Pommel Strike","Wild Strike","Headbutt"],"picked":"SKIP","floor":14}],"player_experience":2735510,"relics_obtained":[{"floor":7,"key":"Gambling Chip"},{"floor":9,"key":"Pantograph"},{"floor":10,"key":"Letter Opener"}],"event_choices":[{"damage_healed":0,"gold_gain":0,"player_choice":"Success","damage_taken":5,"relics_obtained":["Ornamental Fan"],"max_hp_gain":0,"max_hp_loss":0,"event_name":"Scrap Ooze","floor":2,"gold_loss":0},{"damage_healed":0,"gold_gain":0,"player_choice":"Bought 2 Potions","damage_taken":0,"max_hp_gain":0,"max_hp_loss":0,"event_name":"The Woman in Blue","floor":5,"gold_loss":0}],"is_beta":false,"boss_relics":[],"items_purged_floors":[],"is_endless":false,"potions_floor_spawned":[3,7,14],"killed_by":"Hexaghost","ascension_level":20}