{"gold_per_floor":[115,115,31,31,51,79,79,106,152,152,178,11,25,25],"floor_reached":14,"playtime":461,"items_purged":["Defend_B"],"score":212,"play_id":"9728cdf0-169c-4257-a16e-c07f701604d2","local_time":"20190223122725","is_ascension_mode":true,"campfire_choices":[{"floor":7,"key":"REST"}],"neow_cost":"NONE","seed_source_timestamp":261380447075400,"circlet_count":0,"master_deck":["AscendersBane","Strike_B","Strike_B","Strike_B","Strike_B","Defend_B","Defend_B","Zap","Dualcast","Electrodynamics","Cold Snap","Conserve Battery","Gash","Coolheaded","Glacier","Turbo","Capacitor","Blizzard","Self Repair","Glacier"],"relics":["Orrery","Omamori","Boot","Anchor","Regal Pillow"],"potions_floor_usage":[11,14],"damage_taken":[{"damage":0,"enemies":"Cultist","floor":1,"turns":3},{"damage":0,"enemies":"2 Louse","floor":5,"turns":1},{"damage":43,"enemies":"Gremlin Nob","floor":6,"turns":6},{"damage":31,"enemies":"Lagavulin","floor":8,"turns":10},{"damage":4,"enemies":"3 Sentries","floor":11,"turns":4},{"damage":0,"enemies":"Jaw Worm","floor":13,"turns":5},{"damage":20,"enemies":"Exordium Thugs","floor":14,"turns":3}],"seed_played":"5540158820063831408","potions_obtained":[{"floor":8,"key":"AttackPotion"},{"floor":11,"key":"Weak Potion"},{"floor":13,"key":"FocusPotion"}],"is_trial":false,"path_per_floor":["M","?","$","?","M","E","R","E","T","?","E","$","M","M"],"character_chosen":"DEFECT","items_purchased":["Glacier","Self Repair","Fire Potion"],"campfire_rested":1,"item_purchase_floors":[3,12,12],"current_hp_per_floor":[64,64,64,69,69,26,48,17,17,17,13,13,20,0],"gold":25,"neow_bonus":"BOSS_RELIC","is_prod":false,"is_daily":false,"chose_seed":false,"campfire_upgraded":0,"win_rate":0,"timestamp":1550892445,"path_taken":["M","?","$","?","M","E","R","E","T","?","E","?","M","?"],"build_version":"2019-01-23","purchased_purges":1,"victory":false,"max_hp_per_floor":[71,71,71,76,76,76,76,76,76,76,76,76,76,76],"card_choices":[{"not_picked":["Hello World","Redo"],"picked":"Electrodynamics","floor":0},{"not_picked":["Ball Lightning","Force Field"],"picked":"Cold Snap","floor":0},{"not_picked":["Steam Power","Recycle"],"picked":"Conserve Battery","floor":0},{"not_picked":["Doom and Gloom","Skim"],"picked":"Gash","floor":0},{"not_picked":["Compile Driver","Ball Lightning"],"picked":"Coolheaded","floor":1},{"not_picked":["Beam Cell","Leap","Redo"],"picked":"SKIP","floor":5},{"not_picked":["Hologram","Redo"],"picked":"Turbo","floor":6},{"not_picked":["Storm","Reboot"],"picked":"Capacitor","floor":8},{"not_picked":["Sweeping Beam","Beam Cell"],"picked":"Blizzard","floor":11},{"not_picked":["Hologram","Tempest"],"picked":"Glacier","floor":13}],"player_experience":1765657,"relics_obtained":[{"floor":6,"key":"Omamori"},{"floor":8,"key":"Boot"},{"floor":9,"key":"Anchor"},{"floor":11,"key":"Regal Pillow"}],"event_choices":[{"cards_removed":["Defend_B"],"damage_healed":0,"gold_gain":0,"player_choice":"Forget","damage_taken":0,"max_hp_gain":0,"max_hp_loss":0,"event_name":"Living Wall","floor":2,"gold_loss":0},{"damage_healed":0,"gold_gain":0,"player_choice":"Donut","damage_taken":0,"max_hp_gain":5,"max_hp_loss":0,"event_name":"Big Fish","floor":4,"gold_loss":0},{"damage_healed":0,"gold_gain":0,"player_choice":"Ignored","damage_taken":0,"max_hp_gain":0,"max_hp_loss":0,"event_name":"Shining Light","floor":10,"gold_loss":0}],"is_beta":false,"boss_relics":[],"items_purged_floors":[12],"is_endless":false,"potions_floor_spawned":[8,11,13],"killed_by":"Exordium Thugs","ascension_level":20}