{"gold_per_floor":[114,17,17,35,53,53,81,81,81,110,126,126,153,67,67,140,140,150,150,180,28,31,31,51,80,80,98,98,13,43,63,63,138,138,153,375,375,393,129,154,170,170,194,226,226,226,326,326,326,326,326,326,326,27,60,60],"floor_reached":57,"playtime":2676,"items_purged":["Strike_R","Strike_R","Strike_R+1"],"score":3228,"play_id":"764a0814-715a-4b49-b799-a09bd3ca214f","local_time":"20190419193143","is_ascension_mode":true,"campfire_choices":[{"data":"Fiend Fire","floor":6,"key":"SMITH"},{"data":"Inflame","floor":12,"key":"SMITH"},{"data":"Limit Break","floor":15,"key":"SMITH"},{"data":"Battle Trance","floor":23,"key":"SMITH"},{"data":"Bash","floor":28,"key":"SMITH"},{"data":"Shrug It Off","floor":32,"key":"SMITH"},{"data":"Disarm","floor":42,"key":"SMITH"},{"floor":45,"key":"RECALL"},{"data":"Impervious","floor":49,"key":"SMITH"},{"data":"Twin Strike","floor":53,"key":"SMITH"}],"neow_cost":"NONE","seed_source_timestamp":313046929922800,"circlet_count":0,"master_deck":["AscendersBane","Defend_R","Defend_R","Defend_R","Defend_R","Bash+1","Inflame+1","True Grit+1","Twin Strike+1","Fiend Fire+1","Impervious+1","Battle Trance+1","Limit Break+1","Feed+1","Disarm+1","Evolve+1","Feel No Pain+1","Whirlwind+1","Shrug It Off+1","Pommel Strike+1","Reaper+1","Feed+1","Entrench+1","Second Wind+1","Barricade+1","Offering","Offering"],"relics":["Burning Blood","NeowsBlessing","FaceOfCleric","Molten Egg 2","Meat on the Bone","Mummified Hand","Frozen Egg 2","Sozu","Red Mask","Bag of Preparation","Letter Opener","Singing Bowl","Strawberry","Empty Cage","Oddly Smooth Stone","Gambling Chip","Champion Belt","Shuriken","Magic Flower","Anchor"],"potions_floor_usage":[7,7,20,56],"damage_taken":[{"damage":0,"enemies":"Jaw Worm","floor":1,"turns":1},{"damage":0,"enemies":"Cultist","floor":4,"turns":1},{"damage":0,"enemies":"2 Louse","floor":5,"turns":2},{"damage":21,"enemies":"3 Sentries","floor":7,"turns":6},{"damage":12,"enemies":"Lagavulin","floor":10,"turns":7},{"damage":4,"enemies":"Blue Slaver","floor":11,"turns":2},{"damage":8,"enemies":"Gremlin Nob","floor":13,"turns":3},{"damage":41,"enemies":"Hexaghost","floor":16,"turns":7},{"damage":19,"enemies":"Chosen","floor":18,"turns":4},{"damage":19,"enemies":"Masked Bandits","floor":20,"turns":4},{"damage":17,"enemies":"2 Thieves","floor":22,"turns":4},{"damage":21,"enemies":"Sentry and Sphere","floor":24,"turns":5},{"damage":38,"enemies":"Book of Stabbing","floor":25,"turns":5},{"damage":0,"enemies":"Snecko","floor":27,"turns":2},{"damage":3,"enemies":"Gremlin Leader","floor":30,"turns":5},{"damage":14,"enemies":"Cultist and Chosen","floor":31,"turns":5},{"damage":40,"enemies":"Collector","floor":33,"turns":9},{"damage":23,"enemies":"3 Darklings","floor":35,"turns":6},{"damage":28,"enemies":"Orb Walker","floor":38,"turns":6},{"damage":51,"enemies":"Giant Head","floor":40,"turns":7},{"damage":0,"enemies":"4 Shapes","floor":41,"turns":10},{"damage":35,"enemies":"Nemesis","floor":44,"turns":7},{"damage":24,"enemies":"Mind Bloom Boss Battle","floor":47,"turns":11},{"damage":0,"enemies":"Donu and Deca","floor":50,"turns":11},{"damage":0,"enemies":"Time Eater","floor":51,"turns":12},{"damage":6,"enemies":"Shield and Spear","floor":55,"turns":9},{"damage":12,"enemies":"The Heart","floor":56,"turns":12}],"seed_played":"-3303143393383590141","potions_obtained":[{"floor":1,"key":"Strength Potion"},{"floor":5,"key":"Regen Potion"},{"floor":7,"key":"Energy Potion"},{"floor":10,"key":"Energy Potion"},{"floor":16,"key":"GamblersBrew"}],"is_trial":false,"path_per_floor":["M","$","?","M","M","R","E","?","T","E","M","R","E","$","R","B",null,"M","?","?","$","M","R","M","E","T","M","R","?","E","M","R","B",null,"M","?","?","M","$","E","M","R","T","E","R","T","?","?","R","B","B",null,"R","$","E","B",null],"character_chosen":"IRONCLAD","items_purchased":["Inflame","True Grit","Limit Break","Evolve+1","Oddly Smooth Stone","Offering"],"campfire_rested":0,"item_purchase_floors":[2,2,14,21,39,54],"current_hp_per_floor":[74,74,74,76,77,77,75,52,52,47,50,50,49,49,49,27,68,60,60,64,64,54,54,56,37,37,56,56,56,71,68,68,63,107,112,112,112,95,95,84,101,101,101,89,89,89,109,109,109,157,162,162,162,162,171,176],"gold":60,"neow_bonus":"THREE_ENEMY_KILL","is_prod":false,"is_daily":false,"chose_seed":false,"campfire_upgraded":9,"win_rate":0,"timestamp":1555669903,"path_taken":["M","$","?","M","?","R","E","?","T","E","M","R","E","$","R","BOSS","M","?","?","?","M","R","?","E","T","M","R","?","E","M","R","BOSS","M","?","?","M","$","E","M","R","T","E","R","?","?","?","R","BOSS","BOSS","R","$","E","BOSS"],"build_version":"2019-01-23","purchased_purges":3,"victory":true,"max_hp_per_floor":[75,75,75,76,77,77,78,78,78,79,80,80,81,81,81,82,82,87,87,92,92,93,93,98,99,99,100,100,100,112,117,117,122,122,129,129,123,128,128,131,142,142,142,143,143,143,148,148,148,157,162,162,162,162,171,176],"card_choices":[{"not_picked":["Uppercut","Cleave","Thunderclap"],"picked":"SKIP","floor":1},{"not_picked":["Flex","Searing Blow"],"picked":"Twin Strike","floor":4},{"not_picked":["Clothesline","Anger"],"picked":"Fiend Fire","floor":5},{"not_picked":["Dual Wield","Twin Strike","Fire Breathing"],"picked":"SKIP","floor":7},{"not_picked":["Dual Wield","Twin Strike","Fire Breathing"],"picked":"SKIP","floor":7},{"not_picked":["Havoc","Hemokinesis+1","Flex"],"picked":"SKIP","floor":10},{"not_picked":["Heavy Blade+1","Perfected Strike+1"],"picked":"Impervious","floor":11},{"not_picked":["Thunderclap+1","Pummel+1"],"picked":"Battle Trance","floor":13},{"not_picked":["Demon Form+1","Reaper+1"],"picked":"Feed+1","floor":16},{"not_picked":["Clothesline+1","Body Slam+1","Dropkick+1"],"picked":"SKIP","floor":18},{"not_picked":["Flex","Wild Strike+1"],"picked":"Disarm","floor":20},{"not_picked":["Havoc","Body Slam+1"],"picked":"Feel No Pain+1","floor":22},{"not_picked":["Power Through","Warcry"],"picked":"Whirlwind+1","floor":24},{"not_picked":["Disarm+1","Clothesline+1"],"picked":"Shrug It Off","floor":25},{"not_picked":["Corruption+1","Searing Blow+1"],"picked":"Flame Barrier+1","floor":27},{"not_picked":["Second Wind","Armaments"],"picked":"Pommel Strike+1","floor":30},{"not_picked":["Combust+1","Havoc"],"picked":"Reaper+1","floor":31},{"not_picked":["Bludgeon+1","Demon Form+1"],"picked":"Feed+1","floor":33},{"not_picked":["Perfected Strike+1","Corruption+1","Iron Wave+1"],"picked":"Singing Bowl","floor":35},{"not_picked":["Carnage+1","Warcry+1"],"picked":"Entrench+1","floor":38},{"not_picked":["Perfected Strike+1","Sword Boomerang+1","True Grit"],"picked":"Singing Bowl","floor":40},{"not_picked":["Metallicize+1","Anger+1","Twin Strike+1"],"picked":"Singing Bowl","floor":41},{"not_picked":["Cleave+1","Perfected Strike+1"],"picked":"Second Wind+1","floor":44},{"not_picked":["Hemokinesis+1","Pommel Strike+1"],"picked":"Barricade+1","floor":47},{"not_picked":["Armaments","Rage"],"picked":"Offering","floor":55}],"player_experience":3229412,"relics_obtained":[{"floor":7,"key":"Molten Egg 2"},{"floor":9,"key":"Meat on the Bone"},{"floor":10,"key":"Mummified Hand"},{"floor":13,"key":"Frozen Egg 2"},{"floor":20,"key":"Red Mask"},{"floor":25,"key":"Bag of Preparation"},{"floor":26,"key":"Letter Opener"},{"floor":30,"key":"Strawberry"},{"floor":40,"key":"Gambling Chip"},{"floor":44,"key":"Champion Belt"},{"floor":46,"key":"Shuriken"},{"floor":47,"key":"Magic Flower"},{"floor":55,"key":"Anchor"}],"event_choices":[{"damage_healed":0,"gold_gain":0,"player_choice":"Trade","damage_taken":0,"relics_obtained":["FaceOfCleric"],"max_hp_gain":0,"max_hp_loss":0,"event_name":"FaceTrader","floor":3,"gold_loss":0},{"damage_healed":0,"gold_gain":0,"player_choice":"Entered Light","damage_taken":23,"max_hp_gain":0,"max_hp_loss":0,"event_name":"Shining Light","floor":8,"gold_loss":0,"cards_upgraded":["True Grit","Strike_R"]},{"damage_healed":0,"gold_gain":0,"player_choice":"Ignored","damage_taken":0,"max_hp_gain":0,"max_hp_loss":0,"event_name":"Vampires","floor":19,"gold_loss":0},{"damage_healed":0,"gold_gain":0,"player_choice":"Fought Bandits","damage_taken":0,"max_hp_gain":0,"max_hp_loss":0,"event_name":"Masked Bandits","floor":20,"gold_loss":0},{"damage_healed":0,"gold_gain":0,"player_choice":"Obtained Relic","damage_taken":0,"relics_obtained":["Singing Bowl"],"max_hp_gain":0,"max_hp_loss":0,"event_name":"Addict","floor":29,"gold_loss":85},{"damage_healed":0,"gold_gain":222,"player_choice":"Wore Mask","damage_taken":0,"max_hp_gain":0,"max_hp_loss":0,"event_name":"Tomb of Lord Red Mask","floor":36,"gold_loss":0},{"damage_healed":0,"gold_gain":0,"player_choice":"Max HP","damage_taken":0,"max_hp_gain":0,"max_hp_loss":6,"event_name":"Winding Halls","floor":37,"gold_loss":0},{"damage_healed":0,"gold_gain":0,"player_choice":"Fight","damage_taken":0,"max_hp_gain":0,"max_hp_loss":0,"event_name":"MindBloom","floor":47,"gold_loss":0},{"cards_removed":["Flame Barrier"],"damage_healed":0,"gold_gain":0,"player_choice":"Removed Skill","damage_taken":0,"max_hp_gain":0,"max_hp_loss":0,"event_name":"Falling","floor":48,"gold_loss":0}],"is_beta":false,"boss_relics":[{"not_picked":["Orrery","Astrolabe"],"picked":"Sozu"},{"not_picked":["Runic Dome","Black Blood"],"picked":"Empty Cage"}],"items_purged_floors":[21,39,54],"is_endless":false,"potions_floor_spawned":[1,5,7,10,16,20,24,27,30,35,40,41,47],"ascension_level":20}