{"gold_per_floor":[113,113,128,128,43,68,68,88,88,103,28,45,45,45,45,123,123,142,142,159,159],"floor_reached":21,"playtime":458,"items_purged":[],"score":408,"play_id":"f4c8d76a-c94d-4f24-9b55-c0f1fc7a408e","local_time":"20190222211234","is_ascension_mode":true,"campfire_choices":[{"data":"Sunder","floor":7,"key":"SMITH"},{"data":"Consume","floor":13,"key":"SMITH"},{"data":"Beam Cell","floor":15,"key":"SMITH"}],"neow_cost":"NONE","seed_source_timestamp":206475194297900,"circlet_count":0,"master_deck":["AscendersBane","Strike_B","Strike_B+1","Strike_B","Strike_B","Defend_B","Defend_B","Zap","Dualcast+1","Sunder+1","Beam Cell+1","Consume+1","Conserve Battery","Cold Snap","Self Repair","Coolheaded+1"],"special_seed":0,"relics":["Cracked Core","NeowsBlessing","Turnip","Singing Bowl","StoneCalendar","Philosopher\u0027s Stone"],"potions_floor_usage":[12,16,21,21],"damage_taken":[{"damage":0.0,"enemies":"Small Slimes","floor":1.0,"turns":1.0},{"damage":0.0,"enemies":"Cultist","floor":3.0,"turns":1.0},{"damage":0,"enemies":"Gremlin Nob","floor":6,"turns":1},{"damage":0,"enemies":"2 Louse","floor":8,"turns":2},{"damage":13,"enemies":"Large Slime","floor":10,"turns":3},{"damage":1,"enemies":"2 Fungi Beasts","floor":12,"turns":2},{"damage":3,"enemies":"Hexaghost","floor":16,"turns":7},{"damage":45,"enemies":"2 Thieves","floor":18,"turns":4},{"damage":14,"enemies":"Spheric Guardian","floor":20,"turns":4},{"damage":13,"enemies":"Cultist and Chosen","floor":21,"turns":5}],"seed_played":"-8381508807967719467","potions_obtained":[{"floor":1.0,"key":"Explosive Potion"},{"floor":6,"key":"Explosive Potion"},{"floor":10,"key":"Weak Potion"},{"floor":16,"key":"Strength Potion"},{"floor":20,"key":"GamblersBrew"}],"is_trial":false,"path_per_floor":["M","?","M","?","$","E","R","M","T","M","?","M","R","?","R","B",null,"M","?","M","M"],"character_chosen":"DEFECT","items_purchased":["Consume"],"campfire_rested":0,"item_purchase_floors":[5],"current_hp_per_floor":[64,64,64,43,43,43,43,43,43,30,30,29,29,11,11,17,59,23,23,16,3],"gold":159,"neow_bonus":"THREE_ENEMY_KILL","is_prod":false,"is_daily":false,"chose_seed":false,"campfire_upgraded":3,"win_rate":0,"timestamp":1550837554,"path_taken":["M","?","?","?","$","E","R","M","T","M","?","M","R","?","R","BOSS","M","?","M","?"],"build_version":"2019-01-23","purchased_purges":0,"victory":false,"max_hp_per_floor":[71,71,71,71,71,71,71,71,71,71,71,71,71,71,71,73,73,75,75,75,75],"card_choices":[{"not_picked":["Genetic Algorithm","Compile Driver","Hologram"],"picked":"SKIP","floor":1.0},{"not_picked":["Turbo","Go for the Eyes"],"picked":"Beam Cell","floor":3.0},{"not_picked":["Thunder Strike","Sunder"],"picked":"Conserve Battery","floor":6},{"not_picked":["Ball Lightning","Rebound","Recycle"],"picked":"SKIP","floor":8},{"not_picked":["Leap","Ball Lightning"],"picked":"Cold Snap","floor":10},{"not_picked":["Stack","Leap"],"picked":"Self Repair","floor":12},{"not_picked":["All For One","Multi-Cast","Meteor Strike"],"picked":"Singing Bowl","floor":16},{"not_picked":["Recycle+1","Reprogram","Hologram"],"picked":"Singing Bowl","floor":18},{"not_picked":["Gash","Cold Snap+1"],"picked":"Coolheaded+1","floor":20}],"player_experience":1744745,"relics_obtained":[{"floor":6,"key":"Turnip"},{"floor":9,"key":"Singing Bowl"}],"event_choices":[{"damage_healed":0.0,"max_hp_gain":0.0,"max_hp_loss":0.0,"gold_gain":0.0,"cards_transformed":["Defend_B"],"event_name":"Transmorgrifier","player_choice":"Transformed","floor":2.0,"gold_loss":0.0,"damage_taken":0.0,"cards_obtained":["Sunder"]},{"damage_healed":0.0,"max_hp_gain":0.0,"max_hp_loss":0.0,"gold_gain":0.0,"event_name":"Shining Light","player_choice":"Entered Light","floor":4.0,"gold_loss":0.0,"damage_taken":21.0,"cards_upgraded":["Dualcast","Strike_B"]},{"cards_removed":["Defend_B"],"damage_healed":0,"gold_gain":0,"player_choice":"Card Removal","damage_taken":0,"max_hp_gain":0,"max_hp_loss":0,"event_name":"The Cleric","floor":11,"gold_loss":75},{"damage_healed":0,"gold_gain":0,"player_choice":"Success","damage_taken":18,"relics_obtained":["StoneCalendar"],"max_hp_gain":0,"max_hp_loss":0,"event_name":"Scrap Ooze","floor":14,"gold_loss":0},{"damage_healed":0,"gold_gain":0,"player_choice":"Ignored","damage_taken":0,"max_hp_gain":0,"max_hp_loss":0,"event_name":"N\u0027loth","floor":19,"gold_loss":0}],"is_beta":false,"boss_relics":[{"not_picked":["Black Star","Lizard Tail"],"picked":"Philosopher\u0027s Stone"}],"items_purged_floors":[],"is_endless":false,"potions_floor_spawned":[1,6,10,16,20],"killed_by":"Cultist and Chosen","ascension_level":20}