{"path_per_floor":["M","?","?","M","M","R","E","R","T","R","?","M","M","$","R","B",null,"M","M","?","M","?","R","E","R","T","$","M","R","M","?","R","B",null,"M","?","M","$","$","E","R"],"character_chosen":"IRONCLAD","items_purchased":["Toolbox","Havoc","Warcry","Bag of Marbles","True Grit","Ornamental Fan"],"gold_per_floor":[113,113,113,130,142,142,171,171,216,216,466,482,497,87,87,182,182,200,216,216,231,231,231,256,256,256,86,99,99,109,109,109,205,235,254,254,264,5,5,32,32],"floor_reached":42,"campfire_rested":5,"playtime":3885,"current_hp_per_floor":[83,83,83,86,86,86,47,72,72,72,72,89,92,92,92,74,94,88,84,84,58,58,87,63,92,92,92,78,78,81,81,106,71,111,111,97,89,89,89,51,84],"items_purged":["Defend_R"],"gold":32,"score":522,"play_id":"71f3af14-96e1-4e70-b02b-715a57bd7277","local_time":"20180302232808","is_prod":false,"is_daily":false,"is_ascension_mode":true,"campfire_upgraded":4,"timestamp":1520026088,"path_taken":["M","?","?","M","M","R","E","R","T","R","?","M","M","$","R","BOSS","M","?","?","M","?","R","E","R","T","$","M","R","M","?","R","BOSS","M","?","?","?","$","E","R","E"],"build_version":"2018-03-01-PROD1","purchased_purges":2,"victory":false,"master_deck":["Strike_R+1","Strike_R+1","Strike_R+1","Strike_R+1","Defend_R+1","Defend_R+1","Bash+1","Feed+1","Infernal Blade+1","Sentinel","Armaments+1","Pummel","Seeing Red+1","Iron Wave","Feel No Pain","Havoc+1","Warcry+1","Bludgeon+1","Clothesline","Clothesline","Burning Pact+1","Anger+1","True Grit+1","Clothesline+1","Whirlwind+1","Infernal Blade+1","Feed","Havoc+1","Cleave+1","Madness+1","Madness+1","Pommel Strike+1","Flame Barrier+1"],"max_hp_per_floor":[83,83,83,86,86,86,86,86,86,86,86,90,94,94,94,94,94,94,98,98,98,98,98,98,98,98,98,102,102,106,106,106,106,111,111,111,111,111,111,111,111],"relics":["Burning Blood","Spirit Poop","Toxic Egg 2","Omamori","Toolbox","Mark of Pain","Ginger","Sundial","Bag of Marbles","Tiny House","Ornamental Fan","Gremlin Horn"],"card_choices":[{"not_picked":["Flex","Twin Strike"],"picked":"Sentinel"},{"not_picked":["Heavy Blade","Intimidate"],"picked":"Armaments"},{"not_picked":["Anger","Second Wind"],"picked":"Pummel"},{"not_picked":["Disarm","Body Slam"],"picked":"Seeing Red"},{"not_picked":["Flame Barrier","Hemokinesis"],"picked":"Iron Wave"},{"not_picked":["Brutality","Shockwave"],"picked":"Feel No Pain"},{"not_picked":["Berserk","Limit Break"],"picked":"Bludgeon"},{"not_picked":["Seeing Red","Twin Strike"],"picked":"Clothesline"},{"not_picked":["Battle Trance","Pommel Strike"],"picked":"Clothesline"},{"not_picked":["Pommel Strike","Heavy Blade"],"picked":"Burning Pact"},{"not_picked":["Wild Strike","Warcry"],"picked":"Anger"},{"not_picked":["Corruption","Body Slam"],"picked":"Clothesline"},{"not_picked":["Disarm","Iron Wave"],"picked":"Whirlwind"},{"not_picked":["Double Tap","Reaper"],"picked":"Feed"},{"not_picked":["Wild Strike","Twin Strike"],"picked":"Havoc"},{"not_picked":["Anger","Rupture"],"picked":"Cleave"},{"not_picked":["Body Slam","Cleave"],"picked":"Pommel Strike"},{"not_picked":["Perfected Strike","Metallicize"],"picked":"Flame Barrier"}],"player_experience":217578,"potions_floor_usage":[7,12,19,30,33,40,42],"damage_taken":[{"damage":3,"enemies":"2 Louse","floor":1,"turns":2},{"damage":0,"enemies":"Small Slimes","floor":4,"turns":2},{"damage":6,"enemies":"Cultist","floor":5,"turns":3},{"damage":45,"enemies":"Lagavulin","floor":7,"turns":6},{"damage":8,"enemies":"Lots of Slimes","floor":12,"turns":6},{"damage":7,"enemies":"Looter","floor":13,"turns":3},{"damage":24,"enemies":"Slime Boss","floor":16,"turns":11},{"damage":12,"enemies":"Chosen","floor":18,"turns":5},{"damage":20,"enemies":"2 Thieves","floor":19,"turns":4},{"damage":38,"enemies":"Snake Plant","floor":21,"turns":3},{"damage":30,"enemies":"Book of Stabbing","floor":24,"turns":5},{"damage":24,"enemies":"Slaver and Parasite","floor":28,"turns":4},{"damage":7,"enemies":"Cultist and Chosen","floor":30,"turns":3},{"damage":41,"enemies":"Collector","floor":33,"turns":6},{"damage":0,"enemies":"3 Darklings","floor":35,"turns":1},{"damage":14,"enemies":"Orb Walker","floor":37,"turns":3},{"damage":44,"enemies":"2 Orb Walkers","floor":40,"turns":5},{"damage":99,"enemies":"Giant Head","floor":42,"turns":8}],"event_choices":[{"event_name":"Living Wall","player_choice":"Grow","floor":2,"damage_taken":0},{"event_name":"Bonfire Elementals","player_choice":"CURSE","floor":3,"damage_taken":0},{"event_name":"Golden Shrine","player_choice":"Desecrate","floor":11,"damage_taken":0},{"event_name":"Back to Basics","player_choice":"Simplicity","floor":20,"damage_taken":0},{"event_name":"Forgotten Altar","player_choice":"Smashed Altar","floor":22,"damage_taken":0},{"event_name":"Duplicator","player_choice":"One dupe","floor":31,"damage_taken":0},{"event_name":"Winding Halls","player_choice":"Embrace Madness","floor":36,"damage_taken":0}],"boss_relics":[{"not_picked":["Runic Pyramid","White Beast Statue"],"picked":"Mark of Pain"},{"not_picked":["Philosopher\u0027s Stone","Lizard Tail"],"picked":"Tiny House"}],"potions_floor_spawned":[4,7,16,28,30,37],"seed_played":"3701842401818829497","killed_by":"Giant Head","ascension_level":4,"is_trial":false}