{"gold_per_floor":[118,129,129,149,114,144,144,179,179,179,197,197,161,178,178,274,324,339,3,3,3,20,20],"floor_reached":23,"playtime":968,"items_purged":[],"score":308,"play_id":"22b76e2a-79f1-4b02-a1f4-4bac93d210a4","local_time":"20180902185129","is_ascension_mode":true,"campfire_choices":[{"data":"Loop","floor":7.0,"key":"SMITH"},{"floor":10.0,"key":"REST"},{"data":"Self Repair","floor":12.0,"key":"SMITH"},{"data":"Loop","floor":15.0,"key":"SMITH"}],"neow_cost":"NONE","seed_source_timestamp":1557082000874295,"circlet_count":0,"master_deck":["Strike_B","Strike_B","Strike_B","Defend_B","Defend_B","Defend_B","Defend_B","Zap","Dualcast","AscendersBane","Ball Lightning","Gash+1","Loop+1","Self Repair+1","Ball Lightning","Static Discharge","Loop+1","Electrodynamics","Conserve Battery","Sunder","Echo Form","Panache","Conserve Battery+1"],"special_seed":0,"relics":["Cracked Core","Bronze Scales","Blood Vial","Mummified Hand","Ornamental Fan","Tiny House"],"potions_floor_usage":[23],"damage_taken":[{"damage":2.0,"enemies":"Jaw Worm","floor":1.0,"turns":3.0},{"damage":1.0,"enemies":"Cultist","floor":2.0,"turns":3.0},{"damage":5.0,"enemies":"2 Louse","floor":4.0,"turns":2.0},{"damage":20.0,"enemies":"3 Sentries","floor":6.0,"turns":4.0},{"damage":30.0,"enemies":"Lagavulin","floor":8.0,"turns":6.0},{"damage":5.0,"enemies":"Exordium Wildlife","floor":11.0,"turns":3.0},{"damage":11.0,"enemies":"Blue Slaver","floor":14.0,"turns":3.0},{"damage":55.0,"enemies":"The Guardian","floor":16.0,"turns":7.0},{"damage":39.0,"enemies":"2 Thieves","floor":18.0,"turns":3.0},{"damage":34.0,"enemies":"Colosseum Slavers","floor":20.0,"turns":3.0},{"damage":19.0,"enemies":"Spheric Guardian","floor":22.0,"turns":4.0},{"damage":25,"enemies":"Gremlin Leader","floor":23,"turns":3}],"seed_played":"-5126684153911975708","potions_obtained":[{"floor":1.0,"key":"PowerPotion"},{"floor":4.0,"key":"Regen Potion"},{"floor":6.0,"key":"Regen Potion"},{"floor":8.0,"key":"EssenceOfSteel"},{"floor":17.0,"key":"FairyPotion"},{"floor":22.0,"key":"Swift Potion"}],"is_trial":false,"path_per_floor":["M","M","?","M","?","E","R","E","T","R","M","R","$","M","R","B",null,"M","$","?","$","M"],"character_chosen":"DEFECT","items_purchased":["Static Discharge","Echo Form","Panache"],"campfire_rested":1,"item_purchase_floors":[13,19,19],"current_hp_per_floor":[66,65,65,60,75,64,64,52,52,74,70,70,70,71,71,28,68,41,41,19,19,12,0],"gold":20,"neow_bonus":"RANDOM_COMMON_RELIC","is_prod":false,"is_daily":false,"chose_seed":false,"campfire_upgraded":3,"win_rate":0,"timestamp":1535903489,"path_taken":["M","M","?","M","?","E","R","E","T","R","M","R","$","?","R","BOSS","M","$","?","?","M","E"],"build_version":"2018-08-30","purchased_purges":0,"victory":false,"max_hp_per_floor":[75,75,75,75,75,75,75,75,75,75,75,75,75,75,75,75,80,80,80,80,80,80,80],"card_choices":[{"not_picked":["Auto Shields","Steam"],"picked":"Ball Lightning","floor":1.0},{"not_picked":["Undo","Reprogram"],"picked":"Gash","floor":2.0},{"not_picked":["Hologram","Chaos"],"picked":"Loop","floor":4.0},{"not_picked":["Cold Snap","Scrape"],"picked":"Self Repair","floor":6.0},{"not_picked":["Sweeping Beam","Beam Cell","Streamline"],"picked":"SKIP","floor":8.0},{"not_picked":["Beam Cell","Barrage"],"picked":"Ball Lightning","floor":11.0},{"not_picked":["Conserve Battery","Fusion"],"picked":"Loop","floor":14.0},{"not_picked":["Amplify","Meteor Strike"],"picked":"Electrodynamics","floor":16.0},{"not_picked":["Undo","Melter"],"picked":"Conserve Battery","floor":17.0},{"not_picked":["Rebound","Genetic Algorithm"],"picked":"Sunder","floor":18.0},{"not_picked":["Redo+1","Reinforced Body+1"],"picked":"Conserve Battery+1","floor":22.0}],"player_experience":674731,"relics_obtained":[{"floor":6.0,"key":"Blood Vial"},{"floor":8.0,"key":"Mummified Hand"},{"floor":9.0,"key":"Ornamental Fan"}],"event_choices":[{"event_name":"Bonfire Elementals","player_choice":"BASIC","floor":3.0,"damage_taken":0.0},{"event_name":"The Cleric","player_choice":"Healed","floor":5.0,"damage_taken":0.0},{"event_name":"Colosseum","player_choice":"Fight","floor":20.0,"damage_taken":0.0},{"event_name":"Colosseum","player_choice":"Fled From Nobs","floor":20.0,"damage_taken":0.0}],"is_beta":false,"boss_relics":[{"not_picked":["Velvet Choker","Eternal Feather"],"picked":"Tiny House"}],"items_purged_floors":[],"is_endless":false,"potions_floor_spawned":[1,4,6,8,22],"killed_by":"Gremlin Leader","ascension_level":11}