{"gold_per_floor":[119,119,129,129,148,148,179,179,253,287,53,66,66,77,77,153,183,194,194,244,294,294,294],"floor_reached":23,"playtime":931,"items_purged":[],"score":394,"play_id":"d0ba8334-0ab2-4b6d-ad38-86fc345a7932","local_time":"20190310173234","is_ascension_mode":true,"campfire_choices":[{"data":"Barricade","floor":6.0,"key":"SMITH"},{"data":"Body Slam","floor":8.0,"key":"SMITH"},{"data":"Impervious","floor":13.0,"key":"SMITH"},{"floor":15.0,"key":"REST"}],"neow_cost":"NONE","seed_source_timestamp":112077610609800,"circlet_count":0,"master_deck":["AscendersBane","Strike_R","Strike_R","Strike_R+1","Strike_R","Defend_R","Defend_R","Defend_R","Defend_R","Bash+1","Shrug It Off","Barricade+1","Body Slam+1","Flame Barrier","Impervious+1","Evolve","Battle Trance","Headbutt","Juggernaut","Injury","Armaments","Power Through","Battle Trance","Pain"],"special_seed":0,"relics":["Burning Blood","NeowsBlessing","Omamori","Sundial","Matryoshka","Calling Bell","Tiny Chest","Question Card","Pocketwatch","Kunai","Oddly Smooth Stone"],"potions_floor_usage":[23],"damage_taken":[{"damage":0.0,"enemies":"Cultist","floor":1.0,"turns":1.0},{"damage":0.0,"enemies":"Small Slimes","floor":3.0,"turns":1.0},{"damage":0.0,"enemies":"2 Louse","floor":5.0,"turns":1.0},{"damage":22.0,"enemies":"Lagavulin","floor":7.0,"turns":7.0},{"damage":31.0,"enemies":"Gremlin Nob","floor":10.0,"turns":4.0},{"damage":0.0,"enemies":"Blue Slaver","floor":12.0,"turns":5.0},{"damage":0.0,"enemies":"3 Louse","floor":14.0,"turns":4.0},{"damage":16.0,"enemies":"The Guardian","floor":16.0,"turns":13.0},{"damage":23.0,"enemies":"Shell Parasite","floor":18.0,"turns":5.0},{"damage":37,"enemies":"Gremlin Leader","floor":23,"turns":8}],"seed_played":"190796600321536296","potions_obtained":[{"floor":3.0,"key":"Explosive Potion"},{"floor":7.0,"key":"Energy Potion"}],"is_trial":false,"path_per_floor":["M","?","M","?","M","R","E","R","T","E","$","M","R","M","R","B",null,"M","?","?","T","?","E"],"character_chosen":"IRONCLAD","items_purchased":["Impervious","Evolve"],"campfire_rested":1,"item_purchase_floors":[11,11],"current_hp_per_floor":[74,51,57,57,63,63,47,47,47,22,22,28,28,34,56,46,68,51,51,51,51,51,14],"gold":294,"neow_bonus":"THREE_ENEMY_KILL","is_prod":false,"is_daily":false,"chose_seed":false,"campfire_upgraded":3,"win_rate":0,"timestamp":1552206754,"path_taken":["M","?","M","?","?","R","E","R","T","E","?","M","R","M","R","BOSS","M","?","?","?","?","E"],"build_version":"2019-01-23","purchased_purges":0,"victory":false,"max_hp_per_floor":[75,75,75,75,75,75,75,75,75,75,75,75,75,75,75,75,75,75,75,75,75,75,75],"card_choices":[{"not_picked":["Headbutt","Pommel Strike","Flex"],"picked":"SKIP","floor":1.0},{"not_picked":["Body Slam","Bludgeon"],"picked":"Shrug It Off","floor":3.0},{"not_picked":["Heavy Blade","Combust","Flex"],"picked":"SKIP","floor":5.0},{"not_picked":["Pommel Strike","Shrug It Off"],"picked":"Body Slam","floor":7.0},{"not_picked":["Infernal Blade","Dropkick"],"picked":"Flame Barrier","floor":10.0},{"not_picked":["Perfected Strike","Thunderclap"],"picked":"Battle Trance","floor":12.0},{"not_picked":["Inflame","Warcry"],"picked":"Headbutt","floor":14.0},{"not_picked":["Bludgeon","Demon Form"],"picked":"Juggernaut","floor":16.0},{"not_picked":["Wild Strike+1","Pommel Strike","Headbutt"],"picked":"Armaments","floor":18.0}],"player_experience":2155329,"relics_obtained":[{"floor":7.0,"key":"Omamori"},{"floor":9.0,"key":"Sundial"},{"floor":10.0,"key":"Matryoshka"},{"floor":17.0,"key":"Tiny Chest"},{"floor":17.0,"key":"Question Card"},{"floor":17.0,"key":"Pocketwatch"},{"floor":21.0,"key":"Kunai"},{"floor":21.0,"key":"Oddly Smooth Stone"}],"event_choices":[{"damage_healed":0.0,"max_hp_gain":0.0,"max_hp_loss":0.0,"gold_gain":0.0,"event_name":"Shining Light","player_choice":"Entered Light","floor":2.0,"gold_loss":0.0,"damage_taken":23.0,"cards_upgraded":["Strike_R","Bash"]},{"damage_healed":0.0,"max_hp_gain":0.0,"max_hp_loss":0.0,"gold_gain":0.0,"cards_transformed":["Strike_R"],"event_name":"Transmorgrifier","player_choice":"Transformed","floor":4.0,"gold_loss":0.0,"damage_taken":0.0,"cards_obtained":["Barricade"]},{"damage_healed":0.0,"max_hp_gain":0.0,"max_hp_loss":0.0,"gold_gain":0.0,"event_name":"The Library","player_choice":"Read","floor":19.0,"gold_loss":0.0,"damage_taken":0.0,"cards_obtained":["Power Through"]},{"damage_healed":0.0,"max_hp_gain":0.0,"max_hp_loss":0.0,"gold_gain":50.0,"event_name":"Nest","player_choice":"Stole From Cult","floor":20.0,"gold_loss":0.0,"damage_taken":0.0},{"damage_healed":0.0,"max_hp_gain":0.0,"max_hp_loss":0.0,"gold_gain":0.0,"event_name":"Match and Keep!","player_choice":"2 cards matched","floor":22.0,"gold_loss":0.0,"damage_taken":0.0,"cards_obtained":["Battle Trance","Pain"]}],"is_beta":false,"boss_relics":[{"not_picked":["Black Blood","Coffee Dripper"],"picked":"Calling Bell"}],"items_purged_floors":[],"is_endless":false,"potions_floor_spawned":[3,7],"killed_by":"Gremlin Leader","ascension_level":20}