{"gold_per_floor":[116,116,130,144,144,144,173,191,218,218,228,559,40,40,40,40,138,138,93,93,33,33,33,33,33,33,33,33,33,33,33,33,33,33,33],"floor_reached":35,"playtime":2230,"items_purged":["Perfected Strike"],"score":396,"play_id":"92961d55-cad7-479a-8f85-9e5f1d2bef34","local_time":"20190326231947","is_ascension_mode":true,"campfire_choices":[{"data":"Whirlwind","floor":6,"key":"SMITH"},{"data":"Armaments","floor":14,"key":"SMITH"},{"data":"Barricade","floor":16,"key":"SMITH"},{"data":"Carnage","floor":25,"key":"SMITH"},{"data":"Armaments","floor":31,"key":"SMITH"},{"floor":34,"key":"REST"}],"neow_cost":"NONE","seed_source_timestamp":186748735996500,"circlet_count":0,"master_deck":["Reaper","Body Slam","Rage","Body Slam","Armaments+1","Ghostly Armor","True Grit","Armaments+1","Whirlwind+1","Barricade+1","Body Slam","True Grit","Anger","Limit Break","Bloodletting","Clash","Carnage+1","Clothesline","Aggregate","Heavy Blade"],"relics":["Pandora\u0027s Box","Dream Catcher","Bag of Marbles","Bronze Scales","Old Coin","Juzu Bracelet","Art of War","Ectoplasm","WingedGreaves","Orichalcum","Strawberry","Lantern"],"potions_floor_usage":[22,26,30,32,35],"damage_taken":[{"damage":0,"enemies":"2 Louse","floor":1,"turns":2},{"damage":0,"enemies":"Cultist","floor":3,"turns":4},{"damage":0,"enemies":"Small Slimes","floor":4,"turns":3},{"damage":0,"enemies":"Lagavulin","floor":7,"turns":6},{"damage":0,"enemies":"2 Fungi Beasts","floor":8,"turns":1},{"damage":2,"enemies":"Lots of Slimes","floor":11,"turns":2},{"damage":27,"enemies":"3 Sentries","floor":12,"turns":6},{"damage":13,"enemies":"Hexaghost","floor":17,"turns":8},{"damage":20,"enemies":"2 Thieves","floor":19,"turns":4},{"damage":22,"enemies":"Spheric Guardian","floor":22,"turns":3},{"damage":34,"enemies":"Gremlin Leader","floor":26,"turns":7},{"damage":18,"enemies":"Book of Stabbing","floor":30,"turns":4},{"damage":25,"enemies":"Gremlin Leader","floor":32,"turns":6},{"damage":58,"enemies":"Automaton","floor":35,"turns":6}],"seed_played":"49941890478991846","potions_obtained":[{"floor":1,"key":"BloodPotion"},{"floor":7,"key":"SpeedPotion"},{"floor":11,"key":"Poison Potion"},{"floor":22,"key":"Dexterity Potion"},{"floor":26,"key":"FearPotion"}],"is_trial":false,"path_per_floor":["M","?","M","M","?","R","E","M","T","T","M","E","$","R","$","R","B",null,"M","$","?","M","?","?","R","E","T","T","?","E","R","E","?","R","B"],"character_chosen":"IRONCLAD","items_purchased":["Juzu Bracelet","Limit Break","Art of War"],"campfire_rested":1,"item_purchase_floors":[13,13,13],"current_hp_per_floor":[80,80,80,80,80,80,80,80,80,80,80,53,53,53,53,53,44,80,65,65,65,51,51,51,51,29,29,29,29,24,24,11,11,37,0],"gold":33,"neow_bonus":"BOSS_RELIC","is_prod":false,"is_daily":false,"chose_seed":false,"campfire_upgraded":5,"win_rate":0,"timestamp":1553609987,"path_taken":["M","?","?","M","?","R","E","?","T","M","E","$","R","$","R","BOSS","M","$","?","M","?","?","R","E","T","?","E","R","E","?","R","BOSS"],"build_version":"2019-01-23","purchased_purges":1,"victory":false,"max_hp_per_floor":[80,80,80,80,80,80,80,80,80,80,80,80,80,80,80,80,80,80,80,80,80,80,80,80,80,80,80,80,80,87,87,87,87,87,87],"card_choices":[{"not_picked":["Anger","Headbutt"],"picked":"Body Slam","floor":1},{"not_picked":["Fire Breathing","Warcry"],"picked":"Havoc","floor":3},{"not_picked":["Fire Breathing","Headbutt"],"picked":"Havoc","floor":4},{"not_picked":["Sever Soul","Feed"],"picked":"Perfected Strike","floor":7},{"not_picked":["Cleave","Rampage"],"picked":"Clothesline","floor":8},{"not_picked":["Shockwave","Wild Strike"],"picked":"Anger","floor":11},{"not_picked":["Immolate","Juggernaut"],"picked":"Brutality","floor":17},{"not_picked":["Sentinel","Second Wind"],"picked":"Carnage","floor":22},{"not_picked":["Flame Barrier","Whirlwind"],"picked":"Bludgeon","floor":26},{"not_picked":["Whirlwind+1","True Grit"],"picked":"Clothesline","floor":32},{"not_picked":["Cleave+1","Shrug It Off"],"picked":"Heavy Blade","floor":34}],"player_experience":2620786,"relics_obtained":[{"floor":7,"key":"Bag of Marbles"},{"floor":9,"key":"Bronze Scales"},{"floor":12,"key":"Old Coin"},{"floor":26,"key":"WingedGreaves"},{"floor":27,"key":"Orichalcum"},{"floor":30,"key":"Strawberry"},{"floor":32,"key":"Lantern"}],"event_choices":[{"damage_healed":0,"gold_gain":0,"player_choice":"1 cards matched","damage_taken":0,"max_hp_gain":0,"max_hp_loss":0,"event_name":"Match and Keep!","floor":2,"gold_loss":0,"cards_obtained":["True Grit"]},{"cards_removed":["Havoc"],"damage_healed":0,"gold_gain":0,"player_choice":"Gave Card","damage_taken":0,"relics_obtained":["Dream Catcher"],"max_hp_gain":0,"max_hp_loss":0,"event_name":"WeMeetAgain","floor":5,"gold_loss":0},{"damage_healed":0,"gold_gain":0,"cards_transformed":["Brutality","Clothesline"],"player_choice":"Transformed Cards","damage_taken":0,"max_hp_gain":0,"max_hp_loss":0,"event_name":"Designer","floor":21,"gold_loss":60,"cards_obtained":["Bloodletting","Clash"]},{"damage_healed":0,"gold_gain":0,"player_choice":"Ignored","damage_taken":0,"max_hp_gain":0,"max_hp_loss":0,"event_name":"Beggar","floor":23,"gold_loss":0},{"cards_removed":["Havoc"],"damage_healed":0,"gold_gain":0,"player_choice":"Elegance","damage_taken":0,"max_hp_gain":0,"max_hp_loss":0,"event_name":"Back to Basics","floor":24,"gold_loss":0},{"damage_healed":0,"gold_gain":0,"player_choice":"Ignored","damage_taken":0,"max_hp_gain":0,"max_hp_loss":0,"event_name":"Golden Shrine","floor":29,"gold_loss":0},{"cards_removed":["Bludgeon"],"damage_healed":0,"gold_gain":0,"player_choice":"Took Card","damage_taken":0,"max_hp_gain":0,"max_hp_loss":0,"event_name":"NoteForYourself","floor":33,"gold_loss":0,"cards_obtained":["Aggregate"]}],"is_beta":false,"boss_relics":[{"not_picked":["Black Star","Philosopher\u0027s Stone"],"picked":"Ectoplasm"}],"items_purged_floors":[13],"is_endless":false,"potions_floor_spawned":[1,7,11,12,22,26],"killed_by":"Automaton","ascension_level":3}