{"gold_per_floor":[118,42,52,82,82,82,103,144,218,239,260,260,291,304,304,397,397,410,410],"floor_reached":19,"playtime":934,"items_purged":[],"score":295,"play_id":"c9523ffb-9c5f-423a-a04c-b89dfcd01e6e","local_time":"20180917213733","is_ascension_mode":true,"campfire_choices":[{"floor":6.0,"key":"REST"},{"floor":12.0,"key":"REST"},{"floor":15,"key":"REST"}],"neow_cost":"NONE","seed_source_timestamp":270161843491584,"circlet_count":0,"master_deck":["Strike_B","Strike_B","Strike_B","Strike_B","Defend_B","Defend_B","Defend_B","Defend_B","Zap","Dualcast","AscendersBane","Ball Lightning","Creative AI","Hologram","Injury","Biased Cognition","Conserve Battery","Loop","Coolheaded","Loop","Coolheaded","Buffer","Capacitor+1"],"special_seed":0,"relics":["Cracked Core","Anchor","Tiny Chest","Golden Idol","Vajra","Pantograph","Gambling Chip","Inserter"],"potions_floor_usage":[16],"damage_taken":[{"damage":0.0,"enemies":"Cultist","floor":1.0,"turns":4.0},{"damage":10.0,"enemies":"Small Slimes","floor":3.0,"turns":5.0},{"damage":0.0,"enemies":"2 Louse","floor":7.0,"turns":2.0},{"damage":37.0,"enemies":"3 Sentries","floor":8.0,"turns":7.0},{"damage":0.0,"enemies":"Looter","floor":10.0,"turns":2.0},{"damage":0.0,"enemies":"Exordium Thugs","floor":11.0,"turns":3.0},{"damage":21.0,"enemies":"Gremlin Nob","floor":13.0,"turns":4.0},{"damage":0,"enemies":"2 Fungi Beasts","floor":14,"turns":2},{"damage":26,"enemies":"Hexaghost","floor":16,"turns":8},{"damage":24,"enemies":"3 Byrds","floor":18,"turns":4},{"damage":49,"enemies":"Colosseum Slavers","floor":19,"turns":5}],"seed_played":"4721989994362039416","potions_obtained":[{"floor":3.0,"key":"SkillPotion"},{"floor":8.0,"key":"SpeedPotion"},{"floor":13.0,"key":"FocusPotion"}],"is_trial":false,"path_per_floor":["M","$","M","T","?","R","M","E","T","M","M","R","E","M","R","B",null,"M"],"character_chosen":"DEFECT","items_purchased":["Creative AI"],"campfire_rested":3,"item_purchase_floors":[2],"current_hp_per_floor":[68,68,58,58,58,75,75,38,38,38,38,60,39,39,61,49,69,45,0],"gold":410,"neow_bonus":"RANDOM_COMMON_RELIC","is_prod":false,"is_daily":false,"chose_seed":false,"campfire_upgraded":0,"win_rate":0,"timestamp":1537209453,"path_taken":["M","$","?","?","?","R","M","E","T","?","M","R","E","M","R","BOSS","M","?"],"build_version":"2018-09-06","purchased_purges":0,"victory":false,"max_hp_per_floor":[75,75,75,75,75,75,75,75,75,75,75,75,75,75,75,75,75,75,75],"card_choices":[{"not_picked":["Steam","Cold Snap"],"picked":"Ball Lightning","floor":1.0},{"not_picked":["Barrage","Redo"],"picked":"Hologram","floor":3.0},{"not_picked":["Barrage","Scrape"],"picked":"Biased Cognition","floor":7.0},{"not_picked":["Hologram","Consume"],"picked":"Conserve Battery","floor":8.0},{"not_picked":["Go for the Eyes","Static Discharge"],"picked":"Loop","floor":10.0},{"not_picked":["Beam Cell","Recycle"],"picked":"Coolheaded","floor":11.0},{"not_picked":["Sweeping Beam","Aggregate"],"picked":"Loop","floor":13.0},{"not_picked":["Genetic Algorithm","Streamline"],"picked":"Coolheaded","floor":14},{"not_picked":["Thunder Strike","All For One"],"picked":"Buffer","floor":16},{"not_picked":["Stack","Barrage"],"picked":"Capacitor+1","floor":18}],"player_experience":710620,"relics_obtained":[{"floor":4.0,"key":"Tiny Chest"},{"floor":8.0,"key":"Vajra"},{"floor":9.0,"key":"Pantograph"},{"floor":13.0,"key":"Gambling Chip"}],"event_choices":[{"event_name":"Golden Idol","player_choice":"Take Wound","floor":5.0,"damage_taken":0.0},{"event_name":"Colosseum","player_choice":"Fight","floor":19,"damage_taken":0}],"is_beta":false,"boss_relics":[{"not_picked":["Fusion Hammer","Runic Dome"],"picked":"Inserter"}],"items_purged_floors":[],"is_endless":false,"potions_floor_spawned":[3,8,13],"killed_by":"Colosseum Slavers","ascension_level":13}