{"gold_per_floor":[112,112,123,198,210,210,240,240,240,19,19,53,0,11,11,86,86,106,106,123,140,140,140,140,440,440,20,20,46,62,72,72,144,144,159,176,195,1194,750,750],"floor_reached":40,"playtime":1743,"items_purged":["Strike_B","Writhe","Normality"],"score":978,"play_id":"da5cd530-c5f0-4afa-9e60-b595eea9d8c1","local_time":"20190220152800","is_ascension_mode":true,"campfire_choices":[{"data":"Zap","floor":6,"key":"SMITH"},{"floor":8,"key":"DIG"},{"data":"Defragment","floor":15,"key":"SMITH"},{"floor":23,"key":"REST"},{"data":"Consume","floor":28,"key":"SMITH"},{"data":"Seek","floor":32,"key":"SMITH"}],"neow_cost":"TEN_PERCENT_HP_LOSS","seed_source_timestamp":11728476189700,"circlet_count":0,"master_deck":["AscendersBane","Defend_B","Defend_B+1","Defend_B+1","Defend_B","Zap+1","Dualcast","Ball Lightning","Conserve Battery","Chill","Chill","Capacitor","Defragment+1","BootSequence","Seek+1","Chaos","FTL","Consume+1","Bite","Bite","Bite","Bite","Bite","Core Surge","Glacier","White Noise","Hologram","Buffer","Turbo+1","Loop","Normality"],"relics":["Cracked Core","Shovel","Bottled Lightning","Regal Pillow","Oddly Smooth Stone","Ornamental Fan","Inserter","War Paint","Old Coin","Mercury Hourglass","Bag of Preparation","Happy Flower","Cursed Key","WingedGreaves"],"potions_floor_usage":[12,12,16,16,21,40],"damage_taken":[{"damage":7,"enemies":"Small Slimes","floor":1,"turns":3},{"damage":5,"enemies":"2 Louse","floor":3,"turns":2},{"damage":0,"enemies":"Jaw Worm","floor":5,"turns":3},{"damage":16,"enemies":"Lagavulin","floor":7,"turns":7},{"damage":1,"enemies":"Gremlin Nob","floor":12,"turns":3},{"damage":0,"enemies":"2 Fungi Beasts","floor":14,"turns":3},{"damage":16,"enemies":"The Guardian","floor":16,"turns":12},{"damage":10,"enemies":"Spheric Guardian","floor":18,"turns":6},{"damage":0,"enemies":"3 Byrds","floor":20,"turns":6},{"damage":25,"enemies":"Snake Plant","floor":21,"turns":5},{"damage":16,"enemies":"Gremlin Leader","floor":29,"turns":7},{"damage":0,"enemies":"Cultist and Chosen","floor":30,"turns":7},{"damage":2,"enemies":"Centurion and Healer","floor":31,"turns":7},{"damage":0,"enemies":"Champ","floor":33,"turns":12},{"damage":0,"enemies":"3 Shapes","floor":35,"turns":5},{"damage":5,"enemies":"Orb Walker","floor":36,"turns":4},{"damage":11,"enemies":"Maw","floor":37,"turns":9},{"damage":57,"enemies":"Reptomancer","floor":40,"turns":3}],"seed_played":"-4685316442188328472","potions_obtained":[{"floor":7,"key":"AttackPotion"},{"floor":14,"key":"SpeedPotion"},{"floor":16,"key":"Fruit Juice"},{"floor":29,"key":"SpeedPotion"},{"floor":30,"key":"SteroidPotion"},{"floor":33,"key":"PowerPotion"},{"floor":37,"key":"FocusPotion"}],"is_trial":false,"path_per_floor":["M","?","M","?","M","R","E","R","T","$","?","E","$","M","R","B",null,"M","?","M","M","?","R","?","T","T","$","R","E","M","M","R","B",null,"M","M","M","?","$","E"],"character_chosen":"DEFECT","items_purchased":["Capacitor","Fire Potion","Energy Potion","Bag of Preparation","Core Surge","Glacier","WingedGreaves"],"campfire_rested":1,"item_purchase_floors":[10,10,13,27,27,27,39],"current_hp_per_floor":[57,62,57,46,46,46,30,30,30,30,30,29,29,29,29,18,60,50,29,29,4,4,35,35,35,35,35,35,37,51,55,55,55,55,55,52,50,50,50,0],"gold":750,"neow_bonus":"ONE_RARE_RELIC","is_prod":false,"is_daily":false,"chose_seed":false,"campfire_upgraded":4,"win_rate":0,"timestamp":1550644080,"path_taken":["M","?","M","?","M","R","E","R","T","$","?","E","?","M","R","BOSS","M","?","M","M","?","R","?","?","T","$","R","E","M","?","R","BOSS","M","M","M","?","$","E"],"build_version":"2019-01-23","purchased_purges":3,"victory":false,"max_hp_per_floor":[64,69,69,69,69,69,69,69,69,69,69,69,69,69,69,74,74,74,79,79,79,55,55,55,55,55,55,55,55,55,55,55,55,55,55,55,55,55,55,55],"card_choices":[{"not_picked":["Redo","Turbo"],"picked":"Ball Lightning","floor":1},{"not_picked":["Darkness","Sweeping Beam"],"picked":"Conserve Battery","floor":3},{"not_picked":["Redo","Stack"],"picked":"Chill","floor":5},{"not_picked":["Skim","Compile Driver"],"picked":"Chill","floor":7},{"not_picked":["Reprogram","Buffer"],"picked":"Defragment","floor":12},{"not_picked":["Ball Lightning","Stack"],"picked":"BootSequence","floor":14},{"not_picked":["Reboot","Hyperbeam"],"picked":"Seek","floor":16},{"not_picked":["Steam+1","Go for the Eyes"],"picked":"Chaos","floor":18},{"not_picked":["Streamline","Compile Driver"],"picked":"FTL","floor":20},{"not_picked":["Coolheaded","Hologram"],"picked":"Consume","floor":21},{"not_picked":["Rebound","Amplify"],"picked":"White Noise","floor":29},{"not_picked":["Undo","Stack","Steam"],"picked":"SKIP","floor":30},{"not_picked":["Undo","Genetic Algorithm"],"picked":"Hologram","floor":31},{"not_picked":["Thunder Strike","Machine Learning"],"picked":"Buffer","floor":33},{"not_picked":["Barrage","Chill+1"],"picked":"Turbo+1","floor":35},{"not_picked":["Gash","Turbo","Rip and Tear"],"picked":"SKIP","floor":36},{"not_picked":["Storm","Beam Cell"],"picked":"Loop","floor":37}],"player_experience":1669340,"relics_obtained":[{"floor":7,"key":"Bottled Lightning"},{"floor":8,"key":"Regal Pillow"},{"floor":9,"key":"Oddly Smooth Stone"},{"floor":12,"key":"Ornamental Fan"},{"floor":25,"key":"Old Coin"},{"floor":26,"key":"Mercury Hourglass"},{"floor":29,"key":"Happy Flower"}],"event_choices":[{"damage_healed":0,"gold_gain":0,"player_choice":"Donut","damage_taken":0,"max_hp_gain":5,"max_hp_loss":0,"event_name":"Big Fish","floor":2,"gold_loss":0},{"damage_healed":0,"gold_gain":75,"player_choice":"Gather Gold","damage_taken":11,"max_hp_gain":0,"max_hp_loss":0,"event_name":"World of Goop","floor":4,"gold_loss":0},{"damage_healed":0,"gold_gain":0,"player_choice":"Ignored","damage_taken":0,"max_hp_gain":0,"max_hp_loss":0,"event_name":"Shining Light","floor":11,"gold_loss":0},{"damage_healed":0,"gold_gain":0,"player_choice":"Shed Blood","damage_taken":26,"max_hp_gain":5,"max_hp_loss":0,"event_name":"Forgotten Altar","floor":19,"gold_loss":0},{"damage_healed":0,"gold_gain":0,"player_choice":"Became a vampire","damage_taken":0,"max_hp_gain":0,"max_hp_loss":24,"event_name":"Vampires","floor":22,"gold_loss":0,"cards_obtained":["Bite","Bite","Bite","Bite","Bite"]},{"damage_healed":0,"gold_gain":0,"player_choice":"Opened","damage_taken":0,"relics_obtained":["War Paint"],"max_hp_gain":0,"max_hp_loss":0,"event_name":"The Mausoleum","floor":24,"gold_loss":0,"cards_obtained":["Writhe"]},{"damage_healed":0,"gold_gain":999,"player_choice":"Gold","damage_taken":0,"max_hp_gain":0,"max_hp_loss":0,"event_name":"MindBloom","floor":38,"gold_loss":0,"cards_obtained":["Normality","Normality"]}],"is_beta":false,"boss_relics":[{"not_picked":["Philosopher\u0027s Stone","Coffee Dripper"],"picked":"Inserter"},{"not_picked":["White Beast Statue","Lizard Tail"],"picked":"Cursed Key"}],"items_purged_floors":[10,27,39],"is_endless":false,"potions_floor_spawned":[7,14,16,29,30,33,37],"killed_by":"Reptomancer","ascension_level":20}