{"gold_per_floor":[115,115,128,145,4,37,37,68,91,126,175,175,175,195,195,195],"floor_reached":16,"playtime":306,"items_purged":[],"score":236,"play_id":"3d7baa61-1148-4132-9771-d25c44236488","local_time":"20190214104858","is_ascension_mode":true,"campfire_choices":[{"data":"Streamline","floor":7,"key":"SMITH"},{"floor":12,"key":"REST"},{"data":"Creative AI","floor":15,"key":"SMITH"}],"neow_cost":"NONE","seed_source_timestamp":3505178419300,"circlet_count":0,"master_deck":["AscendersBane","Strike_B","Strike_B","Strike_B","Strike_B","Defend_B","Defend_B","Defend_B","Defend_B","Zap","Dualcast","Gash","Streamline+1","Loop","Beam Cell","Creative AI+1","Glacier"],"relics":["Cracked Core","NeowsBlessing","Vajra","Boot","Regal Pillow","Emotion Chip","DataDisk"],"potions_floor_usage":[8,16],"damage_taken":[{"damage":0,"enemies":"Small Slimes","floor":1,"turns":1},{"damage":0,"enemies":"Cultist","floor":3,"turns":1},{"damage":0,"enemies":"Jaw Worm","floor":4,"turns":1},{"damage":32,"enemies":"Gremlin Nob","floor":6,"turns":4},{"damage":25,"enemies":"Lagavulin","floor":8,"turns":6},{"damage":34,"enemies":"Gremlin Nob","floor":10,"turns":4},{"damage":6,"enemies":"Looter","floor":14,"turns":2},{"damage":38,"enemies":"Slime Boss","floor":16,"turns":5}],"seed_played":"-3534389305138045236","potions_obtained":[{"floor":2,"key":"LiquidBronze"},{"floor":2,"key":"FairyPotion"},{"floor":4,"key":"Explosive Potion"},{"floor":8,"key":"FairyPotion"},{"floor":10,"key":"Regen Potion"}],"is_trial":false,"path_per_floor":["M","?","M","M","$","E","R","E","T","E","T","R","?","M","R","B"],"character_chosen":"DEFECT","items_purchased":["Streamline","Loop"],"campfire_rested":1,"item_purchase_floors":[5,5],"current_hp_per_floor":[64,64,64,64,64,32,32,7,7,7,7,43,43,37,37,13],"gold":195,"neow_bonus":"THREE_ENEMY_KILL","is_prod":false,"is_daily":false,"chose_seed":false,"campfire_upgraded":2,"win_rate":0,"timestamp":1550108938,"path_taken":["M","?","M","?","$","E","R","E","T","E","?","R","?","M","R","BOSS"],"build_version":"2019-01-23","purchased_purges":0,"victory":false,"max_hp_per_floor":[71,71,71,71,71,71,71,71,71,71,71,71,71,71,71,71],"card_choices":[{"not_picked":["Beam Cell","Aggregate"],"picked":"Gash","floor":1},{"not_picked":["Hologram","Conserve Battery","Force Field"],"picked":"SKIP","floor":3},{"not_picked":["Tempest","Double Energy","Doom and Gloom"],"picked":"SKIP","floor":4},{"not_picked":["Tempest","Double Energy","Doom and Gloom"],"picked":"SKIP","floor":4},{"not_picked":["Leap","Aggregate"],"picked":"Beam Cell","floor":6},{"not_picked":["Darkness","Coolheaded"],"picked":"Creative AI","floor":8},{"not_picked":["Sunder","Loop"],"picked":"Glacier","floor":10},{"not_picked":["Ball Lightning","Static Discharge","Streamline"],"picked":"SKIP","floor":14}],"player_experience":1558374,"relics_obtained":[{"floor":6,"key":"Vajra"},{"floor":8,"key":"Boot"},{"floor":9,"key":"Regal Pillow"},{"floor":10,"key":"Emotion Chip"},{"floor":11,"key":"DataDisk"}],"event_choices":[{"damage_healed":0,"gold_gain":0,"player_choice":"Got Potions","damage_taken":0,"max_hp_gain":0,"max_hp_loss":0,"event_name":"Lab","floor":2,"gold_loss":0},{"damage_healed":0,"gold_gain":0,"player_choice":"Ignored","damage_taken":0,"max_hp_gain":0,"max_hp_loss":0,"event_name":"Liars Game","floor":13,"gold_loss":0}],"is_beta":false,"boss_relics":[],"items_purged_floors":[],"is_endless":false,"potions_floor_spawned":[4,8,10],"killed_by":"Slime Boss","ascension_level":20}