{"gold_per_floor":[113,113,128,145,175,175,175,208,286,296,312,35,35,47,47,47],"floor_reached":16,"playtime":288,"items_purged":[],"score":204,"play_id":"4411046f-d0e1-44e4-bdff-5559da64bf35","local_time":"20190402181147","is_ascension_mode":true,"campfire_choices":[{"data":"True Grit","floor":6.0,"key":"SMITH"},{"data":"Second Wind","floor":15.0,"key":"SMITH"}],"neow_cost":"NONE","seed_source_timestamp":371107153683900,"circlet_count":0,"master_deck":["AscendersBane","Strike_R","Strike_R","Strike_R","Strike_R","Strike_R","Defend_R","Defend_R","Defend_R","Defend_R","Bash+1","True Grit+1","Second Wind+1","Power Through","Impervious"],"special_seed":0,"relics":["Burning Blood","NeowsBlessing","Tiny Chest","FaceOfCleric","Mercury Hourglass","Frozen Egg 2","Sundial"],"potions_floor_usage":[16],"damage_taken":[{"damage":0.0,"enemies":"Small Slimes","floor":1.0,"turns":1.0},{"damage":0.0,"enemies":"Cultist","floor":3.0,"turns":1.0},{"damage":0.0,"enemies":"Jaw Worm","floor":4.0,"turns":1.0},{"damage":26.0,"enemies":"Gremlin Nob","floor":8.0,"turns":4.0},{"damage":11.0,"enemies":"2 Fungi Beasts","floor":10.0,"turns":4.0},{"damage":0.0,"enemies":"Lots of Slimes","floor":11.0,"turns":4.0},{"damage":5.0,"enemies":"Red Slaver","floor":14.0,"turns":5.0},{"damage":27,"enemies":"Slime Boss","floor":16,"turns":9}],"seed_played":"1122268486394972595","potions_obtained":[{"floor":4.0,"key":"AttackPotion"},{"floor":8.0,"key":"EssenceOfSteel"},{"floor":11.0,"key":"AttackPotion"}],"is_trial":false,"path_per_floor":["M","?","M","M","?","R","?","E","T","M","M","$","$","M","R","B"],"character_chosen":"IRONCLAD","items_purchased":["Sundial"],"campfire_rested":0,"item_purchase_floors":[12],"current_hp_per_floor":[74,74,75,75,64,64,64,45,45,41,48,48,48,50,50,23],"gold":47,"neow_bonus":"THREE_ENEMY_KILL","is_prod":false,"is_daily":false,"chose_seed":false,"campfire_upgraded":2,"win_rate":0,"timestamp":1554196307,"path_taken":["M","?","M","?","?","R","?","E","T","?","M","?","$","M","R","BOSS"],"build_version":"2019-01-23","purchased_purges":0,"victory":false,"max_hp_per_floor":[75,75,75,75,75,75,75,76,76,77,78,78,78,79,79,79],"card_choices":[{"not_picked":["Perfected Strike","Body Slam"],"picked":"True Grit","floor":1.0},{"not_picked":["Iron Wave","Clash"],"picked":"Second Wind","floor":3.0},{"not_picked":["Flame Barrier","Clothesline"],"picked":"Power Through","floor":4.0},{"not_picked":["Havoc","True Grit"],"picked":"Impervious","floor":8.0},{"not_picked":["Sword Boomerang","Cleave","Dual Wield"],"picked":"SKIP","floor":10.0},{"not_picked":["Headbutt","Havoc","Blood for Blood"],"picked":"SKIP","floor":11.0},{"not_picked":["Twin Strike","Wild Strike","Anger"],"picked":"SKIP","floor":14.0}],"player_experience":2814679,"relics_obtained":[{"floor":8.0,"key":"Mercury Hourglass"},{"floor":9.0,"key":"Frozen Egg 2"}],"event_choices":[{"damage_healed":0.0,"max_hp_gain":0.0,"max_hp_loss":0.0,"gold_gain":0.0,"event_name":"Upgrade Shrine","player_choice":"Upgraded","floor":2.0,"gold_loss":0.0,"damage_taken":0.0,"cards_upgraded":["Bash"]},{"damage_healed":0.0,"max_hp_gain":0.0,"max_hp_loss":0.0,"gold_gain":0.0,"event_name":"Scrap Ooze","player_choice":"Success","floor":5.0,"gold_loss":0.0,"damage_taken":11.0,"relics_obtained":["Tiny Chest"]},{"damage_healed":0.0,"max_hp_gain":0.0,"max_hp_loss":0.0,"gold_gain":0.0,"event_name":"FaceTrader","player_choice":"Trade","floor":7.0,"gold_loss":0.0,"damage_taken":0.0,"relics_obtained":["FaceOfCleric"]}],"is_beta":false,"boss_relics":[],"items_purged_floors":[],"is_endless":false,"potions_floor_spawned":[4,8,11],"killed_by":"Slime Boss","ascension_level":20}