{"gold_per_floor":[111,123,123,136,136,136,167,167,167,167,182,182,215,230,230,326,326,341,541,554,572,7,7,27,27,54,72,72,72,72,72,72,165,165,179,179,179,202,102,136,136,136,136,136,11,32,32,65,65,65,65,65,65,65,108,108],"floor_reached":57,"playtime":2216,"items_purged":["Perfected Strike","Strike_R","Strike_R"],"score":3112,"play_id":"7f871dba-77cd-45bc-ada8-f2dd39139fd4","local_time":"20190415132142","is_ascension_mode":true,"campfire_choices":[{"data":"True Grit","floor":6.0,"key":"SMITH"},{"data":"Body Slam","floor":8.0,"key":"SMITH"},{"data":"Bash","floor":15.0,"key":"SMITH"},{"data":"Carnage","floor":23.0,"key":"SMITH"},{"data":"Barricade","floor":25.0,"key":"SMITH"},{"floor":28.0,"key":"REST"},{"data":"Armaments","floor":32.0,"key":"SMITH"},{"data":"Entrench","floor":41,"key":"SMITH"},{"floor":47,"key":"RECALL"},{"data":"Offering","floor":49,"key":"SMITH"},{"data":"Offering","floor":53,"key":"SMITH"}],"neow_cost":"NONE","seed_source_timestamp":263637967823000,"circlet_count":0,"master_deck":["AscendersBane","Strike_R","Strike_R","Defend_R","Defend_R","Defend_R","Defend_R","Bash+1","Body Slam+1","True Grit+1","Twin Strike","Offering+1","Shrug It Off","Inflame","Disarm","Entrench+1","Carnage+1","Barricade+1","Armaments+1","Metallicize","Ghostly","Ghostly","Ghostly","Offering+1","Evolve"],"special_seed":0,"relics":["Burning Blood","NeowsBlessing","Juzu Bracelet","Mercury Hourglass","Mummified Hand","Du-Vu Doll","Golden Idol","Odd Mushroom","Runic Dome","Incense Burner","Omamori","Black Star","Frozen Egg 2","Centennial Puzzle","Ice Cream","Magic Flower","Lantern","Red Skull"],"potions_floor_usage":[50],"damage_taken":[{"damage":0.0,"enemies":"Cultist","floor":1.0,"turns":1.0},{"damage":0.0,"enemies":"Jaw Worm","floor":2.0,"turns":1.0},{"damage":0.0,"enemies":"Small Slimes","floor":4.0,"turns":1.0},{"damage":23.0,"enemies":"3 Sentries","floor":7.0,"turns":9.0},{"damage":1.0,"enemies":"Exordium Wildlife","floor":11.0,"turns":3.0},{"damage":2.0,"enemies":"The Mushroom Lair","floor":13.0,"turns":4.0},{"damage":7.0,"enemies":"3 Louse","floor":14.0,"turns":3.0},{"damage":44.0,"enemies":"Slime Boss","floor":16.0,"turns":11.0},{"damage":12.0,"enemies":"Chosen","floor":18.0,"turns":3.0},{"damage":7.0,"enemies":"2 Thieves","floor":20.0,"turns":4.0},{"damage":28.0,"enemies":"Centurion and Healer","floor":21.0,"turns":5.0},{"damage":8.0,"enemies":"3 Cultists","floor":24.0,"turns":5.0},{"damage":1.0,"enemies":"Snecko","floor":27.0,"turns":2.0},{"damage":6,"enemies":"Collector","floor":33,"turns":14},{"damage":2,"enemies":"3 Darklings","floor":35,"turns":7},{"damage":2,"enemies":"Orb Walker","floor":38,"turns":3},{"damage":7,"enemies":"Giant Head","floor":40,"turns":7},{"damage":6,"enemies":"Writhing Mass","floor":46,"turns":5},{"damage":7,"enemies":"Reptomancer","floor":48,"turns":16},{"damage":7,"enemies":"Donu and Deca","floor":50,"turns":11},{"damage":7,"enemies":"Awakened One","floor":51,"turns":12},{"damage":35,"enemies":"Shield and Spear","floor":55,"turns":6},{"damage":6,"enemies":"The Heart","floor":56,"turns":11}],"seed_played":"-5872090106530099768","potions_obtained":[{"floor":2.0,"key":"Weak Potion"},{"floor":13.0,"key":"BloodPotion"},{"floor":21.0,"key":"SkillPotion"},{"floor":33,"key":"FearPotion"},{"floor":38,"key":"SkillPotion"}],"is_trial":false,"path_per_floor":["M","M","T","M","T","R","E","R","T","?","M","?","?","M","R","B",null,"M","?","M","M","$","R","M","R","T","M","R","?","?","?","R","B",null,"M","?","?","M","$","E","R","?","T","?","$","M","R","E","R","B","B",null,"R","$","E","B",null],"character_chosen":"IRONCLAD","items_purchased":["Incense Burner","Entrench","Carnage"],"campfire_rested":1,"item_purchase_floors":[22,22,22],"current_hp_per_floor":[74,75,75,75,75,75,58,58,58,32,37,37,41,40,40,9,59,53,53,52,30,30,30,28,28,28,33,55,55,37,37,37,37,37,37,37,37,37,37,36,36,36,36,37,37,37,37,36,36,37,37,37,37,37,11,14],"gold":108,"neow_bonus":"THREE_ENEMY_KILL","is_prod":false,"is_daily":false,"chose_seed":false,"campfire_upgraded":9,"win_rate":0,"timestamp":1555302102,"path_taken":["M","M","?","M","?","R","E","R","T","?","M","?","?","M","R","BOSS","M","?","M","M","$","R","M","R","T","M","R","?","?","?","R","BOSS","M","?","?","M","$","E","R","?","T","?","$","M","R","E","R","BOSS","BOSS","R","$","E","BOSS"],"build_version":"2019-01-23","purchased_purges":3,"victory":true,"max_hp_per_floor":[75,75,75,75,75,75,75,75,75,75,75,75,75,75,75,75,75,75,75,75,75,75,75,75,75,75,75,75,75,37,37,37,37,37,37,37,37,37,37,37,37,37,37,37,37,37,37,37,37,37,37,37,37,37,37,37],"card_choices":[{"not_picked":["Sword Boomerang","Intimidate"],"picked":"Body Slam","floor":1.0},{"not_picked":["Clash","Havoc","Thunderclap"],"picked":"SKIP","floor":2.0},{"not_picked":["Heavy Blade","Clash"],"picked":"True Grit","floor":4.0},{"not_picked":["Dropkick","Warcry","Rampage"],"picked":"SKIP","floor":7.0},{"not_picked":["Bludgeon","Dropkick"],"picked":"Twin Strike","floor":11.0},{"not_picked":["Heavy Blade","Sentinel"],"picked":"Perfected Strike","floor":14.0},{"not_picked":["Berserk","Brutality"],"picked":"Offering","floor":16.0},{"not_picked":["Metallicize","Bloodletting"],"picked":"Shrug It Off","floor":18.0},{"not_picked":["Body Slam","Clothesline"],"picked":"Inflame","floor":20.0},{"not_picked":["Cleave","Body Slam+1"],"picked":"Disarm","floor":21.0},{"not_picked":["Sever Soul","Armaments"],"picked":"Barricade","floor":24.0},{"not_picked":["Clothesline","Clash"],"picked":"Armaments","floor":27.0},{"not_picked":["Impervious","Fiend Fire"],"picked":"Offering","floor":33},{"not_picked":["Cleave","Headbutt"],"picked":"Evolve","floor":35},{"not_picked":["Heavy Blade","Corruption","Sword Boomerang+1"],"picked":"SKIP","floor":38},{"not_picked":["Intimidate+1","Inflame","Body Slam"],"picked":"SKIP","floor":40},{"not_picked":["Havoc+1","True Grit","Clash"],"picked":"SKIP","floor":46},{"not_picked":["Pummel+1","Cleave","Hemokinesis+1"],"picked":"SKIP","floor":48},{"not_picked":["Flex+1","Dropkick","Ghostly Armor"],"picked":"SKIP","floor":55}],"player_experience":3150762,"relics_obtained":[{"floor":3.0,"key":"Juzu Bracelet"},{"floor":5.0,"key":"Mercury Hourglass"},{"floor":7.0,"key":"Mummified Hand"},{"floor":9.0,"key":"Du-Vu Doll"},{"floor":13.0,"key":"Odd Mushroom"},{"floor":26.0,"key":"Omamori"},{"floor":40,"key":"Frozen Egg 2"},{"floor":40,"key":"Centennial Puzzle"},{"floor":48,"key":"Ice Cream"},{"floor":48,"key":"Magic Flower"},{"floor":55,"key":"Lantern"},{"floor":55,"key":"Red Skull"}],"event_choices":[{"damage_healed":0.0,"max_hp_gain":0.0,"max_hp_loss":0.0,"gold_gain":0.0,"event_name":"Golden Idol","player_choice":"Take Damage","floor":10.0,"gold_loss":0.0,"damage_taken":26.0,"relics_obtained":["Golden Idol"]},{"damage_healed":0.0,"max_hp_gain":0.0,"max_hp_loss":0.0,"gold_gain":0.0,"event_name":"Liars Game","player_choice":"Ignored","floor":12.0,"gold_loss":0.0,"damage_taken":0.0},{"damage_healed":0.0,"max_hp_gain":0.0,"max_hp_loss":0.0,"gold_gain":0.0,"event_name":"Mushrooms","player_choice":"Fought Mushrooms","floor":13.0,"gold_loss":0.0,"damage_taken":0.0},{"damage_healed":0.0,"max_hp_gain":0.0,"max_hp_loss":0.0,"gold_gain":250.0,"event_name":"The Joust","player_choice":"Bet on Owner","floor":19.0,"gold_loss":50.0,"damage_taken":0.0},{"damage_healed":0.0,"max_hp_gain":0.0,"max_hp_loss":0.0,"gold_gain":0.0,"event_name":"The Library","player_choice":"Read","floor":29.0,"gold_loss":0.0,"damage_taken":0.0,"cards_obtained":["Metallicize"]},{"damage_healed":0.0,"max_hp_gain":0.0,"max_hp_loss":38.0,"gold_gain":0.0,"event_name":"Ghosts","player_choice":"Became a Ghost","floor":30.0,"gold_loss":0.0,"damage_taken":0.0,"cards_obtained":["Ghostly","Ghostly","Ghostly"]},{"damage_healed":0.0,"max_hp_gain":0.0,"max_hp_loss":0.0,"gold_gain":0.0,"event_name":"Beggar","player_choice":"Ignored","floor":31.0,"gold_loss":0.0,"damage_taken":0.0},{"damage_healed":0,"gold_gain":0,"player_choice":"Ignored","damage_taken":0,"max_hp_gain":0,"max_hp_loss":0,"event_name":"Mysterious Sphere","floor":36,"gold_loss":0},{"cards_removed":["Strike_R"],"damage_healed":0,"gold_gain":0,"player_choice":"Purged","damage_taken":0,"max_hp_gain":0,"max_hp_loss":0,"event_name":"Purifier","floor":37,"gold_loss":0},{"damage_healed":0,"gold_gain":0,"player_choice":"Ignored","damage_taken":0,"max_hp_gain":0,"max_hp_loss":0,"event_name":"Tomb of Lord Red Mask","floor":42,"gold_loss":0},{"damage_healed":7,"gold_gain":0,"player_choice":"Writhe","damage_taken":0,"max_hp_gain":0,"max_hp_loss":0,"event_name":"Winding Halls","floor":44,"gold_loss":0,"cards_obtained":["Writhe"]}],"is_beta":false,"boss_relics":[{"not_picked":["Runic Cube","White Beast Statue"],"picked":"Runic Dome"},{"not_picked":["Eternal Feather","Sozu"],"picked":"Black Star"}],"items_purged_floors":[22,39,45],"is_endless":false,"potions_floor_spawned":[2,13,21,33,38],"ascension_level":20}