{"path_per_floor":["M","?","?","$","?","R","E","M","T","E","$","M","E","M","R","B",null,"M","M","?","?","$","R","?","E","T","R","M","R"],"character_chosen":"IRONCLAD","items_purchased":["Corruption","Warcry","AttackPotion","Bottled Lightning","Pummel","PowerPotion"],"gold_per_floor":[14,264,264,7,182,182,208,227,227,258,18,33,63,74,74,179,179,199,218,218,218,46,46,46,81,81,81,98,98,98],"floor_reached":30,"campfire_rested":5,"playtime":2503,"current_hp_per_floor":[72,72,69,69,69,83,57,62,72,65,65,64,53,62,92,66,95,72,50,50,50,50,82,60,17,17,50,8,42,0],"items_purged":["Regret","Doubt"],"gold":98,"score":420,"play_id":"42157efd-55af-4924-ab13-afd6b2702db5","local_time":"20180521190716","is_prod":false,"is_daily":false,"chose_seed":false,"is_ascension_mode":true,"campfire_upgraded":0,"timestamp":1526918836,"campfire_choices":[{"floor":6,"key":"REST"},{"floor":15,"key":"REST"},{"floor":23,"key":"REST"},{"floor":27,"key":"REST"},{"floor":29,"key":"REST"}],"path_taken":["M","?","?","$","?","R","E","M","T","E","$","M","E","M","R","BOSS","M","M","?","?","$","R","?","E","T","R","M","R","M"],"build_version":"2018-05-17","seed_source_timestamp":292459814276,"purchased_purges":2,"victory":false,"master_deck":["Strike_R","Strike_R","Strike_R","Strike_R","Strike_R","Defend_R","Defend_R","Defend_R","Defend_R+1","Bash","Feed","Heavy Blade","Corruption","Warcry+1","Clash","Pummel","Second Wind","Havoc","Warcry","Feel No Pain+1","Offering","Havoc","Thunderclap","Good Instincts","Pummel","Whirlwind+1","Seeing Red+1"],"max_hp_per_floor":[83,83,83,83,83,83,83,83,93,93,93,96,99,102,102,105,105,105,108,108,108,108,108,113,113,113,113,116,116,116],"relics":["Burning Blood","Bronze Scales","Juzu Bracelet","Pear","War Paint","Bottled Lightning","Smiling Mask","Philosopher\u0027s Stone","Oddly Smooth Stone","Bottled Flame"],"card_choices":[{"not_picked":["Exhume","Juggernaut"],"picked":"Feed","floor":0},{"not_picked":["Shrug It Off","Sword Boomerang"],"picked":"Heavy Blade","floor":1},{"not_picked":["Sword Boomerang","Perfected Strike"],"picked":"Clash","floor":7},{"not_picked":["Barricade","Wild Strike"],"picked":"Pummel","floor":8},{"not_picked":["Twin Strike","Cleave"],"picked":"Second Wind","floor":10},{"not_picked":["Wild Strike","Rupture"],"picked":"Havoc","floor":12},{"not_picked":["Dual Wield","Rupture"],"picked":"Warcry","floor":13},{"not_picked":["Metallicize","Ghostly Armor"],"picked":"Feel No Pain","floor":14},{"not_picked":["Berserk","Demon Form"],"picked":"Offering","floor":16},{"not_picked":["Twin Strike","Pommel Strike"],"picked":"Havoc","floor":18},{"not_picked":["Flame Barrier","Cleave"],"picked":"Thunderclap","floor":19},{"not_picked":["Body Slam","Juggernaut"],"picked":"Whirlwind+1","floor":25},{"not_picked":["Perfected Strike","Feel No Pain"],"picked":"Seeing Red+1","floor":28}],"player_experience":419985,"potions_floor_usage":[7,10,14,16,19,25],"damage_taken":[{"damage":9,"enemies":"Jaw Worm","floor":1,"turns":4},{"damage":32,"enemies":"Gremlin Nob","floor":7,"turns":4},{"damage":1,"enemies":"Cultist","floor":8,"turns":3},{"damage":13,"enemies":"3 Sentries","floor":10,"turns":7},{"damage":10,"enemies":"Small Slimes","floor":12,"turns":3},{"damage":20,"enemies":"Gremlin Nob","floor":13,"turns":4},{"damage":0,"enemies":"2 Fungi Beasts","floor":14,"turns":2},{"damage":35,"enemies":"Slime Boss","floor":16,"turns":16},{"damage":29,"enemies":"Spheric Guardian","floor":18,"turns":4},{"damage":31,"enemies":"2 Thieves","floor":19,"turns":4},{"damage":49,"enemies":"Book of Stabbing","floor":25,"turns":5},{"damage":51,"enemies":"Cultist and Chosen","floor":28,"turns":5},{"damage":48,"enemies":"Slaver and Parasite","floor":30,"turns":3}],"relics_obtained":[{"floor":7,"key":"Juzu Bracelet"},{"floor":9,"key":"Pear"},{"floor":10,"key":"War Paint"},{"floor":13,"key":"Smiling Mask"},{"floor":25,"key":"Oddly Smooth Stone"},{"floor":26,"key":"Bottled Flame"}],"event_choices":[{"event_name":"Golden Shrine","player_choice":"Desecrate","floor":2,"damage_taken":0},{"event_name":"Scrap Ooze","player_choice":"success","floor":3,"damage_taken":3},{"event_name":"Liars Game","player_choice":"agreed","floor":5,"damage_taken":0},{"event_name":"Match and Keep!","player_choice":"1 cards matched","floor":20,"damage_taken":0},{"event_name":"Upgrade Shrine","player_choice":"Upgraded","floor":21,"damage_taken":0},{"event_name":"Forgotten Altar","player_choice":"Shed Blood","floor":24,"damage_taken":0}],"boss_relics":[{"not_picked":["Lizard Tail","Velvet Choker"],"picked":"Philosopher\u0027s Stone"}],"potions_floor_spawned":[7,12,13,14],"seed_played":"-136317011809180607","killed_by":"Slaver and Parasite","ascension_level":8,"potions_obtained":[{"floor":7,"key":"Strength Potion"},{"floor":12,"key":"Fire Potion"},{"floor":13,"key":"Dexterity Potion"},{"floor":14,"key":"LiquidBronze"}],"is_trial":false}