{"gold_per_floor":[112,112,112,112,127,155,155,165,165,183,183,209,209,234,234,308,308,323,323,32,49,60,60,85,85,110,110,13,13,28,28,28,102,102,115,73,73,89,89,89,119,119,168,201,201,227,242,342,342,342,342,342,342,44,76,76],"floor_reached":57,"playtime":2407,"items_purged":["Strike_R"],"score":3024,"play_id":"ee184bb7-161a-47fc-9088-f36e4c2ab8af","local_time":"20190330000538","is_ascension_mode":true,"campfire_choices":[{"data":"Armaments","floor":7.0,"key":"SMITH"},{"data":"True Grit","floor":11.0,"key":"SMITH"},{"data":"Body Slam","floor":13.0,"key":"SMITH"},{"data":"Juggernaut","floor":15.0,"key":"SMITH"},{"data":"Corruption","floor":23.0,"key":"SMITH"},{"data":"Feel No Pain","floor":25.0,"key":"SMITH"},{"data":"Feel No Pain","floor":27.0,"key":"SMITH"},{"data":"True Grit","floor":32.0,"key":"SMITH"},{"data":"Feel No Pain","floor":40.0,"key":"SMITH"},{"floor":42.0,"key":"RECALL"},{"data":"True Grit","floor":45.0,"key":"SMITH"},{"data":"Impervious","floor":49.0,"key":"SMITH"},{"data":"Entrench","floor":53.0,"key":"SMITH"}],"neow_cost":"NONE","seed_source_timestamp":44262288674600,"circlet_count":0,"master_deck":["AscendersBane","Strike_R","Defend_R","Defend_R","Defend_R","Defend_R","Bash","Armaments+1","Burning Pact","Body Slam+1","Feel No Pain+1","True Grit+1","Feel No Pain+1","Juggernaut+1","Impervious+1","Corruption+1","Finesse","Battle Trance","Shrug It Off","Feel No Pain+1","Disarm+1","Finesse","True Grit+1","Exhume","Entrench+1","Panacea","True Grit","True Grit+1","Shrug It Off","Shrug It Off"],"special_seed":0,"relics":["Burning Blood","NeowsBlessing","Ice Cream","Singing Bowl","Pen Nib","Odd Mushroom","Strawberry","Coffee Dripper","Potion Belt","Sundial","Eternal Feather","Happy Flower","Juzu Bracelet","Gremlin Horn","PreservedInsect","Magic Flower","Bronze Scales","Bag of Preparation"],"potions_floor_usage":[56,56],"damage_taken":[{"damage":0.0,"enemies":"2 Louse","floor":1.0,"turns":1.0},{"damage":0.0,"enemies":"Jaw Worm","floor":5.0,"turns":1.0},{"damage":0.0,"enemies":"3 Sentries","floor":6.0,"turns":2.0},{"damage":6.0,"enemies":"Cultist","floor":8.0,"turns":4.0},{"damage":3.0,"enemies":"Blue Slaver","floor":10.0,"turns":5.0},{"damage":20.0,"enemies":"The Mushroom Lair","floor":12.0,"turns":7.0},{"damage":55.0,"enemies":"Gremlin Nob","floor":14.0,"turns":6.0},{"damage":25.0,"enemies":"Slime Boss","floor":16.0,"turns":8.0},{"damage":1.0,"enemies":"Spheric Guardian","floor":18.0,"turns":4.0},{"damage":0.0,"enemies":"Chosen","floor":21.0,"turns":4.0},{"damage":15.0,"enemies":"3 Cultists","floor":22.0,"turns":5.0},{"damage":1.0,"enemies":"Book of Stabbing","floor":24.0,"turns":4.0},{"damage":5.0,"enemies":"Centurion and Healer","floor":30.0,"turns":4.0},{"damage":0.0,"enemies":"Automaton","floor":33.0,"turns":7.0},{"damage":0.0,"enemies":"3 Shapes","floor":35.0,"turns":6.0},{"damage":0.0,"enemies":"Orb Walker","floor":38.0,"turns":5.0},{"damage":7.0,"enemies":"Nemesis","floor":41.0,"turns":7.0},{"damage":2.0,"enemies":"Giant Head","floor":44.0,"turns":5.0},{"damage":0.0,"enemies":"Reptomancer","floor":46.0,"turns":3.0},{"damage":46.0,"enemies":"Sphere and 2 Shapes","floor":47.0,"turns":4.0},{"damage":0.0,"enemies":"Mind Bloom Boss Battle","floor":48.0,"turns":5.0},{"damage":42.0,"enemies":"Awakened One","floor":50.0,"turns":12.0},{"damage":16.0,"enemies":"Donu and Deca","floor":51.0,"turns":11.0},{"damage":11.0,"enemies":"Shield and Spear","floor":55.0,"turns":6.0},{"damage":40,"enemies":"The Heart","floor":56,"turns":11}],"seed_played":"3660684544161418346","potions_obtained":[{"floor":8.0,"key":"BloodPotion"},{"floor":12.0,"key":"Swift Potion"},{"floor":14.0,"key":"PowerPotion"},{"floor":21.0,"key":"FearPotion"},{"floor":30.0,"key":"PowerPotion"},{"floor":33.0,"key":"Strength Potion"},{"floor":35.0,"key":"Block Potion"},{"floor":41.0,"key":"GamblersBrew"},{"floor":47.0,"key":"Poison Potion"}],"is_trial":false,"path_per_floor":["M","?","?","T","M","E","R","M","T","M","R","?","R","E","R","B",null,"M","?","$","M","M","R","E","R","T","R","$","?","M","?","R","B",null,"M","$","?","M","?","R","E","R","T","E","R","E","M","?","R","B","B",null,"R","$","E","B",null],"character_chosen":"IRONCLAD","items_purchased":["Potion Belt","Finesse","Battle Trance","Finesse","Entrench","Bronze Scales","Swift Potion"],"campfire_rested":0,"item_purchase_floors":[20,20,20,28,36,54,54],"current_hp_per_floor":[74,67,67,67,73,75,75,75,75,75,75,63,63,28,28,9,65,70,70,70,76,67,67,72,72,72,72,72,72,73,73,73,79,83,86,86,80,86,86,90,91,92,92,92,92,92,54,60,78,45,38,80,94,94,94,63],"gold":76,"neow_bonus":"THREE_ENEMY_KILL","is_prod":false,"is_daily":false,"chose_seed":false,"campfire_upgraded":12,"win_rate":0,"timestamp":1553871938,"path_taken":["M","?","?","?","M","E","R","M","T","M","R","?","R","E","R","BOSS","M","?","$","?","M","R","E","R","T","R","$","?","M","?","R","BOSS","M","?","?","M","?","R","E","R","T","E","R","E","M","?","R","BOSS","BOSS","R","$","E","BOSS"],"build_version":"2019-01-23","purchased_purges":1,"victory":true,"max_hp_per_floor":[75,75,75,75,75,75,75,75,75,75,75,77,77,84,84,84,84,84,84,84,84,84,84,84,84,84,84,84,84,84,84,84,84,84,86,86,90,90,90,90,92,92,92,92,92,92,94,94,94,94,94,94,94,94,96,96],"card_choices":[{"not_picked":["Cleave","Anger"],"picked":"Armaments","floor":1.0},{"not_picked":["Perfected Strike","Anger"],"picked":"Body Slam","floor":5.0},{"not_picked":["Sever Soul","Shockwave"],"picked":"Feel No Pain","floor":6.0},{"not_picked":["Armaments","Perfected Strike"],"picked":"True Grit","floor":8.0},{"not_picked":["Power Through","Armaments"],"picked":"Feel No Pain","floor":10.0},{"not_picked":["Exhume","Pommel Strike","Clash"],"picked":"Singing Bowl","floor":12.0},{"not_picked":["Carnage","Cleave"],"picked":"Juggernaut","floor":14.0},{"not_picked":["Berserk","Exhume"],"picked":"Impervious","floor":16.0},{"not_picked":["Anger","Twin Strike+1"],"picked":"Corruption","floor":18.0},{"not_picked":["Armaments","Sword Boomerang"],"picked":"Shrug It Off","floor":21.0},{"not_picked":["True Grit","Clash"],"picked":"Feel No Pain","floor":22.0},{"not_picked":["Heavy Blade","Pommel Strike+1"],"picked":"Disarm+1","floor":24.0},{"not_picked":["Anger","Demon Form"],"picked":"True Grit","floor":30.0},{"not_picked":["Bludgeon","Double Tap"],"picked":"Exhume","floor":33.0},{"not_picked":["Wild Strike","Cleave","Anger"],"picked":"Singing Bowl","floor":35.0},{"not_picked":["Chrysalis","Mayhem","Impatience"],"picked":"Singing Bowl","floor":37.0},{"not_picked":["Purity","Mayhem","Sadistic Nature"],"picked":"Singing Bowl","floor":37.0},{"not_picked":["Jack Of All Trades","Bandage Up"],"picked":"Panacea","floor":37.0},{"not_picked":["Power Through+1","Armaments"],"picked":"True Grit","floor":38.0},{"not_picked":["Wild Strike+1","True Grit","Flex"],"picked":"Singing Bowl","floor":41.0},{"not_picked":["Flex","Reaper"],"picked":"True Grit","floor":44.0},{"not_picked":["Headbutt","Hemokinesis+1"],"picked":"Shrug It Off","floor":46.0},{"not_picked":["Twin Strike","True Grit","Cleave"],"picked":"Singing Bowl","floor":47.0},{"not_picked":["Cleave+1","Thunderclap+1"],"picked":"Shrug It Off","floor":48.0},{"not_picked":["Metallicize","Disarm","Heavy Blade"],"picked":"Singing Bowl","floor":55.0}],"player_experience":2729659,"relics_obtained":[{"floor":4.0,"key":"Ice Cream"},{"floor":6.0,"key":"Singing Bowl"},{"floor":9.0,"key":"Pen Nib"},{"floor":12.0,"key":"Odd Mushroom"},{"floor":14.0,"key":"Strawberry"},{"floor":24.0,"key":"Sundial"},{"floor":43.0,"key":"Juzu Bracelet"},{"floor":44.0,"key":"Gremlin Horn"},{"floor":46.0,"key":"PreservedInsect"},{"floor":48.0,"key":"Magic Flower"},{"floor":55.0,"key":"Bag of Preparation"}],"event_choices":[{"cards_removed":["Strike_R"],"damage_healed":0.0,"max_hp_gain":0.0,"max_hp_loss":0.0,"gold_gain":0.0,"event_name":"Golden Wing","player_choice":"Card Removal","floor":2.0,"gold_loss":0.0,"damage_taken":7.0},{"damage_healed":0.0,"max_hp_gain":0.0,"max_hp_loss":0.0,"gold_gain":0.0,"cards_transformed":["Strike_R"],"event_name":"Living Wall","player_choice":"Change","floor":3.0,"gold_loss":0.0,"damage_taken":0.0,"cards_obtained":["Burning Pact"]},{"damage_healed":0.0,"max_hp_gain":0.0,"max_hp_loss":0.0,"gold_gain":0.0,"event_name":"Mushrooms","player_choice":"Fought Mushrooms","floor":12.0,"gold_loss":0.0,"damage_taken":0.0},{"cards_removed":["Strike_R"],"damage_healed":0.0,"max_hp_gain":0.0,"max_hp_loss":0.0,"gold_gain":0.0,"event_name":"Bonfire Elementals","player_choice":"Offered Basic","floor":19.0,"gold_loss":0.0,"damage_taken":0.0},{"damage_healed":0.0,"max_hp_gain":0.0,"max_hp_loss":0.0,"gold_gain":0.0,"event_name":"Beggar","player_choice":"Ignored","floor":29.0,"gold_loss":0.0,"damage_taken":0.0},{"damage_healed":0.0,"max_hp_gain":0.0,"max_hp_loss":0.0,"gold_gain":0.0,"event_name":"Match and Keep!","player_choice":"0 cards matched","floor":31.0,"gold_loss":0.0,"damage_taken":0.0,"cards_obtained":[]},{"damage_healed":0.0,"max_hp_gain":0.0,"max_hp_loss":0.0,"gold_gain":0.0,"event_name":"SensoryStone","player_choice":"Memory 3","floor":37.0,"gold_loss":0.0,"damage_taken":10.0},{"damage_healed":0.0,"max_hp_gain":0.0,"max_hp_loss":0.0,"gold_gain":0.0,"event_name":"WeMeetAgain","player_choice":"Gave Potion","floor":39.0,"gold_loss":0.0,"damage_taken":0.0,"relics_obtained":["Happy Flower"]},{"damage_healed":0.0,"max_hp_gain":0.0,"max_hp_loss":0.0,"gold_gain":0.0,"event_name":"MindBloom","player_choice":"Fight","floor":48.0,"gold_loss":0.0,"damage_taken":0.0}],"is_beta":false,"boss_relics":[{"not_picked":["Cursed Key","Lizard Tail"],"picked":"Coffee Dripper"},{"not_picked":["Mark of Pain","Snecko Eye"],"picked":"Eternal Feather"}],"items_purged_floors":[54],"is_endless":false,"potions_floor_spawned":[8,12,14,21,30,33,35,41,47],"ascension_level":20}