{"gold_per_floor":[114,114,39,39,57,89,107,107,107,132,148,218,293,303,303,375,375,394,444,315,280,330,330,391,291,314,314,66,66,66],"floor_reached":30,"playtime":717,"items_purged":["Strike_R","Writhe"],"score":522,"play_id":"ca1eb59b-2213-4575-bd79-9f0c2f8927f0","local_time":"20190425203546","is_ascension_mode":true,"campfire_choices":[{"data":"Bash","floor":8,"key":"SMITH"},{"floor":15,"key":"REST"},{"floor":23,"key":"REST"},{"data":"True Grit","floor":27,"key":"SMITH"},{"data":"Chrysalis","floor":29,"key":"SMITH"}],"neow_cost":"NONE","seed_source_timestamp":290541898894200,"circlet_count":0,"master_deck":["AscendersBane","Strike_R+1","Strike_R+1","Defend_R","Defend_R","Defend_R","Defend_R","Bash+1","Inflame","Evolve","Juggernaut","Flame Barrier","Whirlwind+1","True Grit+1","Reaper+1","Pommel Strike+1","Feel No Pain","Seeing Red","Flex+1","Corruption","Chrysalis+1"],"relics":["Burning Blood","NeowsBlessing","SsserpentHead","Molten Egg 2","Ornamental Fan","StoneCalendar","Regal Pillow","Empty Cage","Paper Frog","Prayer Wheel","Orichalcum"],"potions_floor_usage":[10,12,18,24,30],"damage_taken":[{"damage":0,"enemies":"Cultist","floor":1,"turns":1},{"damage":1,"enemies":"Small Slimes","floor":5,"turns":2},{"damage":0,"enemies":"Lagavulin","floor":6,"turns":1},{"damage":14,"enemies":"Jaw Worm","floor":7,"turns":4},{"damage":42,"enemies":"3 Sentries","floor":10,"turns":9},{"damage":11,"enemies":"3 Louse","floor":11,"turns":4},{"damage":0,"enemies":"2 Fungi Beasts","floor":12,"turns":3},{"damage":9,"enemies":"Blue Slaver","floor":14,"turns":4},{"damage":26,"enemies":"Slime Boss","floor":16,"turns":7},{"damage":54,"enemies":"2 Thieves","floor":18,"turns":4},{"damage":10,"enemies":"3 Byrds","floor":24,"turns":4},{"damage":53,"enemies":"Book of Stabbing","floor":30,"turns":4}],"seed_played":"-6931822108095502271","potions_obtained":[{"floor":6,"key":"LiquidBronze"},{"floor":7,"key":"Energy Potion"},{"floor":10,"key":"Weak Potion"},{"floor":11,"key":"Fire Potion"},{"floor":16,"key":"Poison Potion"},{"floor":18,"key":"Poison Potion"}],"is_trial":false,"path_per_floor":["M","?","$","?","M","E","M","R","T","E","M","M","T","M","R","B",null,"M","?","$","?","?","R","M","$","T","R","$","R","E"],"character_chosen":"IRONCLAD","items_purchased":["Feel No Pain","PowerPotion","Corruption","Chrysalis"],"campfire_rested":2,"item_purchase_floors":[20,20,28,28],"current_hp_per_floor":[74,51,51,51,56,62,54,54,54,18,13,19,19,16,53,33,65,17,17,17,17,17,54,53,53,53,53,53,53,0],"gold":66,"neow_bonus":"THREE_ENEMY_KILL","is_prod":false,"is_daily":false,"chose_seed":false,"campfire_upgraded":3,"win_rate":0,"timestamp":1556192146,"path_taken":["M","?","$","?","M","E","M","R","T","E","M","?","?","M","R","BOSS","M","?","$","?","?","R","?","$","T","R","$","R","E"],"build_version":"2019-01-23","purchased_purges":2,"victory":false,"max_hp_per_floor":[75,75,75,75,75,75,75,75,75,75,75,75,75,75,75,75,75,75,75,75,75,75,75,75,75,75,75,75,75,75],"card_choices":[{"not_picked":["Heavy Blade","Fire Breathing","Sever Soul"],"picked":"SKIP","floor":1},{"not_picked":["Havoc","Searing Blow"],"picked":"Inflame","floor":5},{"not_picked":["Burning Pact","Intimidate"],"picked":"Evolve","floor":6},{"not_picked":["Armaments","Wild Strike+1"],"picked":"Juggernaut","floor":7},{"not_picked":["True Grit","Double Tap"],"picked":"Flame Barrier","floor":10},{"not_picked":["Pommel Strike+1","Clothesline+1","Heavy Blade+1"],"picked":"SKIP","floor":11},{"not_picked":["Clothesline+1","Anger+1"],"picked":"Whirlwind+1","floor":12},{"not_picked":["Iron Wave+1","Pummel+1"],"picked":"True Grit","floor":14},{"not_picked":["Dark Embrace","Impervious"],"picked":"Reaper+1","floor":16},{"not_picked":["Inflame","True Grit"],"picked":"Pommel Strike+1","floor":18},{"not_picked":["Clothesline+1","Rupture"],"picked":"Seeing Red","floor":24},{"not_picked":["Whirlwind+1","Anger+1"],"picked":"Flex+1","floor":24}],"player_experience":3377629,"relics_obtained":[{"floor":6,"key":"Molten Egg 2"},{"floor":9,"key":"Ornamental Fan"},{"floor":10,"key":"StoneCalendar"},{"floor":13,"key":"Regal Pillow"},{"floor":26,"key":"Orichalcum"}],"event_choices":[{"damage_healed":0,"gold_gain":0,"player_choice":"Entered Light","damage_taken":23,"max_hp_gain":0,"max_hp_loss":0,"event_name":"Shining Light","floor":2,"gold_loss":0,"cards_upgraded":["Strike_R","Strike_R"]},{"damage_healed":0,"gold_gain":0,"player_choice":"Trade","damage_taken":0,"relics_obtained":["SsserpentHead"],"max_hp_gain":0,"max_hp_loss":0,"event_name":"FaceTrader","floor":4,"gold_loss":0},{"damage_healed":0,"gold_gain":0,"player_choice":"Ignored","damage_taken":0,"max_hp_gain":0,"max_hp_loss":0,"event_name":"Vampires","floor":19,"gold_loss":0},{"damage_healed":0,"gold_gain":0,"player_choice":"Obtained Relic","damage_taken":0,"relics_obtained":["Paper Frog"],"max_hp_gain":0,"max_hp_loss":0,"event_name":"Addict","floor":21,"gold_loss":85},{"damage_healed":0,"gold_gain":0,"player_choice":"Opened","damage_taken":0,"relics_obtained":["Prayer Wheel"],"max_hp_gain":0,"max_hp_loss":0,"event_name":"The Mausoleum","floor":22,"gold_loss":0,"cards_obtained":["Writhe"]}],"is_beta":false,"boss_relics":[{"not_picked":["Cursed Key","Coffee Dripper"],"picked":"Empty Cage"}],"items_purged_floors":[3,25],"is_endless":false,"potions_floor_spawned":[6,7,10,11,16,18],"killed_by":"Book of Stabbing","ascension_level":20}