{"gold_per_floor":[119,119,119,135,135,135,161,161,161,161,173,197,228,503,503,503],"floor_reached":16,"playtime":385,"items_purged":[],"score":262,"play_id":"052dbc54-1434-4a38-96d1-107c8569f342","local_time":"20190310132426","is_ascension_mode":true,"campfire_choices":[{"data":"Fiend Fire","floor":6,"key":"SMITH"},{"floor":8,"key":"REST"},{"data":"Bash","floor":10,"key":"SMITH"},{"data":"Sword Boomerang","floor":15,"key":"SMITH"}],"neow_cost":"TEN_PERCENT_HP_LOSS","seed_source_timestamp":97832036739500,"circlet_count":0,"master_deck":["AscendersBane","Strike_R","Strike_R+1","Strike_R","Defend_R","Defend_R","Defend_R","Defend_R+1","Bash+1","Fiend Fire+1","Flame Barrier","Sword Boomerang+1","Regret"],"relics":["Burning Blood","Bronze Scales","Vajra","Potion Belt"],"potions_floor_usage":[4,7],"damage_taken":[{"damage":13,"enemies":"Small Slimes","floor":1,"turns":3},{"damage":0,"enemies":"Jaw Worm","floor":4,"turns":4},{"damage":49,"enemies":"3 Sentries","floor":7,"turns":15},{"damage":0,"enemies":"Cultist","floor":11,"turns":3},{"damage":0,"enemies":"Gremlin Nob","floor":13,"turns":2},{"damage":39,"enemies":"Hexaghost","floor":16,"turns":9}],"seed_played":"7313532541384769034","potions_obtained":[{"floor":1,"key":"Fruit Juice"},{"floor":4,"key":"Energy Potion"}],"is_trial":false,"path_per_floor":["M","?","?","M","?","R","E","R","T","R","M","T","E","?","R","B"],"character_chosen":"IRONCLAD","items_purchased":[],"campfire_rested":1,"item_purchase_floors":[],"current_hp_per_floor":[61,41,41,52,52,52,9,30,30,30,36,36,42,42,42,3],"gold":503,"neow_bonus":"THREE_RARE_CARDS","is_prod":false,"is_daily":false,"chose_seed":false,"campfire_upgraded":3,"win_rate":0,"timestamp":1552191866,"path_taken":["M","?","?","?","?","R","E","R","T","R","?","?","E","?","R","BOSS"],"build_version":"2019-01-23","purchased_purges":0,"victory":false,"max_hp_per_floor":[68,68,68,73,73,73,73,73,73,73,73,73,73,73,73,73],"card_choices":[{"not_picked":["Offering","Bludgeon"],"picked":"Fiend Fire","floor":0},{"not_picked":["Corruption","Searing Blow","Iron Wave"],"picked":"SKIP","floor":1},{"not_picked":["Warcry","Thunderclap","Dual Wield"],"picked":"SKIP","floor":4},{"not_picked":["Warcry","Intimidate","Burning Pact"],"picked":"SKIP","floor":7},{"not_picked":["Intimidate","Rupture","Blood for Blood"],"picked":"SKIP","floor":11},{"not_picked":["Metallicize","Heavy Blade"],"picked":"Sword Boomerang","floor":13}],"player_experience":2141763,"relics_obtained":[{"floor":7,"key":"Bronze Scales"},{"floor":12,"key":"Vajra"},{"floor":13,"key":"Potion Belt"}],"event_choices":[{"damage_healed":0,"gold_gain":0,"player_choice":"Entered Light","damage_taken":20,"max_hp_gain":0,"max_hp_loss":0,"event_name":"Shining Light","floor":2,"gold_loss":0,"cards_upgraded":["Strike_R","Defend_R"]},{"damage_healed":0,"gold_gain":0,"cards_transformed":["Strike_R"],"player_choice":"Transformed","damage_taken":0,"max_hp_gain":0,"max_hp_loss":0,"event_name":"Transmorgrifier","floor":3,"gold_loss":0,"cards_obtained":["Flame Barrier"]},{"cards_removed":["Strike_R"],"damage_healed":0,"gold_gain":0,"player_choice":"Purged","damage_taken":0,"max_hp_gain":0,"max_hp_loss":0,"event_name":"Purifier","floor":5,"gold_loss":0},{"damage_healed":0,"gold_gain":275,"player_choice":"Desecrate","damage_taken":0,"max_hp_gain":0,"max_hp_loss":0,"event_name":"Golden Shrine","floor":14,"gold_loss":0,"cards_obtained":["Regret"]}],"is_beta":false,"boss_relics":[],"items_purged_floors":[],"is_endless":false,"potions_floor_spawned":[1,4],"killed_by":"Hexaghost","ascension_level":20}