{"gold_per_floor":[111,26,26,96,146,179,229,229,229,204,231,241,50,69,69,143,143,159,134,110,160,235,235,247,297,297,315,345,345,395,406,406,406],"floor_reached":33,"playtime":1204,"items_purged":[],"score":596,"play_id":"4f0705c3-2a19-4e97-a86f-2dca53011738","local_time":"20190424222332","is_ascension_mode":true,"campfire_choices":[{"data":"Bludgeon","floor":8,"key":"SMITH"},{"data":"Fiend Fire","floor":15,"key":"SMITH"},{"data":"Entrench","floor":23,"key":"SMITH"},{"floor":29,"key":"REST"},{"data":"True Grit","floor":32,"key":"SMITH"}],"neow_cost":"NONE","seed_source_timestamp":210122160348300,"circlet_count":0,"master_deck":["AscendersBane","Strike_R+1","Strike_R+1","Strike_R+1","Defend_R+1","Defend_R+1","Defend_R+1","Defend_R+1","Bash","Reaper","True Grit+1","Bludgeon+1","Fiend Fire+1","Disarm","Feel No Pain","Carnage","Feed","Second Wind","Entrench+1","Body Slam+1","Dropkick+1"],"relics":["Burning Blood","SsserpentHead","Omamori","Shuriken","Pen Nib","Bag of Preparation","Mark of Pain","Red Mask","Molten Egg 2","Ornamental Fan"],"potions_floor_usage":[6,6,20,21,28,33],"damage_taken":[{"damage":7,"enemies":"2 Louse","floor":1,"turns":4},{"damage":6,"enemies":"Cultist","floor":4,"turns":3},{"damage":27,"enemies":"Gremlin Nob","floor":6,"turns":4},{"damage":25,"enemies":"Lagavulin","floor":11,"turns":5},{"damage":8,"enemies":"Small Slimes","floor":12,"turns":3},{"damage":5,"enemies":"Blue Slaver","floor":14,"turns":8},{"damage":4,"enemies":"Slime Boss","floor":16,"turns":6},{"damage":40,"enemies":"Chosen","floor":18,"turns":8},{"damage":22,"enemies":"2 Thieves","floor":20,"turns":4},{"damage":39,"enemies":"Colosseum Slavers","floor":21,"turns":6},{"damage":0,"enemies":"Masked Bandits","floor":22,"turns":5},{"damage":0,"enemies":"Snecko","floor":24,"turns":2},{"damage":5,"enemies":"Centurion and Healer","floor":27,"turns":7},{"damage":47,"enemies":"Slavers","floor":28,"turns":8},{"damage":0,"enemies":"Snake Plant","floor":31,"turns":1},{"damage":72,"enemies":"Champ","floor":33,"turns":13}],"seed_played":"-90103431432683414","potions_obtained":[{"floor":1,"key":"SkillPotion"},{"floor":4,"key":"Weak Potion"},{"floor":12,"key":"BloodPotion"},{"floor":14,"key":"BloodPotion"},{"floor":20,"key":"PowerPotion"},{"floor":24,"key":"Explosive Potion"}],"is_trial":false,"path_per_floor":["M","$","?","M","?","E","T","R","T","?","E","M","$","M","R","B",null,"M","?","M","?","?","R","M","?","T","M","E","R","?","M","R","B"],"character_chosen":"IRONCLAD","items_purchased":["Bludgeon","Bag of Preparation","Feel No Pain"],"campfire_rested":1,"item_purchase_floors":[2,13,13],"current_hp_per_floor":[71,71,71,75,75,60,60,60,60,60,41,47,47,51,51,53,70,41,41,40,20,30,30,36,36,36,45,12,35,35,41,41,0],"gold":406,"neow_bonus":"ONE_RANDOM_RARE_CARD","is_prod":false,"is_daily":false,"chose_seed":false,"campfire_upgraded":4,"win_rate":0,"timestamp":1556112212,"path_taken":["M","$","?","?","?","E","?","R","T","?","E","M","?","M","R","BOSS","M","?","M","?","?","R","M","?","T","M","E","R","?","M","R","BOSS"],"build_version":"2019-01-23","purchased_purges":0,"victory":false,"max_hp_per_floor":[75,75,75,75,75,75,75,75,75,75,75,75,75,75,75,75,75,75,75,75,78,78,78,78,78,78,78,78,78,78,78,78,78],"card_choices":[{"not_picked":["Uppercut","Twin Strike"],"picked":"True Grit","floor":1},{"not_picked":["Thunderclap","Headbutt","Clothesline"],"picked":"SKIP","floor":4},{"not_picked":["Bludgeon","Dropkick","Warcry"],"picked":"SKIP","floor":6},{"not_picked":["Exhume","Body Slam"],"picked":"Fiend Fire","floor":11},{"not_picked":["True Grit","Body Slam"],"picked":"Disarm","floor":12},{"not_picked":["Intimidate","Wild Strike"],"picked":"Carnage","floor":14},{"not_picked":["Impervious","Immolate"],"picked":"Feed","floor":16},{"not_picked":["Body Slam","True Grit","Infernal Blade"],"picked":"SKIP","floor":18},{"not_picked":["Cleave","Carnage"],"picked":"Second Wind","floor":20},{"not_picked":["Sword Boomerang","Perfected Strike"],"picked":"Entrench","floor":22},{"not_picked":["Thunderclap+1","Rampage","Heavy Blade+1"],"picked":"SKIP","floor":24},{"not_picked":["Burning Pact","Seeing Red"],"picked":"Body Slam+1","floor":27},{"not_picked":["Havoc+1","Thunderclap+1","Reckless Charge+1"],"picked":"SKIP","floor":28},{"not_picked":["Shockwave","Flex"],"picked":"Dropkick+1","floor":31}],"player_experience":3357876,"relics_obtained":[{"floor":6,"key":"Omamori"},{"floor":7,"key":"Shuriken"},{"floor":9,"key":"Pen Nib"},{"floor":22,"key":"Red Mask"},{"floor":26,"key":"Molten Egg 2"},{"floor":28,"key":"Ornamental Fan"}],"event_choices":[{"damage_healed":0,"gold_gain":0,"player_choice":"Trade","damage_taken":0,"relics_obtained":["SsserpentHead"],"max_hp_gain":0,"max_hp_loss":0,"event_name":"FaceTrader","floor":3,"gold_loss":0},{"damage_healed":0,"gold_gain":0,"player_choice":"Ignored","damage_taken":0,"max_hp_gain":0,"max_hp_loss":0,"event_name":"Liars Game","floor":5,"gold_loss":0},{"cards_removed":["Strike_R"],"damage_healed":0,"gold_gain":0,"player_choice":"Card Removal","damage_taken":0,"max_hp_gain":0,"max_hp_loss":0,"event_name":"The Cleric","floor":10,"gold_loss":75},{"cards_removed":["Strike_R"],"damage_healed":0,"gold_gain":0,"player_choice":"Gave Gold","damage_taken":0,"max_hp_gain":0,"max_hp_loss":0,"event_name":"Beggar","floor":19,"gold_loss":75},{"damage_healed":0,"gold_gain":0,"player_choice":"Fight","damage_taken":0,"max_hp_gain":0,"max_hp_loss":0,"event_name":"Colosseum","floor":21,"gold_loss":0},{"damage_healed":0,"gold_gain":0,"player_choice":"Fled From Nobs","damage_taken":0,"max_hp_gain":0,"max_hp_loss":0,"event_name":"Colosseum","floor":21,"gold_loss":0},{"damage_healed":0,"gold_gain":0,"player_choice":"Fought Bandits","damage_taken":0,"max_hp_gain":0,"max_hp_loss":0,"event_name":"Masked Bandits","floor":22,"gold_loss":0},{"damage_healed":0,"gold_gain":0,"player_choice":"Ignored","damage_taken":0,"max_hp_gain":0,"max_hp_loss":0,"event_name":"The Mausoleum","floor":25,"gold_loss":0},{"damage_healed":0,"gold_gain":0,"player_choice":"Simplicity","damage_taken":0,"max_hp_gain":0,"max_hp_loss":0,"event_name":"Back to Basics","floor":30,"gold_loss":0,"cards_upgraded":["Strike_R","Strike_R","Strike_R","Defend_R","Defend_R","Defend_R","Defend_R"]}],"is_beta":false,"boss_relics":[{"not_picked":["Velvet Choker","Lizard Tail"],"picked":"Mark of Pain"}],"items_purged_floors":[],"is_endless":false,"potions_floor_spawned":[1,4,12,14,20,24,27],"killed_by":"Champ","ascension_level":20}