{"gold_per_floor":[110,110,126,201,201,201,228,228,228,228,238,256,270,301,301,375,375,388,388,402,412,439,439,468,12,87,147,147,182,194,208,208,282,282,300,1299,1314,742,754,754,789,498,524,524,29,44,44,72,72,72,72,72,72,15,41,41],"floor_reached":56,"playtime":2924,"items_purged":["Decay","Normality","Defend_B","Pain"],"score":2021,"play_id":"4c40a949-b2e9-4012-aaea-843e6e2f5f18","local_time":"20190208123334","is_ascension_mode":true,"campfire_choices":[{"data":"Zap","floor":6.0,"key":"SMITH"},{"data":"Melter","floor":8.0,"key":"SMITH"},{"data":"Dualcast","floor":10.0,"key":"SMITH"},{"floor":15.0,"key":"REST"},{"data":"Electrodynamics","floor":23.0,"key":"SMITH"},{"floor":28.0,"key":"REST"},{"data":"Apotheosis","floor":32.0,"key":"SMITH"},{"data":"Defragment","floor":40.0,"key":"SMITH"},{"floor":44.0,"key":"RECALL"},{"data":"Discovery","floor":49.0,"key":"SMITH"},{"data":"Fission","floor":53.0,"key":"SMITH"}],"neow_cost":"NONE","seed_source_timestamp":235964751843700,"circlet_count":0,"master_deck":["AscendersBane","Strike_B","Strike_B+1","Defend_B","Defend_B","Defend_B+1","Zap+1","Dualcast+1","Melter+1","Cold Snap","Auto Shields","Coolheaded+1","Streamline+1","Electrodynamics+1","BootSequence","Storm","Undo+1","Genetic Algorithm","Apotheosis+1","Glacier","Hologram","Self Repair","Reinforced Body+1","Fission+1","Discovery","Defragment+1","Capacitor","Discovery+1","Heatsinks","Capacitor","Madness","Madness","Echo Form"],"special_seed":0,"relics":["Cracked Core","NeowsBlessing","Blood Vial","Symbiotic Virus","Anchor","Meat on the Bone","Cursed Key","PreservedInsect","Potion Belt","Omamori","Mummified Hand","Tiny Chest","Whetstone","Coffee Dripper","OrangePellets","Bag of Preparation","Shuriken","Lantern","War Paint","Strawberry"],"potions_floor_usage":[56,56,56,56],"damage_taken":[{"damage":0.0,"enemies":"2 Louse","floor":1.0,"turns":1.0},{"damage":0.0,"enemies":"Cultist","floor":3.0,"turns":1.0},{"damage":0.0,"enemies":"Lagavulin","floor":7.0,"turns":1.0},{"damage":6.0,"enemies":"Small Slimes","floor":11.0,"turns":3.0},{"damage":20.0,"enemies":"Exordium Thugs","floor":12.0,"turns":5.0},{"damage":0.0,"enemies":"2 Fungi Beasts","floor":13.0,"turns":3.0},{"damage":2.0,"enemies":"3 Sentries","floor":14.0,"turns":8.0},{"damage":12.0,"enemies":"The Guardian","floor":16.0,"turns":10.0},{"damage":11.0,"enemies":"Chosen","floor":18.0,"turns":4.0},{"damage":0.0,"enemies":"Spheric Guardian","floor":20.0,"turns":3.0},{"damage":22.0,"enemies":"Shelled Parasite and Fungi","floor":21.0,"turns":5.0},{"damage":15.0,"enemies":"Gremlin Leader","floor":24.0,"turns":5.0},{"damage":34.0,"enemies":"Book of Stabbing","floor":27.0,"turns":5.0},{"damage":0.0,"enemies":"Gremlin Leader","floor":29.0,"turns":5.0},{"damage":7.0,"enemies":"Chosen and Byrds","floor":30.0,"turns":7.0},{"damage":2.0,"enemies":"Snecko","floor":31.0,"turns":5.0},{"damage":20.0,"enemies":"Automaton","floor":33.0,"turns":9.0},{"damage":19.0,"enemies":"3 Darklings","floor":35.0,"turns":5.0},{"damage":0.0,"enemies":"3 Shapes","floor":37.0,"turns":3.0},{"damage":0.0,"enemies":"Spire Growth","floor":39.0,"turns":6.0},{"damage":35.0,"enemies":"Reptomancer","floor":41.0,"turns":4.0},{"damage":5.0,"enemies":"Jaw Worm Horde","floor":46.0,"turns":2.0},{"damage":9.0,"enemies":"Giant Head","floor":48.0,"turns":9.0},{"damage":31.0,"enemies":"Time Eater","floor":50.0,"turns":13.0},{"damage":37.0,"enemies":"Donu and Deca","floor":51.0,"turns":13.0},{"damage":51.0,"enemies":"Shield and Spear","floor":55.0,"turns":7.0},{"damage":8,"enemies":"The Heart","floor":56,"turns":2}],"seed_played":"807269366139560620","potions_obtained":[{"floor":1.0,"key":"Dexterity Potion"},{"floor":3.0,"key":"Energy Potion"},{"floor":5.0,"key":"PowerPotion"},{"floor":14.0,"key":"SteroidPotion"},{"floor":18.0,"key":"SpeedPotion"},{"floor":21.0,"key":"Poison Potion"},{"floor":27.0,"key":"GamblersBrew"},{"floor":29.0,"key":"PowerPotion"},{"floor":30.0,"key":"Dexterity Potion"},{"floor":35.0,"key":"PowerPotion"},{"floor":46.0,"key":"Weak Potion"}],"is_trial":false,"path_per_floor":["M","?","M","?","?","R","E","R","T","R","M","M","M","E","R","B",null,"M","?","M","M","T","R","E","$","T","E","R","E","M","M","R","B",null,"M","?","M","$","M","R","E","$","T","R","$","M","?","E","R","B","B",null,"R","$","E","B"],"character_chosen":"DEFECT","items_purchased":["Apotheosis","Omamori","OrangePellets","Bag of Preparation","Discovery","Lantern","Discovery","Heatsinks","Ancient Potion","GamblersBrew","SpeedPotion"],"campfire_rested":2,"item_purchase_floors":[25,25,38,38,38,42,45,45,45,45,54],"current_hp_per_floor":[64,46,48,37,37,37,39,39,39,39,35,17,19,19,40,42,64,55,55,57,37,37,37,36,36,36,16,37,39,46,56,56,48,65,55,55,64,64,71,71,36,36,36,36,36,55,42,54,54,47,34,62,62,62,42,36],"gold":41,"neow_bonus":"THREE_ENEMY_KILL","is_prod":false,"is_daily":false,"chose_seed":false,"campfire_upgraded":8,"win_rate":0,"timestamp":1549596814,"path_taken":["M","?","M","?","?","R","E","R","T","R","M","M","?","E","R","BOSS","M","?","M","M","?","R","E","$","T","E","R","E","M","M","R","BOSS","M","?","M","$","M","R","E","$","T","R","$","M","?","E","R","BOSS","BOSS","R","$","E","BOSS"],"build_version":"2019-01-23","purchased_purges":4,"victory":false,"max_hp_per_floor":[71,71,71,71,71,71,71,71,71,71,71,71,71,71,71,71,71,71,71,71,71,71,71,71,71,71,71,71,71,71,71,71,71,71,71,71,71,71,71,71,71,71,71,71,71,71,71,71,71,71,71,71,71,71,78,78],"card_choices":[{"not_picked":["Stack","Compile Driver"],"picked":"Melter","floor":1.0},{"not_picked":["Skim","Rainbow"],"picked":"Cold Snap","floor":3.0},{"not_picked":["Force Field","Turbo","Lockon"],"picked":"SKIP","floor":7.0},{"not_picked":["Hologram","Streamline"],"picked":"Auto Shields","floor":11.0},{"not_picked":["Redo","Go for the Eyes"],"picked":"Coolheaded","floor":12.0},{"not_picked":["Recycle","Rebound","Go for the Eyes"],"picked":"SKIP","floor":13.0},{"not_picked":["Go for the Eyes","Rip and Tear"],"picked":"Streamline","floor":14.0},{"not_picked":["Multi-Cast","Buffer"],"picked":"Electrodynamics","floor":16.0},{"not_picked":["Ball Lightning","Barrage","Conserve Battery"],"picked":"SKIP","floor":18.0},{"not_picked":["Leap","Reprogram","Compile Driver"],"picked":"SKIP","floor":20.0},{"not_picked":["Redo","Sweeping Beam"],"picked":"Undo+1","floor":21.0},{"not_picked":["Rainbow","Compile Driver"],"picked":"Genetic Algorithm","floor":24.0},{"not_picked":["Sunder","Redo"],"picked":"Glacier","floor":27.0},{"not_picked":["Sweeping Beam","Go for the Eyes"],"picked":"Hologram","floor":29.0},{"not_picked":["Gash","Steam+1"],"picked":"Self Repair","floor":30.0},{"not_picked":["Recycle","Hologram"],"picked":"Reinforced Body+1","floor":31.0},{"not_picked":["All For One","Hyperbeam"],"picked":"Fission","floor":33.0},{"not_picked":["Lockon","Self Repair","Melter"],"picked":"SKIP","floor":35.0},{"not_picked":["Ball Lightning","Turbo","Streamline"],"picked":"SKIP","floor":37.0},{"not_picked":["Auto Shields","Tempest"],"picked":"Defragment","floor":39.0},{"not_picked":["Meteor Strike","Stack"],"picked":"Capacitor","floor":41.0},{"not_picked":["Turbo+1","Compile Driver"],"picked":"Capacitor","floor":46.0},{"not_picked":["Beam Cell","Gash","Ball Lightning"],"picked":"SKIP","floor":48.0},{"not_picked":["Beam Cell","Gash","Ball Lightning"],"picked":"SKIP","floor":48.0},{"not_picked":["Gash","Steam+1"],"picked":"Echo Form","floor":55.0}],"player_experience":1453560,"relics_obtained":[{"floor":7.0,"key":"Symbiotic Virus"},{"floor":9.0,"key":"Anchor"},{"floor":14.0,"key":"Meat on the Bone"},{"floor":22.0,"key":"PreservedInsect"},{"floor":24.0,"key":"Potion Belt"},{"floor":26.0,"key":"Mummified Hand"},{"floor":27.0,"key":"Tiny Chest"},{"floor":29.0,"key":"Whetstone"},{"floor":41.0,"key":"Shuriken"},{"floor":48.0,"key":"War Paint"},{"floor":55.0,"key":"Strawberry"}],"event_choices":[{"damage_healed":0.0,"max_hp_gain":0.0,"max_hp_loss":0.0,"gold_gain":0.0,"event_name":"Scrap Ooze","player_choice":"Success","floor":2.0,"gold_loss":0.0,"damage_taken":18.0,"relics_obtained":["Blood Vial"]},{"damage_healed":0.0,"max_hp_gain":0.0,"max_hp_loss":0.0,"gold_gain":75.0,"event_name":"World of Goop","player_choice":"Gather Gold","floor":4.0,"gold_loss":0.0,"damage_taken":11.0},{"damage_healed":0.0,"max_hp_gain":0.0,"max_hp_loss":0.0,"gold_gain":0.0,"event_name":"Lab","player_choice":"Got Potions","floor":5.0,"gold_loss":0.0,"damage_taken":0.0},{"damage_healed":0.0,"max_hp_gain":0.0,"max_hp_loss":0.0,"gold_gain":0.0,"cards_transformed":["Strike_B","Strike_B"],"event_name":"Drug Dealer","player_choice":"Became Test Subject","floor":19.0,"gold_loss":0.0,"damage_taken":0.0,"cards_obtained":["BootSequence","Storm"]},{"damage_healed":0.0,"max_hp_gain":0.0,"max_hp_loss":0.0,"gold_gain":999.0,"event_name":"MindBloom","player_choice":"Gold","floor":36.0,"gold_loss":0.0,"damage_taken":0.0,"cards_obtained":["Normality","Normality"]},{"damage_healed":0.0,"max_hp_gain":0.0,"max_hp_loss":0.0,"gold_gain":0.0,"event_name":"Winding Halls","player_choice":"Embrace Madness","floor":47.0,"gold_loss":0.0,"damage_taken":13.0,"cards_obtained":["Madness","Madness"]}],"is_beta":false,"boss_relics":[{"not_picked":["Empty Cage","Busted Crown"],"picked":"Cursed Key"},{"not_picked":["Lizard Tail","Philosopher\u0027s Stone"],"picked":"Coffee Dripper"}],"items_purged_floors":[25,38,42,45],"is_endless":false,"potions_floor_spawned":[1,3,12,14,18,21,27,29,30,35,46,48],"killed_by":"The Heart","ascension_level":20}