{"gold_per_floor":[116,131,131,145,70,70,84,110,137,165,165,165,35,35,35,107,107,127,42,55,70,70,70],"floor_reached":23,"playtime":532,"items_purged":["Strike_R"],"score":398,"play_id":"f3c005b1-524b-4dd8-b8d6-d02f36ddb2bf","local_time":"20190405125423","is_ascension_mode":true,"campfire_choices":[{"data":"Immolate","floor":6,"key":"SMITH"},{"data":"Whirlwind","floor":11,"key":"SMITH"},{"data":"Armaments","floor":15,"key":"SMITH"}],"neow_cost":"NONE","seed_source_timestamp":611207901415400,"circlet_count":0,"master_deck":["AscendersBane","Strike_R","Strike_R","Strike_R","Defend_R","Defend_R","Defend_R","Defend_R","Bash","Armaments+1","Disarm","Immolate+1","Whirlwind+1","Barricade","True Grit","Juggernaut","Feel No Pain","Feel No Pain","Entrench","Ghostly Armor"],"relics":["Burning Blood","NeowsBlessing","Art of War","Happy Flower","Strawberry","Snecko Eye","GremlinMask"],"potions_floor_usage":[8,16,21],"damage_taken":[{"damage":0,"enemies":"Small Slimes","floor":1,"turns":1},{"damage":0,"enemies":"Cultist","floor":2,"turns":1},{"damage":0,"enemies":"Jaw Worm","floor":4,"turns":1},{"damage":11,"enemies":"Exordium Wildlife","floor":7,"turns":3},{"damage":27,"enemies":"Gremlin Nob","floor":8,"turns":4},{"damage":12,"enemies":"3 Sentries","floor":10,"turns":2},{"damage":21,"enemies":"The Guardian","floor":16,"turns":15},{"damage":26,"enemies":"Shell Parasite","floor":18,"turns":5},{"damage":6,"enemies":"Spheric Guardian","floor":20,"turns":4},{"damage":22,"enemies":"Snake Plant","floor":21,"turns":4},{"damage":13,"enemies":"Gremlin Leader","floor":23,"turns":4}],"seed_played":"-3888307909039037469","potions_obtained":[{"floor":2,"key":"LiquidBronze"},{"floor":4,"key":"FearPotion"},{"floor":8,"key":"Swift Potion"},{"floor":16,"key":"Weak Potion"},{"floor":18,"key":"SteroidPotion"}],"is_trial":false,"path_per_floor":["M","M","?","M","?","R","M","E","T","E","R","$","$","?","R","B",null,"M","$","M","M","?","E"],"character_chosen":"IRONCLAD","items_purchased":["True Grit","Feel No Pain"],"campfire_rested":0,"item_purchase_floors":[13,19],"current_hp_per_floor":[74,75,75,75,75,75,70,49,49,50,50,50,50,50,50,35,70,50,50,50,34,34,21],"gold":70,"neow_bonus":"THREE_ENEMY_KILL","is_prod":false,"is_daily":false,"chose_seed":false,"campfire_upgraded":3,"win_rate":0,"timestamp":1554436463,"path_taken":["M","M","?","?","?","R","M","E","T","E","R","?","$","?","R","BOSS","M","$","M","M","?","E"],"build_version":"2019-01-23","purchased_purges":1,"victory":false,"max_hp_per_floor":[75,75,75,75,75,75,75,75,75,82,82,82,82,82,82,82,82,82,82,82,82,82,82],"card_choices":[{"not_picked":["Body Slam","Cleave"],"picked":"Armaments","floor":1},{"not_picked":["Thunderclap","Bloodletting"],"picked":"Disarm","floor":2},{"not_picked":["Wild Strike","Headbutt"],"picked":"Whirlwind","floor":4},{"not_picked":["Warcry","Cleave","Perfected Strike"],"picked":"SKIP","floor":7},{"not_picked":["Cleave","Wild Strike","Havoc"],"picked":"SKIP","floor":8},{"not_picked":["Sentinel","Blood for Blood"],"picked":"Barricade","floor":10},{"not_picked":["Brutality","Exhume"],"picked":"Juggernaut","floor":16},{"not_picked":["Uppercut","Rupture"],"picked":"Feel No Pain","floor":18},{"not_picked":["Seeing Red","Whirlwind"],"picked":"Entrench","floor":20},{"not_picked":["Warcry","Fire Breathing"],"picked":"Ghostly Armor","floor":21}],"player_experience":2880757,"relics_obtained":[{"floor":8,"key":"Art of War"},{"floor":9,"key":"Happy Flower"},{"floor":10,"key":"Strawberry"}],"event_choices":[{"damage_healed":0,"gold_gain":0,"player_choice":"1 cards matched","damage_taken":0,"max_hp_gain":0,"max_hp_loss":0,"event_name":"Match and Keep!","floor":3,"gold_loss":0,"cards_obtained":["Immolate"]},{"cards_removed":["Strike_R"],"damage_healed":0,"gold_gain":0,"player_choice":"Card Removal","damage_taken":0,"max_hp_gain":0,"max_hp_loss":0,"event_name":"The Cleric","floor":5,"gold_loss":75},{"damage_healed":0,"gold_gain":0,"player_choice":"Ignored","damage_taken":0,"max_hp_gain":0,"max_hp_loss":0,"event_name":"Liars Game","floor":14,"gold_loss":0},{"damage_healed":0,"gold_gain":0,"player_choice":"Trade","damage_taken":0,"relics_obtained":["GremlinMask"],"max_hp_gain":0,"max_hp_loss":0,"event_name":"FaceTrader","floor":22,"gold_loss":0}],"is_beta":false,"boss_relics":[{"not_picked":["Black Blood","Tiny House"],"picked":"Snecko Eye"}],"items_purged_floors":[13],"is_endless":false,"potions_floor_spawned":[2,4,8,16,18,20],"killed_by":"Gremlin Leader","ascension_level":20}