{"gold_per_floor":[116,116,116,127,92,117,117,147,229,264,277,308,322,302,302,380,380,394,406,406,422,422,422,454,454,454,488,488,522,534,562,574,660,672,701,388,402,412,1411,1437,1437,1437,1437,1437,1448,1448,1483,1495,1495,1495,1495,1495,1495,656,689,689],"floor_reached":57,"playtime":2675,"items_purged":["Rampage","Double Tap"],"score":3757,"play_id":"b6bf1691-e17e-404a-b415-9975d7e80fd7","local_time":"20190408013459","is_ascension_mode":true,"campfire_choices":[{"data":"Armaments","floor":7.0,"key":"SMITH"},{"data":"Whirlwind","floor":15.0,"key":"SMITH"},{"data":"Shockwave","floor":23.0,"key":"SMITH"},{"data":"Entrench","floor":25.0,"key":"SMITH"},{"data":"Shrug It Off","floor":28.0,"key":"SMITH"},{"data":"Battle Trance","floor":32.0,"key":"SMITH"},{"data":"Entrench","floor":41.0,"key":"SMITH"},{"floor":44.0,"key":"RECALL"},{"data":"Entrench","floor":49.0,"key":"SMITH"},{"data":"True Grit","floor":53.0,"key":"SMITH"}],"neow_cost":"NONE","seed_source_timestamp":0,"circlet_count":0,"master_deck":["Sentinel","Warcry","Burning Pact","Shrug It Off+1","Entrench+1","Armaments+1","True Grit","Body Slam","Whirlwind+1","Feel No Pain+1","Shockwave+1","Battle Trance+1","True Grit+1","Shrug It Off+1","Inflame+1","Second Wind","Power Through","Barricade+1","Entrench+1","Entrench+1","Second Wind+1","Evolve+1","Impervious"],"special_seed":0,"relics":["Burning Blood","PreservedInsect","Frozen Egg 2","Champion Belt","Gremlin Horn","Red Skull","Sozu","Calipers","Gambling Chip","Happy Flower","Bag of Preparation","MawBank","Coffee Dripper","Omamori","Molten Egg 2","Juzu Bracelet","Blood Vial","Shuriken","HandDrill","Sundial"],"potions_floor_usage":[],"damage_taken":[{"damage":13.0,"enemies":"Jaw Worm","floor":1.0,"turns":4.0},{"damage":9.0,"enemies":"Small Slimes","floor":4.0,"turns":4.0},{"damage":10.0,"enemies":"Gremlin Nob","floor":6.0,"turns":3.0},{"damage":0.0,"enemies":"Lagavulin","floor":8.0,"turns":6.0},{"damage":0.0,"enemies":"Gremlin Nob","floor":10.0,"turns":3.0},{"damage":0.0,"enemies":"Cultist","floor":11.0,"turns":4.0},{"damage":0.0,"enemies":"Lagavulin","floor":12.0,"turns":3.0},{"damage":3.0,"enemies":"2 Fungi Beasts","floor":13.0,"turns":4.0},{"damage":0.0,"enemies":"Slime Boss","floor":16.0,"turns":7.0},{"damage":1.0,"enemies":"2 Thieves","floor":18.0,"turns":2.0},{"damage":7.0,"enemies":"Shell Parasite","floor":19.0,"turns":5.0},{"damage":13.0,"enemies":"Centurion and Healer","floor":21.0,"turns":6.0},{"damage":27.0,"enemies":"Slavers","floor":24.0,"turns":3.0},{"damage":0.0,"enemies":"Book of Stabbing","floor":27.0,"turns":6.0},{"damage":0.0,"enemies":"Gremlin Leader","floor":29.0,"turns":4.0},{"damage":0.0,"enemies":"Shelled Parasite and Fungi","floor":30.0,"turns":4.0},{"damage":0.0,"enemies":"Slavers","floor":31.0,"turns":1.0},{"damage":0.0,"enemies":"Automaton","floor":33.0,"turns":5.0},{"damage":0.0,"enemies":"3 Shapes","floor":35.0,"turns":1.0},{"damage":0.0,"enemies":"Orb Walker","floor":37.0,"turns":4.0},{"damage":0.0,"enemies":"4 Shapes","floor":38.0,"turns":10.0},{"damage":0.0,"enemies":"Reptomancer","floor":40.0,"turns":5.0},{"damage":17.0,"enemies":"Jaw Worm Horde","floor":45.0,"turns":4.0},{"damage":0.0,"enemies":"Nemesis","floor":47.0,"turns":5.0},{"damage":0.0,"enemies":"Maw","floor":48.0,"turns":4.0},{"damage":0.0,"enemies":"Donu and Deca","floor":50.0,"turns":6.0},{"damage":0.0,"enemies":"Time Eater","floor":51.0,"turns":5.0},{"damage":0.0,"enemies":"Shield and Spear","floor":55.0,"turns":5.0},{"damage":46,"enemies":"The Heart","floor":56,"turns":10}],"seed_played":"-18297229335434454","potions_obtained":[{"floor":1.0,"key":"Poison Potion"},{"floor":10.0,"key":"SteroidPotion"},{"floor":11.0,"key":"Swift Potion"},{"floor":12.0,"key":"Ancient Potion"},{"floor":16.0,"key":"Poison Potion"}],"is_trial":false,"path_per_floor":["M","?","T","M","?","E","R","E","T","E","M","E","M","?","R","B",null,"M","M","?","M","?","R","E","R","T","E","R","E","M","E","R","B",null,"M","$","M","M","?","E","R","?","T","R","M","?","E","M","R","B","B",null,"R","$","E","B",null],"character_chosen":"IRONCLAD","items_purchased":["Omamori","Entrench","Evolve+1","Blood Vial","Shuriken","HandDrill"],"campfire_rested":0,"item_purchase_floors":[36,36,54,54,54,54],"current_hp_per_floor":[65,65,65,66,83,79,79,87,87,87,91,95,98,98,98,102,102,102,104,72,69,69,69,51,51,51,57,57,63,73,79,79,85,112,118,118,121,125,125,128,128,128,128,128,121,142,142,142,142,142,142,142,142,142,142,102],"gold":689,"neow_bonus":"THREE_CARDS","is_prod":false,"is_daily":false,"chose_seed":false,"campfire_upgraded":9,"win_rate":0,"timestamp":1554654899,"path_taken":["M","?","?","M","?","E","R","E","T","E","M","E","M","?","R","BOSS","M","?","?","M","?","R","E","R","T","E","R","E","M","E","R","BOSS","M","$","M","M","?","E","R","?","T","R","?","?","E","M","R","BOSS","BOSS","R","$","E","BOSS"],"build_version":"2019-01-23","purchased_purges":2,"victory":true,"max_hp_per_floor":[79,79,79,83,83,83,83,87,87,87,91,95,98,98,98,102,102,102,105,110,114,114,114,117,117,117,117,117,117,121,121,121,121,121,121,121,121,125,125,128,128,128,128,128,132,142,142,142,142,142,142,142,142,142,142,142],"card_choices":[{"not_picked":["Perfected Strike","Body Slam"],"picked":"Whirlwind","floor":0.0},{"not_picked":["Heavy Blade","Whirlwind","Fire Breathing"],"picked":"SKIP","floor":1.0},{"not_picked":["Cleave","Flame Barrier","Whirlwind"],"picked":"SKIP","floor":4.0},{"not_picked":["Battle Trance","Anger"],"picked":"Feel No Pain","floor":6.0},{"not_picked":["Clash","Wild Strike","Iron Wave"],"picked":"SKIP","floor":8.0},{"not_picked":["Heavy Blade","Limit Break","Armaments"],"picked":"SKIP","floor":10.0},{"not_picked":["Bloodletting","Metallicize+1","Burning Pact"],"picked":"SKIP","floor":11.0},{"not_picked":["Clash","Rampage"],"picked":"Shockwave","floor":12.0},{"not_picked":["Perfected Strike","Second Wind"],"picked":"Battle Trance","floor":13.0},{"not_picked":["Immolate","Limit Break"],"picked":"Double Tap","floor":16.0},{"not_picked":["Pommel Strike","Power Through","Thunderclap"],"picked":"SKIP","floor":18.0},{"not_picked":["Pommel Strike","Wild Strike"],"picked":"True Grit","floor":19.0},{"not_picked":["Fire Breathing+1","Sever Soul"],"picked":"Shrug It Off+1","floor":21.0},{"not_picked":["Iron Wave","Heavy Blade"],"picked":"Second Wind","floor":24.0},{"not_picked":["Pommel Strike","Sentinel","Wild Strike+1"],"picked":"SKIP","floor":27.0},{"not_picked":["Armaments","Pommel Strike"],"picked":"Power Through","floor":29.0},{"not_picked":["Flex+1","Sword Boomerang","Perfected Strike"],"picked":"SKIP","floor":30.0},{"not_picked":["Bloodletting","Pommel Strike","Hemokinesis"],"picked":"SKIP","floor":31.0},{"not_picked":["Impervious","Offering"],"picked":"Barricade+1","floor":33.0},{"not_picked":["Body Slam","Combust+1","Wild Strike+1"],"picked":"SKIP","floor":35.0},{"not_picked":["Havoc","Shockwave+1","Flex"],"picked":"SKIP","floor":37.0},{"not_picked":["Perfected Strike","Cleave","True Grit"],"picked":"SKIP","floor":38.0},{"not_picked":["Burning Pact+1","Headbutt","Metallicize+1"],"picked":"SKIP","floor":40.0},{"not_picked":["Perfected Strike+1","Searing Blow+1"],"picked":"Entrench","floor":45.0},{"not_picked":["Twin Strike+1","Iron Wave+1","Perfected Strike+1"],"picked":"SKIP","floor":47.0},{"not_picked":["Shrug It Off","Clash+1"],"picked":"Second Wind+1","floor":48.0},{"not_picked":["Perfected Strike+1","Intimidate"],"picked":"Impervious","floor":55.0}],"player_experience":2963092,"relics_obtained":[{"floor":3.0,"key":"PreservedInsect"},{"floor":6.0,"key":"Frozen Egg 2"},{"floor":8.0,"key":"Champion Belt"},{"floor":9.0,"key":"Gremlin Horn"},{"floor":10.0,"key":"Red Skull"},{"floor":24.0,"key":"Calipers"},{"floor":26.0,"key":"Gambling Chip"},{"floor":27.0,"key":"Happy Flower"},{"floor":29.0,"key":"Bag of Preparation"},{"floor":31.0,"key":"MawBank"},{"floor":40.0,"key":"Molten Egg 2"},{"floor":47.0,"key":"Juzu Bracelet"},{"floor":55.0,"key":"Sundial"}],"event_choices":[{"damage_healed":0.0,"max_hp_gain":0.0,"max_hp_loss":0.0,"gold_gain":0.0,"event_name":"Liars Game","player_choice":"Ignored","floor":2.0,"gold_loss":0.0,"damage_taken":0.0},{"damage_healed":20.0,"max_hp_gain":0.0,"max_hp_loss":0.0,"gold_gain":0.0,"event_name":"The Cleric","player_choice":"Healed","floor":5.0,"gold_loss":35.0,"damage_taken":0.0},{"damage_healed":0.0,"max_hp_gain":0.0,"max_hp_loss":0.0,"gold_gain":0.0,"event_name":"The Woman in Blue","player_choice":"Bought 1 Potion","floor":14.0,"gold_loss":0.0,"damage_taken":0.0},{"damage_healed":0.0,"max_hp_gain":5.0,"max_hp_loss":0.0,"gold_gain":0.0,"event_name":"Forgotten Altar","player_choice":"Shed Blood","floor":20.0,"gold_loss":0.0,"damage_taken":37.0},{"damage_healed":0.0,"max_hp_gain":0.0,"max_hp_loss":0.0,"gold_gain":0.0,"event_name":"The Library","player_choice":"Read","floor":22.0,"gold_loss":0.0,"damage_taken":0.0,"cards_obtained":["Inflame"]},{"damage_healed":0.0,"max_hp_gain":0.0,"max_hp_loss":0.0,"gold_gain":999.0,"event_name":"MindBloom","player_choice":"Gold","floor":39.0,"gold_loss":0.0,"damage_taken":0.0,"cards_obtained":["Normality","Normality"]},{"damage_healed":0.0,"max_hp_gain":0.0,"max_hp_loss":0.0,"gold_gain":0.0,"event_name":"SecretPortal","player_choice":"Ignored","floor":42.0,"gold_loss":0.0,"damage_taken":0.0},{"cards_removed":["Feed"],"damage_healed":11.0,"max_hp_gain":10.0,"max_hp_loss":0.0,"gold_gain":0.0,"event_name":"Bonfire Elementals","player_choice":"Offered Rare","floor":46.0,"gold_loss":0.0,"damage_taken":0.0}],"is_beta":false,"boss_relics":[{"not_picked":["Pandora\u0027s Box","Runic Pyramid"],"picked":"Sozu"},{"not_picked":["Cursed Key","Philosopher\u0027s Stone"],"picked":"Coffee Dripper"}],"items_purged_floors":[36,54],"is_endless":false,"potions_floor_spawned":[1,10,11,12,16,21,27,29,30,33,37,38],"ascension_level":20}