{"gold_per_floor":[118,2,2,2,19,49,49,68,68,99,99,127,153,153,153,229,229,249,174,174,190,205,205,234,234,258,258,285,0,29,29,29,102,152,170,1169,526,526,173,173,207,207,207,221,253,253,266,277,277,277,277,277,277,8,34,34],"floor_reached":57,"playtime":3051,"items_purged":["Normality","Normality"],"score":3435,"play_id":"f3da6fce-9720-4450-9abc-a4c5a1f57175","local_time":"20190225144409","is_ascension_mode":true,"campfire_choices":[{"data":"Consume","floor":7,"key":"SMITH"},{"data":"Capacitor","floor":11,"key":"SMITH"},{"data":"Electrodynamics","floor":15,"key":"SMITH"},{"data":"Fission","floor":23,"key":"SMITH"},{"data":"Defragment","floor":25,"key":"SMITH"},{"data":"Blizzard","floor":32,"key":"SMITH"},{"data":"Defragment","floor":40,"key":"SMITH"},{"data":"Creative AI","floor":42,"key":"SMITH"},{"data":"Seek","floor":46,"key":"SMITH"},{"floor":49,"key":"RECALL"},{"data":"Seek","floor":53,"key":"SMITH"}],"neow_cost":"NONE","seed_source_timestamp":439766016192300,"circlet_count":0,"master_deck":["AscendersBane","Zap","Dualcast","Cold Snap","Cold Snap","Capacitor+1","Echo Form","Chill","Consume+1","Coolheaded","Electrodynamics+1","Fission+1","Echo Form+1","Gash+1","Blizzard+1","Bite","Bite","Bite","Bite","Bite","Defragment+1","Coolheaded+1","Ghostly","Ghostly+1","Ghostly","Gash","Cold Snap+1","Seek+1","Coolheaded","Defragment+1","Master of Strategy","Coolheaded","Blizzard","Creative AI+1","Hologram+1","Seek+1","Defragment+1"],"relics":["Philosopher\u0027s Stone","Question Card","Cables","Orichalcum","Pear","Odd Mushroom","Happy Flower","Astrolabe","Bird Faced Urn","Lantern","War Paint","Dodecahedron","Centennial Puzzle","Tiny House","Medical Kit","Bag of Preparation","Dream Catcher","Potion Belt","ClockworkSouvenir","Oddly Smooth Stone"],"potions_floor_usage":[6,12,22,41,51,56,56,56],"damage_taken":[{"damage":0,"enemies":"Jaw Worm","floor":1,"turns":3},{"damage":15,"enemies":"Small Slimes","floor":5,"turns":4},{"damage":5,"enemies":"Lagavulin","floor":6,"turns":7},{"damage":1,"enemies":"Cultist","floor":8,"turns":4},{"damage":11,"enemies":"Gremlin Nob","floor":10,"turns":6},{"damage":5,"enemies":"3 Sentries","floor":12,"turns":9},{"damage":0,"enemies":"The Mushroom Lair","floor":13,"turns":2},{"damage":0,"enemies":"Slime Boss","floor":16,"turns":6},{"damage":16,"enemies":"Shell Parasite","floor":18,"turns":6},{"damage":0,"enemies":"Spheric Guardian","floor":21,"turns":5},{"damage":15,"enemies":"3 Cultists","floor":22,"turns":3},{"damage":43,"enemies":"Book of Stabbing","floor":24,"turns":7},{"damage":0,"enemies":"Slavers","floor":28,"turns":4},{"damage":0,"enemies":"Book of Stabbing","floor":30,"turns":5},{"damage":0,"enemies":"Collector","floor":33,"turns":6},{"damage":0,"enemies":"3 Darklings","floor":35,"turns":3},{"damage":0,"enemies":"Reptomancer","floor":41,"turns":5},{"damage":0,"enemies":"3 Shapes","floor":44,"turns":2},{"damage":0,"enemies":"Nemesis","floor":45,"turns":7},{"damage":0,"enemies":"Writhing Mass","floor":47,"turns":6},{"damage":0,"enemies":"4 Shapes","floor":48,"turns":2},{"damage":0,"enemies":"Time Eater","floor":50,"turns":12},{"damage":6,"enemies":"Awakened One","floor":51,"turns":12},{"damage":0,"enemies":"Shield and Spear","floor":55,"turns":6},{"damage":65,"enemies":"The Heart","floor":56,"turns":14}],"seed_played":"2117505161162723939","potions_obtained":[{"floor":4,"key":"Explosive Potion"},{"floor":4,"key":"Explosive Potion"},{"floor":8,"key":"Regen Potion"},{"floor":21,"key":"Dexterity Potion"},{"floor":22,"key":"Energy Potion"},{"floor":41,"key":"Energy Potion"},{"floor":44,"key":"SkillPotion"},{"floor":47,"key":"PowerPotion"},{"floor":55,"key":"Poison Potion"}],"is_trial":false,"path_per_floor":["M","$","?","?","M","E","R","M","T","E","R","E","?","?","R","B",null,"M","?","?","M","M","R","E","R","T","?","E","$","E","?","R","B",null,"M","?","$","?","$","R","E","R","T","M","E","R","M","M","R","B","B",null,"R","$","E","B",null],"character_chosen":"DEFECT","items_purchased":["Cold Snap","Capacitor","Dodecahedron","Defragment","Master of Strategy","Medical Kit","Coolheaded","Bag of Preparation","Blizzard","ClockworkSouvenir","SteroidPotion"],"campfire_rested":0,"item_purchase_floors":[2,2,29,37,37,37,37,39,39,54,54],"current_hp_per_floor":[64,64,64,64,49,44,44,43,43,32,32,52,52,34,34,34,69,53,53,53,56,41,41,20,20,20,20,24,24,28,28,28,28,33,33,33,33,31,31,31,31,31,31,31,31,31,31,31,31,31,31,31,31,31,31,31],"gold":34,"neow_bonus":"BOSS_RELIC","is_prod":false,"is_daily":false,"chose_seed":false,"campfire_upgraded":10,"win_rate":0,"timestamp":1551073449,"path_taken":["M","$","?","?","?","E","R","M","T","E","R","E","?","?","R","BOSS","M","?","?","M","M","R","E","R","T","?","E","$","E","?","R","BOSS","M","?","$","?","$","R","E","R","T","M","E","R","M","M","R","BOSS","BOSS","R","$","E","BOSS"],"build_version":"2019-01-23","purchased_purges":2,"victory":true,"max_hp_per_floor":[71,71,71,71,71,71,71,71,71,71,71,81,81,81,81,81,81,81,81,56,56,56,56,56,56,56,28,28,28,28,28,28,28,33,33,33,33,31,31,31,31,31,31,31,31,31,31,31,31,31,31,31,31,31,31,31],"card_choices":[{"not_picked":["Ball Lightning","Leap"],"picked":"Cold Snap","floor":1},{"not_picked":["Meteor Strike","Beam Cell"],"picked":"Chill","floor":5},{"not_picked":["Conserve Battery","Cold Snap"],"picked":"Consume","floor":6},{"not_picked":["Leap","Stack","Turbo"],"picked":"Coolheaded","floor":8},{"not_picked":["Sweeping Beam","Steam","Go for the Eyes","Aggregate"],"picked":"SKIP","floor":10},{"not_picked":["Rip and Tear","Gash","Turbo"],"picked":"Electrodynamics","floor":12},{"not_picked":["Buffer","Multi-Cast","Machine Learning"],"picked":"Fission","floor":16},{"not_picked":["Go for the Eyes","Chaos","Barrage"],"picked":"Blizzard","floor":18},{"not_picked":["Redo","Gash","Stack"],"picked":"Defragment","floor":21},{"not_picked":["Rebound","Stack","Fusion"],"picked":"Coolheaded","floor":22},{"not_picked":["Machine Learning","Genetic Algorithm","Hologram","Melter"],"picked":"SKIP","floor":24},{"not_picked":["Streamline+1","Consume","Double Energy"],"picked":"Gash","floor":28},{"not_picked":["Beam Cell+1","Go for the Eyes","Turbo+1"],"picked":"Cold Snap","floor":30},{"not_picked":["Amplify","Electrodynamics","Hyperbeam"],"picked":"Seek","floor":33},{"not_picked":["Streamline","Gash","Turbo"],"picked":"Coolheaded","floor":34},{"not_picked":["Turbo","Beam Cell","Ball Lightning+1","Go for the Eyes"],"picked":"SKIP","floor":35},{"not_picked":["Turbo","Melter","Undo"],"picked":"Creative AI","floor":41},{"not_picked":["Genetic Algorithm","Compile Driver","Leap"],"picked":"Hologram+1","floor":44},{"not_picked":["Undo","Sunder","Double Energy"],"picked":"Seek","floor":45},{"not_picked":["Streamline","Cold Snap","Skim"],"picked":"Defragment+1","floor":47},{"not_picked":["Hologram","Conserve Battery","Self Repair","Heatsinks+1"],"picked":"SKIP","floor":48},{"not_picked":["Hologram","Conserve Battery","Self Repair","Heatsinks+1"],"picked":"SKIP","floor":48},{"not_picked":["Darkness","Sweeping Beam","Beam Cell+1","Aggregate"],"picked":"SKIP","floor":55}],"player_experience":1812333,"relics_obtained":[{"floor":6,"key":"Question Card"},{"floor":9,"key":"Cables"},{"floor":10,"key":"Orichalcum"},{"floor":12,"key":"Pear"},{"floor":13,"key":"Odd Mushroom"},{"floor":24,"key":"Bird Faced Urn"},{"floor":26,"key":"Lantern"},{"floor":28,"key":"War Paint"},{"floor":30,"key":"Centennial Puzzle"},{"floor":41,"key":"Dream Catcher"},{"floor":45,"key":"Potion Belt"},{"floor":55,"key":"Oddly Smooth Stone"}],"event_choices":[{"damage_healed":0,"gold_gain":0,"cards_transformed":["Defend_B"],"player_choice":"Change","damage_taken":0,"max_hp_gain":0,"max_hp_loss":0,"event_name":"Living Wall","floor":3,"gold_loss":0,"cards_obtained":["Echo Form"]},{"damage_healed":0,"gold_gain":0,"player_choice":"Got Potions","damage_taken":0,"max_hp_gain":0,"max_hp_loss":0,"event_name":"Lab","floor":4,"gold_loss":0},{"damage_healed":0,"gold_gain":0,"player_choice":"Fought Mushrooms","damage_taken":0,"max_hp_gain":0,"max_hp_loss":0,"event_name":"Mushrooms","floor":13,"gold_loss":0},{"damage_healed":0,"gold_gain":0,"player_choice":"Success","damage_taken":18,"relics_obtained":["Happy Flower"],"max_hp_gain":0,"max_hp_loss":0,"event_name":"Scrap Ooze","floor":14,"gold_loss":0},{"cards_removed":["Strike_B"],"damage_healed":0,"gold_gain":0,"player_choice":"Gave Gold","damage_taken":0,"max_hp_gain":0,"max_hp_loss":0,"event_name":"Beggar","floor":19,"gold_loss":75},{"damage_healed":0,"gold_gain":0,"player_choice":"Became a vampire","damage_taken":0,"max_hp_gain":0,"max_hp_loss":25,"event_name":"Vampires","floor":20,"gold_loss":0,"cards_obtained":["Bite","Bite","Bite","Bite","Bite"]},{"damage_healed":0,"gold_gain":0,"player_choice":"Became a Ghost","damage_taken":0,"max_hp_gain":0,"max_hp_loss":28,"event_name":"Ghosts","floor":27,"gold_loss":0,"cards_obtained":["Ghostly","Ghostly","Ghostly"]},{"cards_removed":["Auto Shields"],"damage_healed":0,"gold_gain":0,"player_choice":"Elegance","damage_taken":0,"max_hp_gain":0,"max_hp_loss":0,"event_name":"Back to Basics","floor":31,"gold_loss":0},{"damage_healed":0,"gold_gain":999,"player_choice":"Gold","damage_taken":0,"max_hp_gain":0,"max_hp_loss":0,"event_name":"MindBloom","floor":36,"gold_loss":0,"cards_obtained":["Normality","Normality"]},{"damage_healed":0,"gold_gain":0,"player_choice":"Max HP","damage_taken":0,"max_hp_gain":0,"max_hp_loss":2,"event_name":"Winding Halls","floor":38,"gold_loss":0}],"is_beta":false,"boss_relics":[{"not_picked":["Fusion Hammer","Ectoplasm"],"picked":"Astrolabe"},{"not_picked":["Eternal Feather","Busted Crown"],"picked":"Tiny House"}],"items_purged_floors":[37,39],"is_endless":false,"potions_floor_spawned":[5,8,21,22,28,41,44,47,55],"ascension_level":20}