{"gold_per_floor":[109,122,122,122,132,162,162,172,223,223,236,261,261,43,43,119,119,136,136,150,120,13,13,23,23],"floor_reached":25,"playtime":545,"items_purged":[],"score":422,"play_id":"3e5f9cd4-331e-4385-89fa-fc0abd0099d7","local_time":"20190314145036","is_ascension_mode":true,"campfire_choices":[{"floor":7,"key":"REST"},{"data":"Immolate","floor":10,"key":"SMITH"},{"floor":13,"key":"REST"},{"data":"Disarm","floor":15,"key":"SMITH"},{"data":"Discovery","floor":23,"key":"SMITH"}],"neow_cost":"NONE","seed_source_timestamp":16917209341999,"circlet_count":0,"master_deck":["AscendersBane","Strike_R","Strike_R","Defend_R","Defend_R","Defend_R","Defend_R","Bash","True Grit","Immolate+1","Power Through","Disarm+1","Immolate","Seeing Red","Discovery+1","Seeing Red"],"relics":["Sozu","Gremlin Horn","Bag of Preparation","Pen Nib","Regal Pillow","Brimstone","Empty Cage","Nilry\u0027s Codex"],"potions_floor_usage":[],"damage_taken":[{"damage":3,"enemies":"2 Louse","floor":1,"turns":4},{"damage":7,"enemies":"Small Slimes","floor":2,"turns":3},{"damage":0,"enemies":"Cultist","floor":5,"turns":3},{"damage":51,"enemies":"3 Sentries","floor":6,"turns":14},{"damage":12,"enemies":"Exordium Thugs","floor":8,"turns":3},{"damage":0,"enemies":"2 Fungi Beasts","floor":11,"turns":1},{"damage":11,"enemies":"Lagavulin","floor":12,"turns":7},{"damage":36,"enemies":"Hexaghost","floor":16,"turns":7},{"damage":32,"enemies":"Shell Parasite","floor":18,"turns":4},{"damage":0,"enemies":"3 Byrds","floor":20,"turns":2},{"damage":0,"enemies":"Centurion and Healer","floor":24,"turns":1},{"damage":1,"enemies":"Book of Stabbing","floor":25,"turns":2}],"seed_played":"4630835388423473292","potions_obtained":[],"is_trial":false,"path_per_floor":["M","M","?","?","M","E","R","M","T","R","M","E","R","$","R","B",null,"M","?","M","?","$","R","M","E"],"character_chosen":"IRONCLAD","items_purchased":["Brimstone","Discovery"],"campfire_rested":2,"item_purchase_floors":[14,22],"current_hp_per_floor":[65,58,58,53,53,2,24,12,12,12,12,1,38,38,38,2,57,25,4,4,4,4,4,4,3],"gold":23,"neow_bonus":"BOSS_RELIC","is_prod":false,"is_daily":false,"chose_seed":false,"campfire_upgraded":3,"win_rate":0,"timestamp":1552542636,"path_taken":["M","M","?","?","M","E","R","M","T","R","M","E","R","$","R","BOSS","M","?","M","?","$","R","?","E"],"build_version":"2019-01-23","purchased_purges":0,"victory":false,"max_hp_per_floor":[75,75,75,75,75,75,75,75,75,75,75,75,75,75,75,75,75,75,75,75,75,75,75,75,75],"card_choices":[{"not_picked":["Thunderclap","Hemokinesis","Twin Strike"],"picked":"SKIP","floor":1},{"not_picked":["Warcry","Thunderclap","Searing Blow"],"picked":"SKIP","floor":2},{"not_picked":["Heavy Blade","Fire Breathing"],"picked":"True Grit","floor":5},{"not_picked":["Disarm","Reaper"],"picked":"Immolate","floor":6},{"not_picked":["Blood for Blood","Havoc"],"picked":"Power Through","floor":8},{"not_picked":["Twin Strike","Wild Strike"],"picked":"Disarm","floor":11},{"not_picked":["Clothesline","Iron Wave","Wild Strike"],"picked":"SKIP","floor":12},{"not_picked":["Exhume","Demon Form"],"picked":"Immolate","floor":16},{"not_picked":["Sever Soul","Flex"],"picked":"Seeing Red","floor":18},{"not_picked":["Carnage","Rampage","Headbutt"],"picked":"SKIP","floor":20},{"not_picked":["Heavy Blade","Flex"],"picked":"Seeing Red","floor":24}],"player_experience":2266983,"relics_obtained":[{"floor":6,"key":"Bag of Preparation"},{"floor":9,"key":"Pen Nib"},{"floor":12,"key":"Regal Pillow"},{"floor":19,"key":"Nilry\u0027s Codex"}],"event_choices":[{"cards_removed":["Strike_R"],"damage_healed":0,"gold_gain":0,"player_choice":"Forget","damage_taken":0,"max_hp_gain":0,"max_hp_loss":0,"event_name":"Living Wall","floor":3,"gold_loss":0},{"damage_healed":0,"gold_gain":0,"player_choice":"Success","damage_taken":5,"relics_obtained":["Gremlin Horn"],"max_hp_gain":0,"max_hp_loss":0,"event_name":"Scrap Ooze","floor":4,"gold_loss":0},{"damage_healed":0,"gold_gain":0,"player_choice":"Obtained Book","damage_taken":21,"max_hp_gain":0,"max_hp_loss":0,"event_name":"Cursed Tome","floor":19,"gold_loss":0},{"damage_healed":0,"gold_gain":0,"player_choice":"Bought 2 Potions","damage_taken":0,"max_hp_gain":0,"max_hp_loss":0,"event_name":"The Woman in Blue","floor":21,"gold_loss":0}],"is_beta":false,"boss_relics":[{"not_picked":["Tiny House","Fusion Hammer"],"picked":"Empty Cage"}],"items_purged_floors":[],"is_endless":false,"potions_floor_spawned":[2,8,11,20,24],"killed_by":"Book of Stabbing","ascension_level":20}