{"gold_per_floor":[116,116,116,58,58,58,84,9,34,53,84,84,84],"floor_reached":13,"playtime":168,"items_purged":["Strike_R"],"score":228,"play_id":"1cc2df11-134b-41f9-b241-5506874eba2d","local_time":"20190319190519","is_ascension_mode":true,"campfire_choices":[{"data":"True Grit","floor":6,"key":"SMITH"},{"floor":12,"key":"REST"}],"neow_cost":"NONE","seed_source_timestamp":1904817253900,"circlet_count":0,"master_deck":["AscendersBane","Strike_R+1","Strike_R","Strike_R","Strike_R","Defend_R","Defend_R","Defend_R+1","Defend_R","Bash","True Grit+1","Feel No Pain"],"relics":["Burning Blood","NeowsBlessing","Anchor","Paper Frog","Question Card","Calipers"],"potions_floor_usage":[11],"damage_taken":[{"damage":0,"enemies":"Cultist","floor":1,"turns":1},{"damage":0,"enemies":"3 Sentries","floor":7,"turns":2},{"damage":0,"enemies":"Jaw Worm","floor":10,"turns":1},{"damage":30,"enemies":"Lagavulin","floor":11,"turns":7},{"damage":21,"enemies":"Gremlin Nob","floor":13,"turns":4}],"seed_played":"-5074484140312661135","potions_obtained":[{"floor":7,"key":"Weak Potion"}],"is_trial":false,"path_per_floor":["M","?","T","$","?","R","E","$","T","M","E","R","E"],"character_chosen":"IRONCLAD","items_purchased":["True Grit"],"campfire_rested":1,"item_purchase_floors":[4],"current_hp_per_floor":[74,48,48,48,25,25,31,31,31,37,13,35,14],"gold":84,"neow_bonus":"THREE_ENEMY_KILL","is_prod":false,"is_daily":false,"chose_seed":false,"campfire_upgraded":1,"win_rate":0,"timestamp":1552989919,"path_taken":["M","?","?","$","?","R","E","?","T","?","E","R","E"],"build_version":"2019-01-23","purchased_purges":1,"victory":false,"max_hp_per_floor":[75,75,75,75,75,75,75,75,75,75,75,75,75],"card_choices":[{"not_picked":["Clash","Wild Strike","Hemokinesis"],"picked":"SKIP","floor":1},{"not_picked":["Uppercut","Clash","Sword Boomerang"],"picked":"SKIP","floor":7},{"not_picked":["Ghostly Armor","Heavy Blade","Havoc","Warcry"],"picked":"SKIP","floor":10},{"not_picked":["Flex","Combust","Anger"],"picked":"Feel No Pain","floor":11}],"player_experience":2378031,"relics_obtained":[{"floor":3,"key":"Paper Frog"},{"floor":7,"key":"Question Card"},{"floor":11,"key":"Calipers"}],"event_choices":[{"damage_healed":0,"gold_gain":0,"player_choice":"Success","damage_taken":26,"relics_obtained":["Anchor"],"max_hp_gain":0,"max_hp_loss":0,"event_name":"Scrap Ooze","floor":2,"gold_loss":0},{"damage_healed":0,"gold_gain":0,"player_choice":"Entered Light","damage_taken":23,"max_hp_gain":0,"max_hp_loss":0,"event_name":"Shining Light","floor":5,"gold_loss":0,"cards_upgraded":["Defend_R","Strike_R"]}],"is_beta":false,"boss_relics":[],"items_purged_floors":[8],"is_endless":false,"potions_floor_spawned":[7],"killed_by":"Gremlin Nob","ascension_level":20}