{"path_per_floor":["M","M","M","?","M","R","M","$","T","E","$","M","R","?","R","B",null,"M","M","?","M","?","R","E","M","T","?","M","E","R","E","R","B",null,"M","?","M","?","M"],"character_chosen":"IRONCLAD","items_purchased":["Toolbox"],"gold_per_floor":[215,225,240,240,257,257,274,274,274,309,66,84,84,84,84,185,185,200,211,211,228,228,228,253,266,266,266,279,310,310,370,370,472,472,490,538,551,551,568,568],"floor_reached":40,"campfire_rested":5,"playtime":2006,"current_hp_per_floor":[72,78,80,73,69,69,59,59,59,36,36,42,66,66,80,74,79,60,62,62,50,50,80,41,34,34,34,31,29,63,44,78,49,78,68,34,37,80,73,0],"items_purged":[],"gold":568,"score":605,"play_id":"212bbfea-2a1a-4079-9408-6a7c2758c2a3","local_time":"20180512142644","is_prod":false,"is_daily":false,"chose_seed":false,"is_ascension_mode":true,"campfire_upgraded":1,"timestamp":1526124404,"path_taken":["M","M","M","?","M","R","M","$","T","E","$","M","R","?","R","BOSS","M","M","?","M","?","R","E","M","T","?","M","E","R","E","R","BOSS","M","?","M","?","M","E"],"build_version":"2018-05-10","seed_source_timestamp":60307218092944,"purchased_purges":0,"victory":false,"master_deck":["Strike_R","Strike_R","Strike_R+1","Strike_R","Strike_R+1","Defend_R","Defend_R","Bash","Anger+1","Burning Pact","Spot Weakness+1","Seeing Red","Anger","Offering","Clash","Clash","Dual Wield","Clash","Fire Breathing+1","Rupture+1","Iron Wave+1","Offering","Flex+1","Dropkick+1","Bloodletting+1","Infernal Blade+1"],"max_hp_per_floor":[80,80,80,80,80,80,80,80,80,80,80,80,80,80,80,80,80,80,80,80,80,80,80,80,80,80,80,80,87,87,87,87,87,87,92,92,92,80,80,80],"relics":["Black Blood","Frozen Egg 2","Shuriken","Toolbox","Eternal Feather","Letter Opener","Whetstone","Meat on the Bone","Strawberry","Tiny Chest","Thread and Needle"],"card_choices":[{"not_picked":["Rupture","Perfected Strike"],"picked":"Anger","floor":1},{"not_picked":["Bloodletting","Twin Strike"],"picked":"Burning Pact","floor":2},{"not_picked":["Pummel","Headbutt"],"picked":"Spot Weakness","floor":5},{"not_picked":["Immolate","Armaments"],"picked":"Seeing Red","floor":7},{"not_picked":["Thunderclap","Metallicize"],"picked":"Anger","floor":10},{"not_picked":["Exhume","Juggernaut"],"picked":"Offering","floor":16},{"not_picked":["Heavy Blade","Shrug It Off"],"picked":"Clash","floor":18},{"not_picked":["Disarm","Cleave"],"picked":"Clash","floor":19},{"not_picked":["Intimidate","Heavy Blade"],"picked":"Dual Wield","floor":21},{"not_picked":["Warcry","Armaments"],"picked":"Clash","floor":25},{"not_picked":["Clothesline","Searing Blow"],"picked":"Fire Breathing","floor":28},{"not_picked":["Flame Barrier","Thunderclap"],"picked":"Rupture","floor":29},{"not_picked":["Perfected Strike","Reckless Charge"],"picked":"Iron Wave","floor":31},{"not_picked":["Demon Form","Barricade"],"picked":"Offering","floor":33},{"not_picked":["Intimidate","Headbutt"],"picked":"Flex","floor":35},{"not_picked":["Feel No Pain","Hemokinesis"],"picked":"Dropkick","floor":36},{"not_picked":["Clothesline","Inflame"],"picked":"Bloodletting","floor":37},{"not_picked":["Twin Strike","Warcry"],"picked":"Infernal Blade","floor":39}],"player_experience":409380,"potions_floor_usage":[10,16,16,21,25,28,33,35,36,39],"damage_taken":[{"damage":6,"enemies":"Cultist","floor":1,"turns":4},{"damage":0,"enemies":"2 Louse","floor":2,"turns":3},{"damage":4,"enemies":"Small Slimes","floor":3,"turns":4},{"damage":10,"enemies":"2 Fungi Beasts","floor":5,"turns":3},{"damage":16,"enemies":"Lots of Slimes","floor":7,"turns":4},{"damage":29,"enemies":"3 Sentries","floor":10,"turns":7},{"damage":0,"enemies":"Exordium Thugs","floor":12,"turns":2},{"damage":12,"enemies":"Hexaghost","floor":16,"turns":7},{"damage":25,"enemies":"Shell Parasite","floor":18,"turns":3},{"damage":4,"enemies":"Spheric Guardian","floor":19,"turns":2},{"damage":18,"enemies":"Snake Plant","floor":21,"turns":2},{"damage":45,"enemies":"Slavers","floor":24,"turns":4},{"damage":13,"enemies":"Chosen and Byrds","floor":25,"turns":3},{"damage":21,"enemies":"3 Cultists","floor":28,"turns":4},{"damage":27,"enemies":"Gremlin Leader","floor":29,"turns":2},{"damage":37,"enemies":"Book of Stabbing","floor":31,"turns":3},{"damage":55,"enemies":"Collector","floor":33,"turns":6},{"damage":37,"enemies":"3 Darklings","floor":35,"turns":3},{"damage":56,"enemies":"Mysterious Sphere","floor":36,"turns":4},{"damage":19,"enemies":"3 Shapes","floor":37,"turns":3},{"damage":17,"enemies":"Sphere and 2 Shapes","floor":39,"turns":3},{"damage":91,"enemies":"Nemesis","floor":40,"turns":4}],"event_choices":[{"event_name":"Golden Wing","player_choice":"Card Removal","floor":4,"damage_taken":0},{"event_name":"Living Wall","player_choice":"Grow","floor":14,"damage_taken":0},{"event_name":"The Mausoleum","player_choice":"Yes","floor":20,"damage_taken":0},{"event_name":"Ghosts","player_choice":"Ignored","floor":22,"damage_taken":0},{"event_name":"Back to Basics","player_choice":"Elegance","floor":27,"damage_taken":0},{"event_name":"Mysterious Sphere","player_choice":"Fight","floor":36,"damage_taken":0},{"event_name":"The Moai Head","player_choice":"Heal","floor":38,"damage_taken":0}],"boss_relics":[{"not_picked":["Lizard Tail","Velvet Choker"],"picked":"Eternal Feather"},{"not_picked":["Tiny House","Black Star"],"picked":"Black Blood"}],"potions_floor_spawned":[1,10,12,18,24,25,31,33,35,36,39],"seed_played":"-6580441600323626470","killed_by":"Nemesis","ascension_level":7,"is_trial":false}