{"gold_per_floor":[110,385,398,414,414,414,427,427,451,471,471,530,48,48,48,125,125,140,140,159,59,69,69,69,84,84,84,99,99,99,99,99,173,173,190,208,308,308,325,325,351,351,351,382,382,382,325,325,325,325,325],"floor_reached":51,"playtime":2258,"items_purged":["Regret","Decay"],"score":1477,"play_id":"73bf22e4-0b95-41c9-81d1-07cdc6a61f65","local_time":"20190408232813","is_ascension_mode":true,"campfire_choices":[{"data":"Consume","floor":6.0,"key":"SMITH"},{"data":"Electrodynamics","floor":15.0,"key":"SMITH"},{"floor":23.0,"key":"REST"},{"data":"Fission","floor":27.0,"key":"SMITH"},{"data":"Blizzard","floor":30.0,"key":"SMITH"},{"floor":32.0,"key":"REST"},{"floor":40.0,"key":"REST"},{"data":"Chill","floor":42.0,"key":"SMITH"},{"floor":46,"key":"RECALL"},{"data":"Seek","floor":49,"key":"SMITH"}],"neow_cost":"NONE","seed_source_timestamp":161908563789800,"circlet_count":0,"master_deck":["AscendersBane","Strike_B","Strike_B","Strike_B","Defend_B","Defend_B","Defend_B","Defend_B","Zap","Dualcast","Coolheaded","Consume+1","Cold Snap","Electrodynamics+1","Turbo","Chill+1","Cold Snap","Capacitor","Blizzard+1","Fission+1","Glacier","Redo+1","Ghostly","Ghostly","Ghostly","Hologram","Chill","Seek+1","Blizzard+1"],"special_seed":0,"relics":["Cracked Core","NeowsBlessing","Omamori","Tiny Chest","Lee\u0027s Waffle","Inserter","Enchiridion","Bottled Tornado","Matryoshka","Bag of Preparation","Molten Egg 2","Black Star","Thread and Needle","Bronze Scales","Blood Vial","Pantograph","Singing Bowl","Ornamental Fan","Frozen Egg 2"],"potions_floor_usage":[],"damage_taken":[{"damage":0.0,"enemies":"Jaw Worm","floor":1.0,"turns":1.0},{"damage":0.0,"enemies":"Cultist","floor":3.0,"turns":1.0},{"damage":0.0,"enemies":"2 Louse","floor":4.0,"turns":1.0},{"damage":16.0,"enemies":"Large Slime","floor":7.0,"turns":8.0},{"damage":0.0,"enemies":"Lots of Slimes","floor":10.0,"turns":1.0},{"damage":34.0,"enemies":"Gremlin Nob","floor":12.0,"turns":3.0},{"damage":35.0,"enemies":"Slime Boss","floor":16.0,"turns":8.0},{"damage":6.0,"enemies":"Shell Parasite","floor":18.0,"turns":8.0},{"damage":15.0,"enemies":"3 Byrds","floor":20.0,"turns":4.0},{"damage":19.0,"enemies":"Snake Plant","floor":22.0,"turns":5.0},{"damage":2.0,"enemies":"Centurion and Healer","floor":25.0,"turns":4.0},{"damage":10.0,"enemies":"Shelled Parasite and Fungi","floor":28.0,"turns":8.0},{"damage":0.0,"enemies":"Automaton","floor":33.0,"turns":12.0},{"damage":12.0,"enemies":"Orb Walker","floor":35.0,"turns":5.0},{"damage":1.0,"enemies":"3 Shapes","floor":36.0,"turns":2.0},{"damage":0.0,"enemies":"Mind Bloom Boss Battle","floor":37.0,"turns":8.0},{"damage":34.0,"enemies":"Maw","floor":39.0,"turns":12.0},{"damage":9.0,"enemies":"Reptomancer","floor":41.0,"turns":9.0},{"damage":6,"enemies":"Giant Head","floor":44,"turns":19},{"damage":16,"enemies":"Donu and Deca","floor":50,"turns":11},{"damage":46,"enemies":"Time Eater","floor":51,"turns":8}],"seed_played":"4747088805695790254","potions_obtained":[{"floor":7.0,"key":"PowerPotion"},{"floor":10.0,"key":"Poison Potion"},{"floor":16.0,"key":"FairyPotion"},{"floor":18.0,"key":"Explosive Potion"},{"floor":22.0,"key":"SteroidPotion"},{"floor":33.0,"key":"Regen Potion"},{"floor":39.0,"key":"FearPotion"}],"is_trial":false,"path_per_floor":["M","?","M","M","?","R","M","?","T","M","?","E","$","T","R","B",null,"M","?","M","$","M","R","?","M","T","R","M","?","R","T","R","B",null,"M","M","?","?","M","R","E","R","T","E","?","R","$","T","R","B","B"],"character_chosen":"DEFECT","items_purchased":["Lee\u0027s Waffle","Cold Snap","Capacitor","Blizzard","Energy Potion"],"campfire_rested":3,"item_purchase_floors":[13,13,13,13,47],"current_hp_per_floor":[64,64,64,64,64,64,48,48,48,48,44,10,78,78,78,43,69,63,42,27,27,8,31,31,29,29,29,19,19,19,19,30,30,37,25,24,24,24,3,14,20,20,20,16,16,16,16,16,16,23,0],"gold":325,"neow_bonus":"THREE_ENEMY_KILL","is_prod":false,"is_daily":false,"chose_seed":false,"campfire_upgraded":6,"win_rate":0,"timestamp":1554733693,"path_taken":["M","?","M","?","?","R","M","?","T","?","?","E","$","?","R","BOSS","M","?","M","$","M","R","?","?","T","R","M","?","R","?","R","BOSS","M","M","?","?","M","R","E","R","T","E","?","R","$","?","R","BOSS","BOSS"],"build_version":"2019-01-23","purchased_purges":2,"victory":false,"max_hp_per_floor":[71,71,71,71,71,71,71,71,71,71,71,71,78,78,78,78,78,78,78,78,78,78,78,39,39,39,39,39,39,39,39,39,39,39,39,39,39,39,39,39,39,39,39,39,39,39,39,39,39,39,39],"card_choices":[{"not_picked":["Go for the Eyes","Compile Driver"],"picked":"Coolheaded","floor":1.0},{"not_picked":["Cold Snap","Hologram"],"picked":"Consume","floor":3.0},{"not_picked":["Barrage","Steam"],"picked":"Cold Snap","floor":4.0},{"not_picked":["Barrage","Lockon"],"picked":"Electrodynamics","floor":7.0},{"not_picked":["Barrage","Coolheaded"],"picked":"Turbo","floor":10.0},{"not_picked":["Leap","Rebound"],"picked":"Chill","floor":12.0},{"not_picked":["Creative AI","Reboot"],"picked":"Fission","floor":16.0},{"not_picked":["Doom and Gloom","Hologram"],"picked":"Glacier","floor":18.0},{"not_picked":["Streamline","Steam"],"picked":"Redo+1","floor":20.0},{"not_picked":["Compile Driver+1","Barrage","Conserve Battery"],"picked":"SKIP","floor":22.0},{"not_picked":["Doom and Gloom","Go for the Eyes"],"picked":"Hologram","floor":25.0},{"not_picked":["Blizzard","Stack+1"],"picked":"Chill","floor":28.0},{"not_picked":["Creative AI","Buffer"],"picked":"Seek","floor":33.0},{"not_picked":["Turbo","Rebound+1","Barrage+1"],"picked":"SKIP","floor":35.0},{"not_picked":["Leap","Skim","Redo"],"picked":"SKIP","floor":36.0},{"not_picked":["Rebound+1","Redo","Compile Driver+1"],"picked":"SKIP","floor":39.0},{"not_picked":["Tempest","Machine Learning","Turbo"],"picked":"SKIP","floor":41.0},{"not_picked":["Beam Cell+1","All For One+1"],"picked":"Blizzard+1","floor":44}],"player_experience":2996868,"relics_obtained":[{"floor":9.0,"key":"Omamori"},{"floor":12.0,"key":"Tiny Chest"},{"floor":19.0,"key":"Enchiridion"},{"floor":26.0,"key":"Bottled Tornado"},{"floor":31.0,"key":"Bag of Preparation"},{"floor":31.0,"key":"Molten Egg 2"},{"floor":37.0,"key":"Thread and Needle"},{"floor":41.0,"key":"Bronze Scales"},{"floor":41.0,"key":"Blood Vial"},{"floor":43.0,"key":"Pantograph"},{"floor":43.0,"key":"Singing Bowl"},{"floor":44,"key":"Ornamental Fan"},{"floor":48,"key":"Frozen Egg 2"}],"event_choices":[{"damage_healed":0.0,"max_hp_gain":0.0,"max_hp_loss":0.0,"gold_gain":275.0,"event_name":"Golden Shrine","player_choice":"Desecrate","floor":2.0,"gold_loss":0.0,"damage_taken":0.0,"cards_obtained":["Regret"]},{"damage_healed":0.0,"max_hp_gain":0.0,"max_hp_loss":0.0,"gold_gain":0.0,"event_name":"Liars Game","player_choice":"Ignored","floor":5.0,"gold_loss":0.0,"damage_taken":0.0},{"damage_healed":0.0,"max_hp_gain":0.0,"max_hp_loss":0.0,"gold_gain":0.0,"event_name":"Wheel of Change","player_choice":"Cursed","floor":8.0,"gold_loss":0.0,"damage_taken":0.0,"cards_obtained":["Decay"]},{"damage_healed":0.0,"max_hp_gain":0.0,"max_hp_loss":0.0,"gold_gain":0.0,"event_name":"The Woman in Blue","player_choice":"Bought 0 Potions","floor":11.0,"gold_loss":0.0,"damage_taken":0.0},{"damage_healed":0.0,"max_hp_gain":0.0,"max_hp_loss":0.0,"gold_gain":0.0,"event_name":"Cursed Tome","player_choice":"Obtained Book","floor":19.0,"gold_loss":0.0,"damage_taken":21.0},{"damage_healed":0.0,"max_hp_gain":0.0,"max_hp_loss":39.0,"gold_gain":0.0,"event_name":"Ghosts","player_choice":"Became a Ghost","floor":24.0,"gold_loss":0.0,"damage_taken":0.0,"cards_obtained":["Ghostly","Ghostly","Ghostly"]},{"damage_healed":0.0,"max_hp_gain":0.0,"max_hp_loss":0.0,"gold_gain":0.0,"event_name":"The Mausoleum","player_choice":"Opened","floor":29.0,"gold_loss":0.0,"damage_taken":0.0,"relics_obtained":["Matryoshka"],"cards_obtained":["Writhe"]},{"damage_healed":0.0,"max_hp_gain":0.0,"max_hp_loss":0.0,"gold_gain":0.0,"event_name":"MindBloom","player_choice":"Fight","floor":37.0,"gold_loss":0.0,"damage_taken":0.0},{"damage_healed":0.0,"max_hp_gain":0.0,"max_hp_loss":0.0,"gold_gain":0.0,"event_name":"Mysterious Sphere","player_choice":"Ignored","floor":38.0,"gold_loss":0.0,"damage_taken":0.0},{"cards_removed":["Strike_B"],"damage_healed":0,"gold_gain":0,"player_choice":"Removed Attack","damage_taken":0,"max_hp_gain":0,"max_hp_loss":0,"event_name":"Falling","floor":45,"gold_loss":0}],"is_beta":false,"boss_relics":[{"not_picked":["White Beast Statue","Busted Crown"],"picked":"Inserter"},{"not_picked":["Calling Bell","Lizard Tail"],"picked":"Black Star"}],"items_purged_floors":[13,21],"is_endless":false,"potions_floor_spawned":[7,10,16,18,22,33,35,39],"killed_by":"Time Eater","ascension_level":20}