{"gold_per_floor":[109,7,19,94,94,94,104,124,149,176,176,203,218,234,234,311,311,330,330,330,43,43],"floor_reached":22,"playtime":951,"items_purged":[],"score":320,"play_id":"5361a1ee-0d68-41bc-b60b-f07e6002e73d","local_time":"20180915164930","is_ascension_mode":true,"campfire_choices":[{"floor":6,"key":"REST"},{"floor":11,"key":"REST"},{"floor":15,"key":"REST"}],"neow_cost":"NONE","seed_source_timestamp":80112018218644,"circlet_count":0,"master_deck":["Strike_B","Strike_B","Strike_B","Strike_B","Defend_B","Defend_B","Defend_B","Defend_B","Zap","Dualcast","AscendersBane","Fusion","Sunder","Capacitor","Melter","Chill","Ball Lightning","Conserve Battery","Capacitor","Chaos","Steam","Echo Form","White Noise","Storm"],"relics":["Cracked Core","NeowsBlessing","FaceOfCleric","Blood Vial","Lantern","Bottled Tornado","Nuclear Battery","HandDrill"],"potions_floor_usage":[8,10,18],"damage_taken":[{"damage":0,"enemies":"Cultist","floor":1,"turns":1},{"damage":0,"enemies":"Jaw Worm","floor":3,"turns":1},{"damage":0,"enemies":"Small Slimes","floor":7,"turns":1},{"damage":0,"enemies":"Gremlin Gang","floor":8,"turns":1},{"damage":21,"enemies":"3 Sentries","floor":10,"turns":7},{"damage":16,"enemies":"Lagavulin","floor":12,"turns":7},{"damage":0,"enemies":"3 Louse","floor":13,"turns":3},{"damage":11,"enemies":"Blue Slaver","floor":14,"turns":2},{"damage":75,"enemies":"Hexaghost","floor":16,"turns":13},{"damage":29,"enemies":"Shell Parasite","floor":18,"turns":5},{"damage":35,"enemies":"Colosseum Slavers","floor":19,"turns":4},{"damage":7,"enemies":"3 Byrds","floor":22,"turns":3}],"seed_played":"903934889490899081","potions_obtained":[{"floor":1,"key":"Block Potion"},{"floor":7,"key":"PowerPotion"},{"floor":16,"key":"EssenceOfSteel"}],"is_trial":false,"path_per_floor":["M","$","M","?","?","R","M","M","T","E","R","E","M","M","R","B",null,"M","?","?","$"],"character_chosen":"DEFECT","items_purchased":["Sunder","Capacitor","HandDrill","Storm"],"campfire_rested":3,"item_purchase_floors":[2,2,21,21],"current_hp_per_floor":[68,68,68,57,57,75,76,77,77,57,78,63,66,58,81,7,63,37,5,5,5,0],"gold":43,"neow_bonus":"THREE_ENEMY_KILL","is_prod":false,"is_daily":false,"chose_seed":false,"campfire_upgraded":0,"win_rate":0,"timestamp":1537019370,"path_taken":["M","$","M","?","?","R","M","M","T","E","R","E","M","M","R","BOSS","M","?","?","$","M"],"build_version":"2018-09-06","purchased_purges":0,"victory":false,"max_hp_per_floor":[75,75,75,75,75,75,76,77,77,78,78,79,80,81,81,82,82,83,84,84,84,84],"card_choices":[{"not_picked":["Aggregate","Gash"],"picked":"Fusion","floor":1},{"not_picked":["Beam Cell","Leap"],"picked":"Melter","floor":3},{"not_picked":["Coolheaded","Scrape"],"picked":"Chill","floor":7},{"not_picked":["Beam Cell","Gash"],"picked":"Ball Lightning","floor":8},{"not_picked":["Stack","Hologram"],"picked":"Conserve Battery","floor":10},{"not_picked":["Coolheaded","Hologram"],"picked":"Capacitor","floor":12},{"not_picked":["Conserve Battery","Reinforced Body"],"picked":"Chaos","floor":13},{"not_picked":["Recycle","Hyperbeam"],"picked":"Steam","floor":14},{"not_picked":["Rainbow","Machine Learning"],"picked":"Echo Form","floor":16},{"not_picked":["Go for the Eyes","Skim"],"picked":"White Noise","floor":18}],"player_experience":703801,"relics_obtained":[{"floor":9,"key":"Blood Vial"},{"floor":10,"key":"Lantern"},{"floor":12,"key":"Bottled Tornado"}],"event_choices":[{"event_name":"World of Goop","player_choice":"Gather Gold","floor":4,"damage_taken":0},{"event_name":"FaceTrader","player_choice":"Trade","floor":5,"damage_taken":0},{"event_name":"Colosseum","player_choice":"Fight","floor":19,"damage_taken":0},{"event_name":"Colosseum","player_choice":"Fled From Nobs","floor":19,"damage_taken":0},{"event_name":"Ghosts","player_choice":"Ignored","floor":20,"damage_taken":0}],"is_beta":false,"boss_relics":[{"not_picked":["Coffee Dripper","Eternal Feather"],"picked":"Nuclear Battery"}],"items_purged_floors":[],"is_endless":false,"potions_floor_spawned":[1,7,16,19],"killed_by":"3 Byrds","ascension_level":13}