{"gold_per_floor":[113,113,188,206,206,239,239,268,268,283,12,12,12,12,12,84,84,99,115,115,165,165,165,191,191,191,210,240,155,40,54,54,132,132,143,143,8,8,8,8,8,27,27,27,54,54,54,71,71,71,71,71,71,26,26],"floor_reached":55,"playtime":1758,"items_purged":["Strike_R"],"score":2045,"play_id":"932893d9-228f-4e12-a5eb-fd561e34d6b5","local_time":"20190322232540","is_ascension_mode":true,"campfire_choices":[{"data":"Juggernaut","floor":7,"key":"SMITH"},{"floor":12,"key":"REST"},{"data":"Whirlwind","floor":15,"key":"SMITH"},{"data":"Entrench","floor":23,"key":"SMITH"},{"data":"Immolate","floor":25,"key":"SMITH"},{"data":"Armaments","floor":32,"key":"SMITH"},{"data":"True Grit","floor":41,"key":"SMITH"},{"data":"Strike_R","floor":44,"key":"PURGE"},{"data":"Strike_R","floor":46,"key":"PURGE"},{"floor":49,"key":"RECALL"},{"data":"Ghostly","floor":53,"key":"SMITH"}],"neow_cost":"NONE","seed_source_timestamp":275137402954100,"circlet_count":0,"master_deck":["AscendersBane","Defend_R","Defend_R","Defend_R","Defend_R","Bash","Entrench+1","Shrug It Off","Juggernaut+1","Impervious","Whirlwind+1","Evolve","Feel No Pain","Immolate+1","Shrug It Off","Evolve+1","Ghostly","Ghostly","Ghostly+1","True Grit+1","Armaments+1","Rampage","Reaper","Battle Trance+1","True Grit+1","Feed"],"relics":["Burning Blood","NeowsBlessing","Ginger","Potion Belt","Juzu Bracelet","The Courier","Art of War","Runic Dome","Peace Pipe","Incense Burner","Bottled Lightning","Ice Cream","Mark of Pain","Oddly Smooth Stone","Paper Frog"],"potions_floor_usage":[16,24,27,28,28,31,33,33,51,55],"damage_taken":[{"damage":0,"enemies":"Cultist","floor":1,"turns":1},{"damage":0,"enemies":"2 Louse","floor":4,"turns":1},{"damage":0,"enemies":"Lagavulin","floor":6,"turns":1},{"damage":49,"enemies":"3 Sentries","floor":8,"turns":10},{"damage":11,"enemies":"Jaw Worm","floor":10,"turns":5},{"damage":0,"enemies":"Slime Boss","floor":16,"turns":7},{"damage":40,"enemies":"Shell Parasite","floor":18,"turns":7},{"damage":0,"enemies":"3 Byrds","floor":19,"turns":6},{"damage":0,"enemies":"Slavers","floor":24,"turns":2},{"damage":23,"enemies":"Centurion and Healer","floor":27,"turns":10},{"damage":4,"enemies":"Book of Stabbing","floor":28,"turns":6},{"damage":6,"enemies":"Sentry and Sphere","floor":31,"turns":6},{"damage":28,"enemies":"Champ","floor":33,"turns":12},{"damage":1,"enemies":"3 Darklings","floor":35,"turns":5},{"damage":0,"enemies":"3 Shapes","floor":42,"turns":5},{"damage":0,"enemies":"Reptomancer","floor":45,"turns":6},{"damage":12,"enemies":"Spire Growth","floor":48,"turns":7},{"damage":6,"enemies":"Donu and Deca","floor":50,"turns":12},{"damage":15,"enemies":"Time Eater","floor":51,"turns":11},{"damage":0,"enemies":"Shield and Spear","floor":55,"turns":2}],"seed_played":"-3662897871877814525","potions_obtained":[{"floor":1,"key":"GamblersBrew"},{"floor":16,"key":"SteroidPotion"},{"floor":19,"key":"PowerPotion"},{"floor":24,"key":"Fruit Juice"},{"floor":28,"key":"Swift Potion"},{"floor":31,"key":"Dexterity Potion"},{"floor":42,"key":"SkillPotion"},{"floor":45,"key":"Weak Potion"}],"is_trial":false,"path_per_floor":["M","?","?","M","?","E","R","E","T","M","$","R","?","?","R","B",null,"M","M","?","?","?","R","E","R","T","M","E","?","$","M","R","B",null,"M","?","$","?","?","?","R","M","T","R","E","R","$","M","R","B","B",null,"R","$","E"],"character_chosen":"IRONCLAD","items_purchased":["Whirlwind","Evolve","Feel No Pain","PowerPotion","PowerPotion","Rampage","Oddly Smooth Stone","PowerPotion"],"campfire_rested":1,"item_purchase_floors":[11,11,11,11,30,30,37,54],"current_hp_per_floor":[74,74,63,69,58,64,64,21,21,16,16,38,38,43,43,49,72,38,44,44,36,36,36,40,40,40,28,30,30,30,30,30,8,36,45,45,45,43,43,43,43,43,43,43,43,43,43,40,40,50,41,48,48,48,48],"gold":26,"neow_bonus":"THREE_ENEMY_KILL","is_prod":false,"is_daily":false,"chose_seed":false,"campfire_upgraded":7,"win_rate":0,"timestamp":1553264740,"path_taken":["M","?","?","M","?","E","R","E","T","M","?","R","?","?","R","BOSS","M","M","?","?","?","R","E","R","T","M","E","?","$","M","R","BOSS","M","?","$","?","?","?","R","M","T","R","E","R","?","M","R","BOSS","BOSS","R","$","E"],"build_version":"2019-01-23","purchased_purges":1,"victory":false,"max_hp_per_floor":[75,75,75,75,75,75,75,75,75,75,75,75,75,80,80,80,80,80,80,80,80,40,40,40,40,40,45,45,45,45,45,45,45,45,45,45,45,43,43,43,43,43,43,43,43,43,43,46,46,50,50,50,50,50,50],"card_choices":[{"not_picked":["Carnage","Sever Soul"],"picked":"Entrench","floor":1},{"not_picked":["Pommel Strike","Anger"],"picked":"Shrug It Off","floor":4},{"not_picked":["Heavy Blade","Infernal Blade"],"picked":"Juggernaut","floor":6},{"not_picked":["Body Slam","Clash"],"picked":"Impervious","floor":8},{"not_picked":["Dual Wield","Clash","Clothesline"],"picked":"SKIP","floor":10},{"not_picked":["Brutality","Dark Embrace"],"picked":"Immolate","floor":16},{"not_picked":["Searing Blow","Warcry"],"picked":"Shrug It Off","floor":18},{"not_picked":["Thunderclap","Clash"],"picked":"Evolve+1","floor":19},{"not_picked":["Dark Embrace","Twin Strike+1","Iron Wave"],"picked":"SKIP","floor":24},{"not_picked":["Clothesline","Dark Embrace"],"picked":"True Grit","floor":27},{"not_picked":["Infernal Blade+1","Iron Wave"],"picked":"Armaments","floor":28},{"not_picked":["Clothesline","Rupture","Heavy Blade+1"],"picked":"SKIP","floor":31},{"not_picked":["Demon Form","Brutality"],"picked":"Reaper","floor":33},{"not_picked":["Warcry","Burning Pact"],"picked":"Battle Trance+1","floor":35},{"not_picked":["Thunderclap+1","Uppercut"],"picked":"True Grit+1","floor":42},{"not_picked":["Thunderclap","Twin Strike"],"picked":"Feed","floor":45},{"not_picked":["Anger","Infernal Blade","Havoc"],"picked":"SKIP","floor":48}],"player_experience":2486032,"relics_obtained":[{"floor":6,"key":"Potion Belt"},{"floor":8,"key":"Juzu Bracelet"},{"floor":9,"key":"The Courier"},{"floor":24,"key":"Peace Pipe"},{"floor":26,"key":"Incense Burner"},{"floor":28,"key":"Bottled Lightning"},{"floor":45,"key":"Paper Frog"}],"event_choices":[{"damage_healed":0,"gold_gain":0,"player_choice":"Leave","damage_taken":0,"max_hp_gain":0,"max_hp_loss":0,"event_name":"The Cleric","floor":2,"gold_loss":0},{"damage_healed":0,"gold_gain":75,"player_choice":"Gather Gold","damage_taken":11,"max_hp_gain":0,"max_hp_loss":0,"event_name":"World of Goop","floor":3,"gold_loss":0},{"damage_healed":0,"gold_gain":0,"player_choice":"Success","damage_taken":11,"relics_obtained":["Ginger"],"max_hp_gain":0,"max_hp_loss":0,"event_name":"Scrap Ooze","floor":5,"gold_loss":0},{"damage_healed":0,"gold_gain":0,"player_choice":"Searched \u00271\u0027 times","damage_taken":0,"relics_obtained":["Art of War"],"max_hp_gain":0,"max_hp_loss":0,"event_name":"Dead Adventurer","floor":13,"gold_loss":0},{"damage_healed":0,"gold_gain":0,"player_choice":"Donut","damage_taken":0,"max_hp_gain":5,"max_hp_loss":0,"event_name":"Big Fish","floor":14,"gold_loss":0},{"damage_healed":0,"gold_gain":0,"player_choice":"Ignored","damage_taken":0,"max_hp_gain":0,"max_hp_loss":0,"event_name":"Vampires","floor":20,"gold_loss":0},{"damage_healed":0,"gold_gain":50,"player_choice":"Touch","damage_taken":8,"max_hp_gain":0,"max_hp_loss":0,"event_name":"FaceTrader","floor":21,"gold_loss":0},{"damage_healed":0,"gold_gain":0,"player_choice":"Became a Ghost","damage_taken":0,"max_hp_gain":0,"max_hp_loss":40,"event_name":"Ghosts","floor":22,"gold_loss":0,"cards_obtained":["Ghostly","Ghostly","Ghostly"]},{"damage_healed":0,"gold_gain":0,"player_choice":"Obtained Relic","damage_taken":0,"relics_obtained":["Ice Cream"],"max_hp_gain":0,"max_hp_loss":0,"event_name":"Addict","floor":29,"gold_loss":85},{"damage_healed":0,"gold_gain":0,"player_choice":"Ignored","damage_taken":0,"max_hp_gain":0,"max_hp_loss":0,"event_name":"Tomb of Lord Red Mask","floor":36,"gold_loss":0},{"damage_healed":0,"gold_gain":0,"player_choice":"Max HP","damage_taken":0,"max_hp_gain":0,"max_hp_loss":2,"event_name":"Winding Halls","floor":38,"gold_loss":0},{"cards_removed":["Strike_R"],"damage_healed":0,"gold_gain":0,"player_choice":"Purged","damage_taken":0,"max_hp_gain":0,"max_hp_loss":0,"event_name":"Purifier","floor":39,"gold_loss":0},{"cards_removed":["Strike_R"],"damage_healed":0,"gold_gain":0,"player_choice":"Card Removal","damage_taken":0,"max_hp_gain":0,"max_hp_loss":0,"event_name":"Wheel of Change","floor":40,"gold_loss":0}],"is_beta":false,"boss_relics":[{"not_picked":["Black Blood","Busted Crown"],"picked":"Runic Dome"},{"not_picked":["Orrery","Black Star"],"picked":"Mark of Pain"}],"items_purged_floors":[11],"is_endless":false,"potions_floor_spawned":[1,16,19,24,28,31,42,45],"killed_by":"Shield and Spear","ascension_level":20}