{"gold_per_floor":[365,9,9,27,45,73,73,20,20,40,5,5,80,80,80,156,156,173,173,98,98,98,123,123,143,169,82,100,100,100],"floor_reached":30,"playtime":1096,"items_purged":["Defend_B"],"score":488,"play_id":"db201104-3447-405c-bea9-459f9d574815","local_time":"20190309131521","is_ascension_mode":true,"campfire_choices":[{"data":"Loop","floor":7,"key":"SMITH"},{"data":"Zap","floor":12,"key":"SMITH"},{"data":"Self Repair","floor":15,"key":"SMITH"},{"floor":24,"key":"REST"},{"data":"Loop","floor":29,"key":"SMITH"}],"neow_cost":"PERCENT_DAMAGE","seed_source_timestamp":10177160049700,"circlet_count":0,"master_deck":["AscendersBane","Strike_B","Strike_B","Defend_B","Zap+1","Dualcast","Coolheaded","Self Repair+1","Loop+1","Gash","Coolheaded","Leap+1","Reboot+1","Barrage","Compile Driver","Echo Form","Loop+1","Chaos+1","Loop","Coolheaded+1"],"relics":["Cracked Core","Runic Capacitor","GremlinMask","Ornamental Fan","Toxic Egg 2","Runic Dome","Regal Pillow","Ancient Tea Set"],"potions_floor_usage":[6,6,23,23,30],"damage_taken":[{"damage":0,"enemies":"2 Louse","floor":1,"turns":2},{"damage":4,"enemies":"Cultist","floor":4,"turns":4},{"damage":10,"enemies":"Small Slimes","floor":5,"turns":5},{"damage":17,"enemies":"3 Sentries","floor":6,"turns":8},{"damage":5,"enemies":"2 Fungi Beasts","floor":10,"turns":4},{"damage":31,"enemies":"The Guardian","floor":16,"turns":16},{"damage":2,"enemies":"Spheric Guardian","floor":18,"turns":5},{"damage":57,"enemies":"Book of Stabbing","floor":23,"turns":6},{"damage":12,"enemies":"Chosen","floor":25,"turns":4},{"damage":21,"enemies":"Snecko","floor":28,"turns":5},{"damage":36,"enemies":"Slavers","floor":30,"turns":3}],"seed_played":"5436927030710044641","potions_obtained":[{"floor":1,"key":"PowerPotion"},{"floor":16,"key":"SpeedPotion"},{"floor":18,"key":"AttackPotion"},{"floor":23,"key":"Ancient Potion"},{"floor":25,"key":"Fire Potion"}],"is_trial":false,"path_per_floor":["M","$","?","M","M","E","R","$","T","M","?","R","?","?","R","B",null,"M","?","$","?","?","E","R","M","T","$","M","R","E"],"character_chosen":"DEFECT","items_purchased":["Runic Capacitor","Self Repair","Fire Potion","Coolheaded","Loop"],"campfire_rested":1,"item_purchase_floors":[2,2,2,8,27],"current_hp_per_floor":[46,46,46,49,46,36,36,36,36,38,55,55,44,37,37,16,57,65,65,65,65,65,18,54,52,52,52,41,41,5],"gold":100,"neow_bonus":"TWO_FIFTY_GOLD","is_prod":false,"is_daily":false,"chose_seed":false,"campfire_upgraded":4,"win_rate":0,"timestamp":1552104921,"path_taken":["M","$","?","?","M","E","R","$","T","M","?","R","?","?","R","BOSS","M","?","$","?","?","E","R","?","T","$","M","R","E"],"build_version":"2019-01-23","purchased_purges":1,"victory":false,"max_hp_per_floor":[71,71,71,71,71,71,71,71,71,71,71,71,71,71,71,71,71,71,71,71,71,71,71,71,71,71,71,71,71,71],"card_choices":[{"not_picked":["BootSequence","Cold Snap"],"picked":"Coolheaded","floor":1},{"not_picked":["Gash","Streamline"],"picked":"Loop","floor":4},{"not_picked":["Beam Cell","Hologram"],"picked":"Gash","floor":5},{"not_picked":["Sweeping Beam","Scrape","Redo"],"picked":"SKIP","floor":6},{"not_picked":["Sweeping Beam","Thunder Strike"],"picked":"Leap+1","floor":10},{"not_picked":["Machine Learning","Rainbow+1"],"picked":"Reboot+1","floor":16},{"not_picked":["Rebound","Reinforced Body+1"],"picked":"Barrage","floor":18},{"not_picked":["Doom and Gloom","Hologram+1"],"picked":"Loop","floor":23},{"not_picked":["Turbo+1","Stack+1"],"picked":"Chaos+1","floor":25},{"not_picked":["Cold Snap","Redo+1"],"picked":"Coolheaded+1","floor":28}],"player_experience":2083928,"relics_obtained":[{"floor":6,"key":"Ornamental Fan"},{"floor":9,"key":"Toxic Egg 2"},{"floor":23,"key":"Regal Pillow"},{"floor":26,"key":"Ancient Tea Set"}],"event_choices":[{"damage_healed":0,"gold_gain":0,"player_choice":"Trade","damage_taken":0,"relics_obtained":["GremlinMask"],"max_hp_gain":0,"max_hp_loss":0,"event_name":"FaceTrader","floor":3,"gold_loss":0},{"damage_healed":17,"gold_gain":0,"player_choice":"Healed","damage_taken":0,"max_hp_gain":0,"max_hp_loss":0,"event_name":"The Cleric","floor":11,"gold_loss":35},{"damage_healed":0,"gold_gain":75,"player_choice":"Gather Gold","damage_taken":11,"max_hp_gain":0,"max_hp_loss":0,"event_name":"World of Goop","floor":13,"gold_loss":0},{"cards_removed":["Defend_B"],"damage_healed":0,"gold_gain":0,"player_choice":"Card Removal","damage_taken":7,"max_hp_gain":0,"max_hp_loss":0,"event_name":"Golden Wing","floor":14,"gold_loss":0},{"damage_healed":0,"gold_gain":0,"player_choice":"Ignored","damage_taken":0,"max_hp_gain":0,"max_hp_loss":0,"event_name":"Vampires","floor":19,"gold_loss":0},{"damage_healed":0,"gold_gain":0,"cards_transformed":["Strike_B","Defend_B"],"player_choice":"Became Test Subject","damage_taken":0,"max_hp_gain":0,"max_hp_loss":0,"event_name":"Drug Dealer","floor":21,"gold_loss":0,"cards_obtained":["Compile Driver","Echo Form"]},{"cards_removed":["Strike_B"],"damage_healed":0,"gold_gain":0,"player_choice":"Purged","damage_taken":0,"max_hp_gain":0,"max_hp_loss":0,"event_name":"Purifier","floor":22,"gold_loss":0}],"is_beta":false,"boss_relics":[{"not_picked":["Calling Bell","Fusion Hammer"],"picked":"Runic Dome"}],"items_purged_floors":[20],"is_endless":false,"potions_floor_spawned":[1,4,5,16,18,23,25],"killed_by":"Slavers","ascension_level":20}