{"gold_per_floor":[113,113,113,123,198,198,198,198,198,232,232,266,266,266],"floor_reached":14,"playtime":251,"items_purged":[],"score":238,"play_id":"639fa6d7-9927-4a36-a98f-ead5b790545b","local_time":"20190401121423","is_ascension_mode":true,"campfire_choices":[{"data":"Bash","floor":6,"key":"SMITH"},{"data":"Heavy Blade","floor":8,"key":"SMITH"},{"data":"Strike_R","floor":11,"key":"SMITH"},{"data":"Shrug It Off","floor":13,"key":"SMITH"}],"neow_cost":"NONE","seed_source_timestamp":263486559466700,"circlet_count":0,"master_deck":["AscendersBane","Strike_R","Strike_R","Strike_R+1","Defend_R","Defend_R","Defend_R","Defend_R","Bash+1","Heavy Blade+1","Shrug It Off+1"],"relics":["Burning Blood","NeowsBlessing","Self Forming Clay","Champion Belt"],"potions_floor_usage":[14],"damage_taken":[{"damage":0,"enemies":"Small Slimes","floor":1,"turns":1},{"damage":0,"enemies":"2 Louse","floor":4,"turns":1},{"damage":0,"enemies":"Lagavulin","floor":10,"turns":1},{"damage":46,"enemies":"3 Sentries","floor":12,"turns":15},{"damage":22,"enemies":"Lagavulin","floor":14,"turns":7}],"seed_played":"-8294305782578150262","potions_obtained":[{"floor":10,"key":"FearPotion"}],"is_trial":false,"path_per_floor":["M","?","?","M","?","R","?","R","T","E","R","E","R","E"],"character_chosen":"IRONCLAD","items_purchased":[],"campfire_rested":0,"item_purchase_floors":[],"current_hp_per_floor":[74,74,74,75,64,64,64,64,64,70,70,30,30,8],"gold":266,"neow_bonus":"THREE_ENEMY_KILL","is_prod":false,"is_daily":false,"chose_seed":false,"campfire_upgraded":4,"win_rate":0,"timestamp":1554088463,"path_taken":["M","?","?","?","?","R","?","R","T","E","R","E","R","E"],"build_version":"2019-01-23","purchased_purges":0,"victory":false,"max_hp_per_floor":[75,75,75,75,75,75,75,75,75,75,75,75,75,75],"card_choices":[{"not_picked":["Heavy Blade","Intimidate","Wild Strike"],"picked":"SKIP","floor":1},{"not_picked":["Pommel Strike","Perfected Strike","Body Slam"],"picked":"SKIP","floor":4},{"not_picked":["Pommel Strike","Cleave","Perfected Strike"],"picked":"SKIP","floor":10},{"not_picked":["Pommel Strike","Corruption"],"picked":"Shrug It Off","floor":12}],"player_experience":2794316,"relics_obtained":[{"floor":10,"key":"Self Forming Clay"},{"floor":12,"key":"Champion Belt"}],"event_choices":[{"damage_healed":0,"gold_gain":0,"cards_transformed":["Strike_R"],"player_choice":"Change","damage_taken":0,"max_hp_gain":0,"max_hp_loss":0,"event_name":"Living Wall","floor":2,"gold_loss":0,"cards_obtained":["Heavy Blade"]},{"cards_removed":["Strike_R"],"damage_healed":0,"gold_gain":0,"player_choice":"Offered Basic","damage_taken":0,"max_hp_gain":0,"max_hp_loss":0,"event_name":"Bonfire Elementals","floor":3,"gold_loss":0},{"damage_healed":0,"gold_gain":75,"player_choice":"Gather Gold","damage_taken":11,"max_hp_gain":0,"max_hp_loss":0,"event_name":"World of Goop","floor":5,"gold_loss":0},{"damage_healed":0,"gold_gain":0,"player_choice":"Ignored","damage_taken":0,"max_hp_gain":0,"max_hp_loss":0,"event_name":"Liars Game","floor":7,"gold_loss":0}],"is_beta":false,"boss_relics":[],"items_purged_floors":[],"is_endless":false,"potions_floor_spawned":[10],"killed_by":"Lagavulin","ascension_level":20}