{"gold_per_floor":[366,366,383,193,193,193,193,193,193,212,223,223,239,48,48,153,153,171,171,191,34,53,53,152,152,200,215,234,254,254,283,283,385,385,404,404,404,421,234,234,251,251,296,296,314,334,334,350,350,350],"floor_reached":51,"playtime":3699,"items_purged":[],"score":684,"play_id":"2ab2f23a-9b96-4e03-a421-7dbb2a14e5a5","local_time":"20190303193307","is_ascension_mode":false,"campfire_choices":[{"floor":6.0,"key":"REST"},{"data":"Ball Lightning","floor":8.0,"key":"SMITH"},{"data":"Defragment","floor":12.0,"key":"SMITH"},{"floor":15.0,"key":"REST"},{"floor":23.0,"key":"REST"},{"data":"Defragment","floor":25.0,"key":"SMITH"},{"floor":30.0,"key":"REST"},{"floor":32.0,"key":"REST"},{"floor":40.0,"key":"REST"},{"data":"Chaos","floor":44.0,"key":"SMITH"},{"floor":47.0,"key":"REST"},{"floor":49.0,"key":"REST"}],"neow_cost":"PERCENT_DAMAGE","seed_source_timestamp":0,"circlet_count":0,"master_deck":["Strike_B+1","Strike_B+1","Strike_B+1","Strike_B+1","Defend_B+1","Defend_B+1","Defend_B+1","Defend_B+1","Zap","Dualcast","Ball Lightning","Storm+1","Capacitor","Ball Lightning+1","Cold Snap","Defragment+1","Loop","Defragment+1","Ball Lightning","Redo","Biased Cognition","Cold Snap","Rainbow","Chaos+1","FTL+1","Conserve Battery","Ball Lightning","Echo Form","Self Repair+1","FTL","Capacitor","Steam","Cold Snap","Leap+1","Doubt","Static Discharge+1"],"special_seed":0,"relics":["Cracked Core"],"potions_floor_usage":[50],"damage_taken":[{"damage":7.0,"enemies":"2 Louse","floor":1.0,"turns":3.0},{"damage":0.0,"enemies":"Cultist","floor":3.0,"turns":2.0},{"damage":1.0,"enemies":"Jaw Worm","floor":10.0,"turns":3.0},{"damage":10.0,"enemies":"Blue Slaver","floor":11.0,"turns":3.0},{"damage":8.0,"enemies":"Gremlin Gang","floor":13.0,"turns":4.0},{"damage":51.0,"enemies":"Hexaghost","floor":16.0,"turns":6.0},{"damage":18.0,"enemies":"2 Thieves","floor":18.0,"turns":3.0},{"damage":2.0,"enemies":"Spheric Guardian","floor":20.0,"turns":3.0},{"damage":11.0,"enemies":"Chosen and Byrds","floor":22.0,"turns":4.0},{"damage":10.0,"enemies":"Cultist and Chosen","floor":27.0,"turns":4.0},{"damage":6.0,"enemies":"Snake Plant","floor":28.0,"turns":4.0},{"damage":15.0,"enemies":"Snecko","floor":29.0,"turns":3.0},{"damage":13.0,"enemies":"Gremlin Leader","floor":31.0,"turns":6.0},{"damage":40.0,"enemies":"Automaton","floor":33.0,"turns":8.0},{"damage":23.0,"enemies":"3 Shapes","floor":35.0,"turns":4.0},{"damage":33.0,"enemies":"3 Darklings","floor":38.0,"turns":4.0},{"damage":37.0,"enemies":"Spire Growth","floor":41.0,"turns":6.0},{"damage":16.0,"enemies":"Transient","floor":45.0,"turns":5.0},{"damage":33.0,"enemies":"Maw","floor":46.0,"turns":7.0},{"damage":11.0,"enemies":"4 Shapes","floor":48.0,"turns":6.0},{"damage":77,"enemies":"Donu and Deca","floor":50,"turns":8}],"seed_played":"7645279936061492330","potions_obtained":[{"floor":11.0,"key":"Strength Potion"},{"floor":16.0,"key":"Block Potion"},{"floor":27.0,"key":"Block Potion"},{"floor":29.0,"key":"Energy Potion"},{"floor":31.0,"key":"SpeedPotion"},{"floor":33.0,"key":"EntropicBrew"},{"floor":35.0,"key":"Ancient Potion"},{"floor":38.0,"key":"Poison Potion"},{"floor":46.0,"key":"Poison Potion"},{"floor":48.0,"key":"AttackPotion"}],"is_trial":false,"path_per_floor":["M","?","M","$","?","R","?","R","T","M","M","R","M","$","R","B",null,"M","?","M","$","M","R","?","R","T","M","M","M","R","E","R","B",null,"M","?","?","M","$","R","M","?","T","R","M","M","R","M","R","B",null],"character_chosen":"DEFECT","items_purchased":["Capacitor","Ball Lightning","Fruit Juice","Defragment","SkillPotion","Ball Lightning","Redo","Rainbow","Capacitor","Steam","Cold Snap","Dexterity Potion"],"campfire_rested":8,"item_purchase_floors":[4,4,4,14,14,14,14,21,39,39,39,39],"current_hp_per_floor":[47,47,47,47,52,76,76,76,76,75,65,65,57,57,80,29,80,62,62,60,60,49,73,73,73,73,63,57,42,66,53,77,37,80,57,57,57,34,34,58,31,80,80,80,64,41,65,64,80,13],"gold":350,"neow_bonus":"TWO_FIFTY_GOLD","is_prod":false,"is_daily":false,"chose_seed":false,"campfire_upgraded":4,"win_rate":0,"timestamp":1551634387,"path_taken":["M","?","?","$","?","R","?","R","T","M","?","R","M","$","R","BOSS","M","?","M","$","M","R","?","R","T","M","M","M","R","E","R","BOSS","M","?","?","M","$","R","M","?","T","R","M","?","R","M","R","BOSS"],"build_version":"2019-01-23","purchased_purges":0,"victory":true,"max_hp_per_floor":[75,75,75,75,80,80,80,80,80,80,80,80,80,80,80,80,80,80,80,80,80,80,80,80,80,80,80,80,80,80,80,80,80,80,80,80,80,80,80,80,80,80,80,80,80,80,80,80,80,80],"card_choices":[{"not_picked":["Leap","Hologram"],"picked":"Ball Lightning","floor":1.0},{"not_picked":["Compile Driver","Streamline"],"picked":"Storm","floor":3.0},{"not_picked":["Turbo","Rip and Tear"],"picked":"Cold Snap","floor":10.0},{"not_picked":["Streamline","Coolheaded"],"picked":"Defragment","floor":11.0},{"not_picked":["Beam Cell","Aggregate"],"picked":"Loop","floor":13.0},{"not_picked":["All For One","Fission"],"picked":"Biased Cognition","floor":16.0},{"not_picked":["Sweeping Beam+1","Gash","Turbo"],"picked":"SKIP","floor":18.0},{"not_picked":["Reinforced Body","Barrage"],"picked":"Cold Snap","floor":20.0},{"not_picked":["Beam Cell+1","Compile Driver","Doom and Gloom"],"picked":"SKIP","floor":22.0},{"not_picked":["Double Energy","Steam"],"picked":"Chaos","floor":27.0},{"not_picked":["Go for the Eyes","Gash+1"],"picked":"FTL+1","floor":28.0},{"not_picked":["Coolheaded+1","Doom and Gloom"],"picked":"Conserve Battery","floor":29.0},{"not_picked":["Steam","Leap"],"picked":"Ball Lightning","floor":31.0},{"not_picked":["Core Surge","Hyperbeam"],"picked":"Echo Form","floor":33.0},{"not_picked":["Aggregate+1","Conserve Battery"],"picked":"Self Repair+1","floor":35.0},{"not_picked":["Lockon","Go for the Eyes"],"picked":"FTL","floor":38.0},{"not_picked":["Coolheaded","Steam Power"],"picked":"Leap+1","floor":41.0},{"not_picked":["Rebound+1","Sunder+1","Hologram"],"picked":"SKIP","floor":45.0},{"not_picked":["Recycle","Sweeping Beam","Coolheaded+1"],"picked":"SKIP","floor":46.0},{"not_picked":["Scrape+1","Heatsinks+1"],"picked":"Static Discharge+1","floor":48.0}],"player_experience":1022694,"relics_obtained":[],"event_choices":[{"damage_healed":0.0,"max_hp_gain":0.0,"max_hp_loss":0.0,"gold_gain":0.0,"event_name":"Purifier","player_choice":"Ignored","floor":2.0,"gold_loss":0.0,"damage_taken":0.0},{"damage_healed":0.0,"max_hp_gain":0.0,"max_hp_loss":0.0,"gold_gain":0.0,"event_name":"Scrap Ooze","player_choice":"Fled","floor":5.0,"gold_loss":0.0,"damage_taken":0.0},{"damage_healed":0.0,"max_hp_gain":0.0,"max_hp_loss":0.0,"gold_gain":0.0,"event_name":"Upgrade Shrine","player_choice":"Upgraded","floor":7.0,"gold_loss":0.0,"damage_taken":0.0,"cards_upgraded":["Storm"]},{"damage_healed":0.0,"max_hp_gain":0.0,"max_hp_loss":0.0,"gold_gain":0.0,"event_name":"Back to Basics","player_choice":"Simplicity","floor":19.0,"gold_loss":0.0,"damage_taken":0.0,"cards_upgraded":["Strike_B","Strike_B","Strike_B","Strike_B","Defend_B","Defend_B","Defend_B","Defend_B"]},{"damage_healed":0.0,"max_hp_gain":0.0,"max_hp_loss":0.0,"gold_gain":99.0,"event_name":"Nest","player_choice":"Stole From Cult","floor":24.0,"gold_loss":0.0,"damage_taken":0.0},{"damage_healed":0.0,"max_hp_gain":0.0,"max_hp_loss":0.0,"gold_gain":0.0,"event_name":"Mysterious Sphere","player_choice":"Ignored","floor":36.0,"gold_loss":0.0,"damage_taken":0.0},{"damage_healed":0.0,"max_hp_gain":0.0,"max_hp_loss":0.0,"gold_gain":0.0,"event_name":"Tomb of Lord Red Mask","player_choice":"Ignored","floor":37.0,"gold_loss":0.0,"damage_taken":0.0},{"damage_healed":49.0,"max_hp_gain":0.0,"max_hp_loss":0.0,"gold_gain":0.0,"event_name":"MindBloom","player_choice":"Heal","floor":42.0,"gold_loss":0.0,"damage_taken":0.0,"cards_obtained":["Doubt"]}],"is_beta":false,"boss_relics":[{"not_picked":["Runic Dome","FrozenCore","Ectoplasm"]},{"not_picked":["Eternal Feather","Astrolabe","Tiny House"]}],"items_purged_floors":[],"is_endless":false,"potions_floor_spawned":[11,16,27,29,31,33,35,38,46,48],"ascension_level":0}