{"gold_per_floor":[114,127,138,33,33,68,68,97,97,97,109,109,109,123,123,223,223,242,242,242,37,52,52],"floor_reached":23,"playtime":1484,"items_purged":[],"score":279,"play_id":"310b23da-352f-418a-9223-f07516cb7080","local_time":"20180624213911","is_ascension_mode":true,"campfire_choices":[{"floor":7,"key":"REST"},{"floor":10,"key":"REST"},{"data":"Pummel","floor":13,"key":"SMITH"},{"floor":15,"key":"REST"}],"neow_cost":"TEN_PERCENT_HP_LOSS","seed_source_timestamp":126200347384064,"circlet_count":0,"master_deck":["Bash","Pummel+1","Sentinel","Corruption","Warcry","Bloodletting","Clash","Havoc","Regret","Sever Soul","Fiend Fire","Havoc+1","Iron Wave","Heavy Blade","Perfected Strike","Body Slam","Sentinel+1","Clothesline","Heavy Blade","Warcry+1","Clash","Armaments+1"],"relics":["Burning Blood","Torii","Red Skull","Matryoshka","Toolbox","Potion Belt","Toxic Egg 2","Pandora\u0027s Box","Self Forming Clay","Lee\u0027s Waffle"],"potions_floor_usage":[6,16,16,16,23],"damage_taken":[{"damage":2,"enemies":"Cultist","floor":1,"turns":4},{"damage":1,"enemies":"2 Louse","floor":2,"turns":2},{"damage":2,"enemies":"Jaw Worm","floor":3,"turns":5},{"damage":27,"enemies":"3 Sentries","floor":6,"turns":17},{"damage":40,"enemies":"Gremlin Nob","floor":8,"turns":5},{"damage":12,"enemies":"Looter","floor":11,"turns":4},{"damage":3,"enemies":"2 Fungi Beasts","floor":14,"turns":4},{"damage":76,"enemies":"Slime Boss","floor":16,"turns":14},{"damage":50,"enemies":"2 Thieves","floor":18,"turns":5},{"damage":50,"enemies":"Spheric Guardian","floor":22,"turns":6},{"damage":16,"enemies":"Gremlin Leader","floor":23,"turns":3}],"seed_played":"4168769263989512860","potions_obtained":[{"floor":1,"key":"Explosive Potion"},{"floor":3,"key":"EssenceOfSteel"},{"floor":11,"key":"SteroidPotion"},{"floor":14,"key":"BloodPotion"},{"floor":22,"key":"AttackPotion"}],"is_trial":false,"path_per_floor":["M","M","M","$","?","E","R","E","T","R","M","?","R","M","R","B",null,"M","?","?","$","M"],"character_chosen":"IRONCLAD","items_purchased":["Corruption","Warcry","Lee\u0027s Waffle"],"campfire_rested":3,"item_purchase_floors":[4,4,21],"current_hp_per_floor":[72,72,72,72,72,51,72,38,38,59,53,53,53,56,72,9,56,12,12,12,79,35,40],"gold":52,"neow_bonus":"ONE_RARE_RELIC","is_prod":false,"is_daily":false,"chose_seed":false,"campfire_upgraded":1,"win_rate":0,"timestamp":1529865551,"path_taken":["M","M","M","?","?","E","R","E","T","R","M","?","R","M","R","BOSS","M","?","?","$","M","E"],"build_version":"2018-06-21v2","purchased_purges":0,"victory":false,"max_hp_per_floor":[72,72,72,72,72,72,72,72,72,72,72,72,72,72,72,72,72,72,72,72,79,79,79],"card_choices":[{"not_picked":["Burning Pact","Combust"],"picked":"Pummel","floor":1},{"not_picked":["Armaments","Reckless Charge","True Grit"],"picked":"SKIP","floor":2},{"not_picked":["Perfected Strike","Iron Wave"],"picked":"Sentinel","floor":3},{"not_picked":["Thunderclap","Flex"],"picked":"Bloodletting","floor":6},{"not_picked":["Berserk","Limit Break"],"picked":"Clash","floor":8},{"not_picked":["Rampage","Body Slam"],"picked":"Havoc","floor":11},{"not_picked":["Havoc+1","Flex+1"],"picked":"Sever Soul","floor":14},{"not_picked":["Feed","Barricade"],"picked":"Fiend Fire","floor":16},{"not_picked":["Cleave","Warcry+1"],"picked":"Clash","floor":18},{"not_picked":["Clothesline","Whirlwind"],"picked":"Armaments+1","floor":22}],"player_experience":522050,"relics_obtained":[{"floor":6,"key":"Red Skull"},{"floor":8,"key":"Matryoshka"},{"floor":9,"key":"Toolbox"},{"floor":9,"key":"Potion Belt"}],"event_choices":[{"event_name":"The Cleric","player_choice":"Leave","floor":5,"damage_taken":0},{"event_name":"Big Fish","player_choice":"Box","floor":12,"damage_taken":0},{"event_name":"The Mausoleum","player_choice":"Yes","floor":19,"damage_taken":0},{"event_name":"Cursed Tome","player_choice":"Ignored","floor":20,"damage_taken":0}],"boss_relics":[{"not_picked":["White Beast Statue","Mark of Pain"],"picked":"Pandora\u0027s Box"}],"items_purged_floors":[],"is_endless":false,"potions_floor_spawned":[1,3,11,14,22],"killed_by":"Gremlin Leader","ascension_level":8}