{"gold_per_floor":[109,185,185,197,121,121,155,171,171,171,57,57,91,143,143,273,273,292,292,310,310,328,328,367,367,367,408,431,32,72,93,93,223,223,236,569,569,580,591,626,638,638,638,638,400,400,445,109,109,109,109,109,17,51,51],"floor_reached":56,"playtime":2971,"items_purged":["Strike_B","Stack","Turbo"],"score":1369,"play_id":"305ae314-edf5-44bb-bb61-488c24062090","local_time":"20181201000619","is_ascension_mode":true,"campfire_choices":[{"data":"Streamline","floor":6,"key":"SMITH"},{"data":"Zap","floor":10,"key":"SMITH"},{"data":"1","floor":15,"key":"LIFT"},{"data":"2","floor":23,"key":"LIFT"},{"data":"3","floor":25,"key":"LIFT"},{"floor":32,"key":"REST"},{"data":"Storm","floor":44,"key":"SMITH"},{"floor":46,"key":"RECALL"},{"data":"Hologram","floor":49,"key":"SMITH"},{"data":"Storm","floor":52,"key":"SMITH"}],"neow_cost":"NONE","seed_source_timestamp":464784508038515,"circlet_count":0,"master_deck":["Zap+1","Dualcast","White Noise","Ball Lightning","Hologram+1","Loop","Reinforced Body","Core Surge","Steam","Go for the Eyes","Ball Lightning","Coolheaded","BootSequence","Buffer","Blind","Cold Snap","Auto Shields+1","Hologram+1","Rip and Tear","Storm+1","Panache","Glacier","Electrodynamics","Bandage Up","Flash of Steel","Transmutation","Static Discharge+1","Barrage+1","Rip and Tear+1","Heatsinks","Beam Cell+1","Storm+1","Barrage","Self Repair","Trip","Heatsinks"],"relics":["Cracked Core","Pen Nib","Juzu Bracelet","Mercury Hourglass","Girya","Centennial Puzzle","Pandora\u0027s Box","Symbiotic Virus","Ornamental Fan","Strawberry","Membership Card","Tiny Chest","Nunchaku","Nuclear Battery","Mummified Hand","Bag of Preparation","Emotion Chip","Bird Faced Urn","Runic Capacitor","Potion Belt","Bronze Scales"],"potions_floor_usage":[16,24,47,55,55,55,55],"damage_taken":[{"damage":0,"enemies":"Cultist","floor":1,"turns":3},{"damage":7,"enemies":"Small Slimes","floor":4,"turns":3},{"damage":25,"enemies":"3 Sentries","floor":7,"turns":6},{"damage":0,"enemies":"2 Louse","floor":8,"turns":2},{"damage":5,"enemies":"Gremlin Nob","floor":13,"turns":3},{"damage":0,"enemies":"Slime Boss","floor":16,"turns":4},{"damage":0,"enemies":"Chosen","floor":18,"turns":3},{"damage":4,"enemies":"Spheric Guardian","floor":20,"turns":4},{"damage":20,"enemies":"Shelled Parasite and Fungi","floor":22,"turns":4},{"damage":19,"enemies":"Book of Stabbing","floor":24,"turns":4},{"damage":7,"enemies":"Slavers","floor":27,"turns":4},{"damage":7,"enemies":"3 Cultists","floor":28,"turns":5},{"damage":18,"enemies":"Gremlin Leader","floor":30,"turns":4},{"damage":8,"enemies":"Centurion and Healer","floor":31,"turns":5},{"damage":5,"enemies":"Collector","floor":33,"turns":7},{"damage":0,"enemies":"3 Shapes","floor":35,"turns":4},{"damage":0,"enemies":"Orb Walker","floor":38,"turns":3},{"damage":28,"enemies":"Maw","floor":39,"turns":6},{"damage":10,"enemies":"Nemesis","floor":40,"turns":5},{"damage":0,"enemies":"Transient","floor":41,"turns":5},{"damage":0,"enemies":"2 Orb Walkers","floor":47,"turns":2},{"damage":49,"enemies":"Awakened One","floor":50,"turns":10},{"damage":19,"enemies":"Shield and Spear","floor":54,"turns":3},{"damage":78,"enemies":"The Heart","floor":55,"turns":4}],"seed_played":"-986109741763724748","potions_obtained":[{"floor":7,"key":"Fire Potion"},{"floor":16,"key":"FearPotion"},{"floor":20,"key":"GamblersBrew"},{"floor":22,"key":"Regen Potion"},{"floor":24,"key":"LiquidBronze"},{"floor":39,"key":"Strength Potion"},{"floor":41,"key":"Swift Potion"},{"floor":47,"key":"SpeedPotion"}],"is_trial":false,"path_per_floor":["M","T","?","M","$","R","E","M","T","R","$","?","E","T","R","B",null,"M","?","M","?","M","R","E","R","T","E","M","$","E","M","R","B",null,"M","?","?","M","M","E","M","?","T","R","$","R","?","$","R","B",null,"R","$","E","B",null],"character_chosen":"DEFECT","items_purchased":["White Noise","Loop","Membership Card","Storm","Panache","Glacier","Tiny Chest","Emotion Chip","Heatsinks","Runic Capacitor","Storm","Potion Belt","PowerPotion","LiquidBronze","Barrage","Self Repair","Trip"],"campfire_rested":1,"item_purchase_floors":[5,11,29,29,29,29,29,45,45,48,48,48,48,48,53,53,53],"current_hp_per_floor":[75,75,80,73,73,73,48,48,48,48,48,48,43,43,43,43,74,74,74,70,70,50,50,45,45,45,45,38,38,20,12,36,31,81,81,81,71,71,47,41,45,45,45,45,45,45,49,49,49,20,81,81,81,70,23],"gold":51,"neow_bonus":"RANDOM_COMMON_RELIC","is_prod":false,"is_daily":false,"chose_seed":false,"campfire_upgraded":5,"win_rate":0,"timestamp":1543593979,"path_taken":["M","?","?","M","$","R","E","M","T","R","$","?","E","?","R","BOSS","M","?","M","?","M","R","E","R","T","E","M","$","E","M","R","BOSS","M","?","?","M","M","E","M","?","T","R","$","R","?","$","R","BOSS","R","$","E","BOSS"],"build_version":"2018-11-15","purchased_purges":3,"victory":true,"max_hp_per_floor":[75,75,80,80,80,80,80,80,80,80,80,74,74,74,74,74,74,74,74,74,74,74,74,74,74,74,81,81,81,81,81,81,81,81,81,81,81,81,81,81,81,81,81,81,81,81,81,81,81,81,81,81,81,81,81],"card_choices":[{"not_picked":["Turbo","Go for the Eyes","Double Energy"],"picked":"SKIP","floor":1},{"not_picked":["FTL","Hologram"],"picked":"Streamline","floor":4},{"not_picked":["Rebound","Barrage"],"picked":"Ball Lightning","floor":7},{"not_picked":["Gash","Leap"],"picked":"Hologram","floor":8},{"not_picked":["Doom and Gloom","Chaos"],"picked":"Reinforced Body","floor":13},{"not_picked":["Machine Learning","Rainbow"],"picked":"Core Surge","floor":16},{"not_picked":["Rebound+1","Doom and Gloom","Scrape"],"picked":"SKIP","floor":18},{"not_picked":["BootSequence","Sunder","Coolheaded"],"picked":"SKIP","floor":20},{"not_picked":["Reinforced Body","Beam Cell"],"picked":"Auto Shields+1","floor":22},{"not_picked":["Turbo","Sweeping Beam"],"picked":"Hologram+1","floor":24},{"not_picked":["Force Field","Beam Cell","Reboot"],"picked":"SKIP","floor":27},{"not_picked":["Compile Driver","Undo+1"],"picked":"Rip and Tear","floor":28},{"not_picked":["Tempest","Stack","Gash"],"picked":"SKIP","floor":30},{"not_picked":["Melter","Reinforced Body","Aggregate"],"picked":"SKIP","floor":31},{"not_picked":["Machine Learning","Seek"],"picked":"Electrodynamics","floor":33},{"not_picked":["Stack","Undo","Redo+1"],"picked":"SKIP","floor":35},{"not_picked":["Enlightenment","Madness"],"picked":"Bandage Up","floor":37},{"not_picked":["Transmutation","Impatience"],"picked":"Flash of Steel","floor":37},{"not_picked":["Good Instincts","Sadistic Nature"],"picked":"Transmutation","floor":37},{"not_picked":["Compile Driver+1","Leap+1"],"picked":"Static Discharge+1","floor":38},{"not_picked":["Darkness+1","Ball Lightning"],"picked":"Barrage+1","floor":39},{"not_picked":["Seek","Electrodynamics"],"picked":"Rip and Tear+1","floor":40},{"not_picked":["Cold Snap","Turbo+1","Coolheaded"],"picked":"SKIP","floor":41},{"not_picked":["Blizzard+1","Sunder+1"],"picked":"Beam Cell+1","floor":47},{"not_picked":["Go for the Eyes","Electrodynamics"],"picked":"Heatsinks","floor":54}],"player_experience":563885,"relics_obtained":[{"floor":7,"key":"Juzu Bracelet"},{"floor":9,"key":"Mercury Hourglass"},{"floor":13,"key":"Girya"},{"floor":14,"key":"Centennial Puzzle"},{"floor":24,"key":"Symbiotic Virus"},{"floor":26,"key":"Ornamental Fan"},{"floor":27,"key":"Strawberry"},{"floor":30,"key":"Nunchaku"},{"floor":40,"key":"Mummified Hand"},{"floor":43,"key":"Bag of Preparation"},{"floor":47,"key":"Bird Faced Urn"},{"floor":54,"key":"Bronze Scales"}],"event_choices":[{"damage_healed":0,"gold_gain":0,"player_choice":"Donut","damage_taken":0,"max_hp_gain":5,"max_hp_loss":0,"event_name":"Big Fish","floor":3,"gold_loss":0},{"damage_healed":0,"gold_gain":0,"player_choice":"Lose Max HP","damage_taken":0,"relics_obtained":["Golden Idol"],"max_hp_gain":0,"max_hp_loss":6,"event_name":"Golden Idol","floor":12,"gold_loss":0},{"damage_healed":0,"gold_gain":0,"player_choice":"2 cards matched","damage_taken":0,"max_hp_gain":0,"max_hp_loss":0,"event_name":"Match and Keep!","floor":19,"gold_loss":0,"cards_obtained":["Buffer","Blind"]},{"damage_healed":0,"gold_gain":0,"player_choice":"Read","damage_taken":0,"max_hp_gain":0,"max_hp_loss":0,"event_name":"The Library","floor":21,"gold_loss":0,"cards_obtained":["Cold Snap"]},{"damage_healed":0,"gold_gain":333,"player_choice":"Gave Idol","damage_taken":0,"max_hp_gain":0,"max_hp_loss":0,"event_name":"The Moai Head","floor":36,"relics_lost":["Golden Idol"],"gold_loss":0},{"damage_healed":0,"gold_gain":0,"player_choice":"Memory 3","damage_taken":10,"max_hp_gain":0,"max_hp_loss":0,"event_name":"SensoryStone","floor":37,"gold_loss":0},{"cards_removed":["Streamline"],"damage_healed":0,"gold_gain":0,"player_choice":"Removed Attack","damage_taken":0,"max_hp_gain":0,"max_hp_loss":0,"event_name":"Falling","floor":42,"gold_loss":0},{"damage_healed":0,"gold_gain":0,"player_choice":"Fight","damage_taken":0,"max_hp_gain":0,"max_hp_loss":0,"event_name":"Mysterious Sphere","floor":47,"gold_loss":0}],"is_beta":true,"boss_relics":[{"not_picked":["Lizard Tail","FrozenCore"],"picked":"Pandora\u0027s Box"},{"not_picked":["Calling Bell","Runic Pyramid"],"picked":"Nuclear Battery"}],"items_purged_floors":[11,45,48],"is_endless":false,"potions_floor_spawned":[7,16,20,22,24,28,30,39,41,47,54],"ascension_level":1}