{"path_per_floor":["M","M","?","?","M","R","E","M","T","$","E","?","M","?","R","B",null,"M","M","M","M","$","R"],"character_chosen":"THE_SILENT","items_purchased":["Blur"],"gold_per_floor":[111,123,123,123,134,134,164,181,208,58,84,84,100,124,124,225,225,243,183,196,213,113,113],"floor_reached":24,"campfire_rested":0,"playtime":1481,"current_hp_per_floor":[61,61,61,61,60,60,48,48,48,48,49,49,39,39,39,31,60,46,29,20,1,1,1],"items_purged":["Strike_G","Strike_G"],"gold":113,"score":258,"play_id":"760b9df5-a9e0-47b4-997b-23f19a8046c3","local_time":"20180304210622","is_prod":false,"is_daily":false,"is_ascension_mode":true,"campfire_upgraded":3,"timestamp":1520168782,"path_taken":["M","M","?","?","?","R","E","M","T","$","E","?","M","?","R","BOSS","M","M","M","?","?","R","E"],"build_version":"2018-03-02-BETA2","purchased_purges":2,"victory":false,"master_deck":["Defend_G","Defend_G","Defend_G","Defend_G+1","Defend_G","Strike_G","Strike_G","Survivor+1","Neutralize+1","Terror","Noxious Fumes+1","Heel Hook","Dagger Spray+1","Blur","Leg Sweep","Envenom+1","Calculated Gamble","Catalyst","Well Laid Plans","Riddle With Holes"],"max_hp_per_floor":[70,70,70,70,70,70,70,70,70,70,70,70,70,70,70,70,70,70,70,70,70,70,70],"relics":["Ring of the Snake","War Paint","Vajra","Bronze Scales","Odd Mushroom","Orrery"],"card_choices":[{"not_picked":["Calculated Gamble","Sucker Punch"],"picked":"Terror"},{"not_picked":["Dagger Throw","Outmaneuver"],"picked":"Noxious Fumes"},{"not_picked":["Sucker Punch","Deflect"],"picked":"Heel Hook"},{"not_picked":["Concentrate","Dagger Throw"],"picked":"Dagger Spray"},{"not_picked":["Flechettes","Choke"],"picked":"Leg Sweep"},{"not_picked":["Tactician","Bullet Time"],"picked":"Envenom"},{"not_picked":["Dodge and Roll","Underhanded Strike"],"picked":"Calculated Gamble"},{"not_picked":["Dagger Spray","Backstab"],"picked":"Catalyst"},{"not_picked":["Quick Slash","Distraction"],"picked":"Well Laid Plans"},{"not_picked":["PiercingWail","Caltrops"],"picked":"Riddle With Holes"}],"player_experience":154468,"potions_floor_usage":[11,16,18,24],"damage_taken":[{"damage":9,"enemies":"Jaw Worm","floor":1,"turns":5},{"damage":0,"enemies":"Cultist","floor":2,"turns":3},{"damage":1,"enemies":"Small Slimes","floor":5,"turns":3},{"damage":12,"enemies":"Lagavulin","floor":7,"turns":8},{"damage":0,"enemies":"Looter","floor":8,"turns":4},{"damage":14,"enemies":"3 Sentries","floor":11,"turns":7},{"damage":10,"enemies":"3 Louse","floor":13,"turns":3},{"damage":0,"enemies":"The Mushroom Lair","floor":14,"turns":4},{"damage":8,"enemies":"Hexaghost","floor":16,"turns":8},{"damage":14,"enemies":"Spheric Guardian","floor":18,"turns":8},{"damage":17,"enemies":"2 Thieves","floor":19,"turns":4},{"damage":9,"enemies":"Snake Plant","floor":20,"turns":5},{"damage":19,"enemies":"Centurion and Healer","floor":21,"turns":6},{"damage":4,"enemies":"Gremlin Leader","floor":24,"turns":1}],"event_choices":[{"event_name":"Purifier","player_choice":"One Purge","floor":3,"damage_taken":0},{"event_name":"Living Wall","player_choice":"Grow","floor":4,"damage_taken":0},{"event_name":"Liars Game","player_choice":"disagreed","floor":12,"damage_taken":0},{"event_name":"Mushrooms","player_choice":"Fought Mushrooms","floor":14,"damage_taken":0}],"boss_relics":[{"not_picked":["Snecko Eye","Runic Pyramid"],"picked":"Orrery"}],"potions_floor_spawned":[1,2,8,14,16],"seed_played":"-5772265633288815122","killed_by":"Gremlin Leader","ascension_level":5,"is_trial":false}