{"gold_per_floor":[115,115,115,115,32,32,42,42,42,68,68,83,83,99,99,172,172,188,103,15,31,31,31,63,79,105,122,7,7,7],"floor_reached":30,"playtime":627,"items_purged":[],"score":642,"play_id":"239a7987-49c0-46b5-bd26-0e668bb90191","local_time":"20190221154232","is_ascension_mode":true,"campfire_choices":[{"data":"Streamline","floor":6,"key":"SMITH"},{"data":"Dualcast","floor":8,"key":"SMITH"},{"data":"Cold Snap","floor":13,"key":"SMITH"},{"floor":15,"key":"REST"},{"data":"Sunder","floor":23,"key":"SMITH"},{"floor":29,"key":"REST"}],"neow_cost":"NONE","seed_source_timestamp":100119596143500,"circlet_count":0,"master_deck":["AscendersBane","Strike_B","Strike_B","Strike_B","Strike_B+1","Defend_B","Defend_B","Defend_B","Zap+1","Dualcast+1","Gash","Streamline+1","Rip and Tear+1","Cold Snap+1","Biased Cognition","Chill","BootSequence","Gash","Seek","Sunder+1","Redo+1","Cold Snap","Cold Snap","Blizzard"],"relics":["Cracked Core","NeowsBlessing","Strawberry","Dodecahedron","Orrery","Letter Opener","Incense Burner","Art of War"],"potions_floor_usage":[16,16],"damage_taken":[{"damage":0,"enemies":"2 Louse","floor":1,"turns":1},{"damage":0,"enemies":"Jaw Worm","floor":7,"turns":1},{"damage":0,"enemies":"Lagavulin","floor":10,"turns":1},{"damage":3,"enemies":"Small Slimes","floor":12,"turns":3},{"damage":11,"enemies":"Blue Slaver","floor":14,"turns":3},{"damage":0,"enemies":"Slime Boss","floor":16,"turns":5},{"damage":26,"enemies":"3 Byrds","floor":18,"turns":6},{"damage":6,"enemies":"Chosen","floor":21,"turns":3},{"damage":31,"enemies":"Slavers","floor":24,"turns":4},{"damage":22,"enemies":"Snecko","floor":25,"turns":5},{"damage":20,"enemies":"Chosen and Byrds","floor":27,"turns":4},{"damage":29,"enemies":"Snake Plant","floor":30,"turns":2}],"seed_played":"-8616271267995037179","potions_obtained":[{"floor":7,"key":"SkillPotion"}],"is_trial":false,"path_per_floor":["M","?","?","?","$","R","M","R","T","E","?","M","R","M","R","B",null,"M","?","$","M","?","R","E","M","T","M","$","R","M"],"character_chosen":"DEFECT","items_purchased":["Streamline","FearPotion","Sunder","Cold Snap","Blizzard"],"campfire_rested":2,"item_purchase_floors":[5,5,20,28,28],"current_hp_per_floor":[64,43,36,32,32,32,32,32,32,32,32,29,29,18,41,41,69,43,43,43,37,78,78,47,25,25,5,5,28,0],"gold":7,"neow_bonus":"THREE_ENEMY_KILL","is_prod":false,"is_daily":false,"chose_seed":false,"campfire_upgraded":4,"win_rate":0,"timestamp":1550731352,"path_taken":["M","?","?","?","?","R","M","R","T","E","?","?","R","M","R","BOSS","M","?","$","M","?","R","E","?","T","?","$","R","M"],"build_version":"2019-01-23","purchased_purges":0,"victory":false,"max_hp_per_floor":[71,71,71,78,78,78,78,78,78,78,78,78,78,78,78,78,78,78,78,78,78,78,78,78,78,78,78,78,78,78],"card_choices":[{"not_picked":["Turbo","Steam"],"picked":"Gash","floor":1},{"not_picked":["Conserve Battery","Beam Cell","Turbo"],"picked":"SKIP","floor":7},{"not_picked":["Auto Shields","Streamline"],"picked":"Rip and Tear","floor":10},{"not_picked":["Melter","Reboot"],"picked":"Cold Snap","floor":12},{"not_picked":["Scrape","Steam"],"picked":"Blizzard","floor":14},{"not_picked":["Reboot","Echo Form"],"picked":"Biased Cognition","floor":16},{"not_picked":["Stack","Steam"],"picked":"Chill","floor":17},{"not_picked":["Storm","Redo"],"picked":"BootSequence","floor":17},{"not_picked":["Redo","Ball Lightning"],"picked":"Gash","floor":17},{"not_picked":["Go for the Eyes","Hello World"],"picked":"Seek","floor":18},{"not_picked":["Barrage","Sweeping Beam"],"picked":"Redo+1","floor":21},{"not_picked":["Leap","Scrape","Thunder Strike"],"picked":"SKIP","floor":24},{"not_picked":["Leap","Scrape","Thunder Strike"],"picked":"SKIP","floor":24},{"not_picked":["Rebound","Compile Driver","Stack+1"],"picked":"SKIP","floor":25},{"not_picked":["Redo","Storm"],"picked":"Cold Snap","floor":27}],"player_experience":1694908,"relics_obtained":[{"floor":10,"key":"Dodecahedron"},{"floor":24,"key":"Incense Burner"},{"floor":26,"key":"Art of War"}],"event_choices":[{"damage_healed":0,"gold_gain":0,"player_choice":"Entered Light","damage_taken":21,"max_hp_gain":0,"max_hp_loss":0,"event_name":"Shining Light","floor":2,"gold_loss":0,"cards_upgraded":["Zap","Strike_B"]},{"cards_removed":["Defend_B"],"damage_healed":0,"gold_gain":0,"player_choice":"Card Removal","damage_taken":7,"max_hp_gain":0,"max_hp_loss":0,"event_name":"Golden Wing","floor":3,"gold_loss":0},{"damage_healed":0,"gold_gain":0,"player_choice":"Success","damage_taken":11,"relics_obtained":["Strawberry"],"max_hp_gain":0,"max_hp_loss":0,"event_name":"Scrap Ooze","floor":4,"gold_loss":0},{"damage_healed":0,"gold_gain":0,"player_choice":"Upgraded","damage_taken":0,"max_hp_gain":0,"max_hp_loss":0,"event_name":"Upgrade Shrine","floor":11,"gold_loss":0,"cards_upgraded":["Rip and Tear"]},{"damage_healed":0,"gold_gain":0,"player_choice":"Obtained Relic","damage_taken":0,"relics_obtained":["Letter Opener"],"max_hp_gain":0,"max_hp_loss":0,"event_name":"Addict","floor":19,"gold_loss":85},{"cards_removed":["Blizzard"],"damage_healed":41,"gold_gain":0,"player_choice":"Offered Uncommon","damage_taken":0,"max_hp_gain":0,"max_hp_loss":0,"event_name":"Bonfire Elementals","floor":22,"gold_loss":0}],"is_beta":false,"boss_relics":[{"not_picked":["Nuclear Battery","White Beast Statue"],"picked":"Orrery"}],"items_purged_floors":[],"is_endless":false,"potions_floor_spawned":[7,10],"killed_by":"Snake Plant","ascension_level":20}