{"gold_per_floor":[116,116,116,191,210,210,250,250,250,265,265,185,208,2,2,97,97,115,40,73,73,73,73,73,91,91,91,106,106,6,42,42,42],"floor_reached":33,"playtime":828,"items_purged":["Strike_R","Strike_R"],"score":568,"play_id":"163bdbda-6f7c-4dc9-a7e0-b49eec5b201a","local_time":"20190411194545","is_ascension_mode":true,"campfire_choices":[{"data":"Rampage","floor":6,"key":"SMITH"},{"data":"Bash","floor":8,"key":"SMITH"},{"data":"Whirlwind","floor":11,"key":"SMITH"},{"data":"Disarm","floor":15,"key":"SMITH"},{"data":"True Grit","floor":23,"key":"SMITH"},{"data":"Juggernaut","floor":27,"key":"SMITH"},{"data":"Battle Trance","floor":29,"key":"SMITH"},{"data":"Flame Barrier","floor":32,"key":"SMITH"}],"neow_cost":"NONE","seed_source_timestamp":409249114565200,"circlet_count":0,"master_deck":["AscendersBane","Strike_R","Defend_R","Defend_R","Defend_R","Defend_R","Bash+1","Rampage+1","Battle Trance+1","Whirlwind+1","Impervious","Disarm+1","True Grit+1","Juggernaut+1","Power Through","Flame Barrier+1"],"relics":["Burning Blood","NeowsBlessing","Bronze Scales","Golden Idol","Bottled Lightning","Velvet Choker","Red Mask","Singing Bowl","Kunai"],"potions_floor_usage":[16,16,18,18,31],"damage_taken":[{"damage":0,"enemies":"Small Slimes","floor":1,"turns":1},{"damage":0,"enemies":"2 Louse","floor":5,"turns":1},{"damage":0,"enemies":"3 Sentries","floor":7,"turns":1},{"damage":7,"enemies":"Jaw Worm","floor":10,"turns":3},{"damage":15,"enemies":"Exordium Thugs","floor":13,"turns":4},{"damage":24,"enemies":"Hexaghost","floor":16,"turns":9},{"damage":7,"enemies":"Chosen","floor":18,"turns":5},{"damage":21,"enemies":"Masked Bandits","floor":20,"turns":4},{"damage":11,"enemies":"Shell Parasite","floor":25,"turns":5},{"damage":18,"enemies":"Cultist and Chosen","floor":28,"turns":5},{"damage":7,"enemies":"Book of Stabbing","floor":31,"turns":5},{"damage":34,"enemies":"Automaton","floor":33,"turns":10}],"seed_played":"-4865195593730322869","potions_obtained":[{"floor":1,"key":"SteroidPotion"},{"floor":7,"key":"Dexterity Potion"},{"floor":16,"key":"Ancient Potion"},{"floor":18,"key":"Fruit Juice"},{"floor":28,"key":"Energy Potion"}],"is_trial":false,"path_per_floor":["M","?","?","?","M","R","E","R","T","M","R","$","M","$","R","B",null,"M","?","?","?","$","R","$","M","T","R","M","R","$","E","R","B"],"character_chosen":"IRONCLAD","items_purchased":["Impervious","Disarm","True Grit"],"campfire_rested":0,"item_purchase_floors":[12,14,14],"current_hp_per_floor":[74,69,43,32,38,38,44,44,44,43,43,43,34,34,34,16,60,64,64,49,49,49,49,49,44,44,44,34,34,34,35,35,1],"gold":42,"neow_bonus":"THREE_ENEMY_KILL","is_prod":false,"is_daily":false,"chose_seed":false,"campfire_upgraded":8,"win_rate":0,"timestamp":1554979545,"path_taken":["M","?","?","?","?","R","E","R","T","M","R","?","M","$","R","BOSS","M","?","?","?","?","R","$","M","T","R","?","R","$","E","R","BOSS"],"build_version":"2019-01-23","purchased_purges":2,"victory":false,"max_hp_per_floor":[75,75,75,75,75,75,75,75,75,75,75,75,75,75,75,75,75,80,80,80,80,80,80,80,80,80,80,82,82,82,84,84,84],"card_choices":[{"not_picked":["Inflame","Iron Wave"],"picked":"Rampage","floor":1},{"not_picked":["Flex","Infernal Blade","Pommel Strike"],"picked":"SKIP","floor":5},{"not_picked":["Flame Barrier","Pommel Strike"],"picked":"Battle Trance","floor":7},{"not_picked":["Evolve","Rage"],"picked":"Whirlwind","floor":10},{"not_picked":["Dark Embrace","Thunderclap","Warcry"],"picked":"SKIP","floor":13},{"not_picked":["Bludgeon","Exhume"],"picked":"Juggernaut","floor":16},{"not_picked":["Dual Wield","Carnage","Thunderclap"],"picked":"SKIP","floor":18},{"not_picked":["Rampage","Wild Strike"],"picked":"Power Through","floor":20},{"not_picked":["Havoc","Shrug It Off"],"picked":"Flame Barrier","floor":25},{"not_picked":["Sword Boomerang","Brutality","Infernal Blade"],"picked":"Singing Bowl","floor":28},{"not_picked":["Metallicize","Heavy Blade","Clash"],"picked":"Singing Bowl","floor":31}],"player_experience":3059278,"relics_obtained":[{"floor":7,"key":"Bottled Lightning"},{"floor":20,"key":"Red Mask"},{"floor":26,"key":"Singing Bowl"},{"floor":31,"key":"Kunai"}],"event_choices":[{"damage_healed":0,"gold_gain":0,"player_choice":"Success","damage_taken":5,"relics_obtained":["Bronze Scales"],"max_hp_gain":0,"max_hp_loss":0,"event_name":"Scrap Ooze","floor":2,"gold_loss":0},{"damage_healed":0,"gold_gain":0,"player_choice":"Take Damage","damage_taken":26,"relics_obtained":["Golden Idol"],"max_hp_gain":0,"max_hp_loss":0,"event_name":"Golden Idol","floor":3,"gold_loss":0},{"damage_healed":0,"gold_gain":75,"player_choice":"Gather Gold","damage_taken":11,"max_hp_gain":0,"max_hp_loss":0,"event_name":"World of Goop","floor":4,"gold_loss":0},{"cards_removed":["Strike_R"],"damage_healed":0,"gold_gain":0,"player_choice":"Gave Gold","damage_taken":0,"max_hp_gain":0,"max_hp_loss":0,"event_name":"Beggar","floor":19,"gold_loss":75},{"damage_healed":0,"gold_gain":0,"player_choice":"Fought Bandits","damage_taken":0,"max_hp_gain":0,"max_hp_loss":0,"event_name":"Masked Bandits","floor":20,"gold_loss":0},{"cards_removed":["Strike_R"],"damage_healed":0,"gold_gain":0,"player_choice":"Elegance","damage_taken":0,"max_hp_gain":0,"max_hp_loss":0,"event_name":"Back to Basics","floor":21,"gold_loss":0}],"is_beta":false,"boss_relics":[{"not_picked":["White Beast Statue","Tiny House"],"picked":"Velvet Choker"}],"items_purged_floors":[14,30],"is_endless":false,"potions_floor_spawned":[1,7,16,18,28],"killed_by":"Automaton","ascension_level":20}