{"gold_per_floor":[365,18,29,39,39,39,57,86,109,129,129,142,142,158,158,236,236,249,299,2,2,19,53,53,71,71,71,82,111,36,83,95,184,196,228,340,363,7,7,34,34,0,47,62,88,107,126,161,161,161,161,161,161,24,56,56],"floor_reached":57,"playtime":3290,"items_purged":["All For One","Go for the Eyes","Zap"],"score":3064,"play_id":"374cc63c-1b87-4001-8455-c835b2628bef","local_time":"20190317225218","is_ascension_mode":true,"campfire_choices":[{"data":"Apotheosis","floor":6,"key":"SMITH"},{"floor":11,"key":"REST"},{"data":"Defragment","floor":15,"key":"SMITH"},{"floor":24,"key":"REST"},{"data":"Defragment","floor":27,"key":"SMITH"},{"floor":32,"key":"REST"},{"data":"Consume","floor":41,"key":"SMITH"},{"floor":49,"key":"RECALL"},{"data":"Capacitor","floor":53,"key":"SMITH"}],"neow_cost":"CURSE","seed_source_timestamp":40370578914700,"circlet_count":0,"master_deck":["AscendersBane","Dualcast","Tempest","Apotheosis+1","Glacier","Coolheaded","Defragment+1","Glacier","Cold Snap","Echo Form","Glacier","Leap","Seek","Cold Snap","Defragment+1","Chill","Consume+1","Capacitor+1","Blizzard","Meteor Strike","Loop+1","Madness","Madness","Undo","Capacitor"],"relics":["Cracked Core","Regal Pillow","Anchor","Pandora\u0027s Box","OrangePellets","Orichalcum","Blood Vial","PreservedInsect","MawBank","Snecko Eye","Incense Burner","Bottled Tornado","Smiling Mask","Red Mask","Oddly Smooth Stone","Blue Candle","Lantern","Boot"],"potions_floor_usage":[8,16,45,56,56],"damage_taken":[{"damage":2,"enemies":"2 Louse","floor":1,"turns":3},{"damage":7,"enemies":"Jaw Worm","floor":3,"turns":3},{"damage":0,"enemies":"Cultist","floor":4,"turns":3},{"damage":33,"enemies":"Exordium Thugs","floor":7,"turns":6},{"damage":3,"enemies":"Lagavulin","floor":8,"turns":7},{"damage":0,"enemies":"Blue Slaver","floor":10,"turns":3},{"damage":0,"enemies":"Red Slaver","floor":12,"turns":5},{"damage":12,"enemies":"Lots of Slimes","floor":14,"turns":4},{"damage":9,"enemies":"The Guardian","floor":16,"turns":13},{"damage":12,"enemies":"2 Thieves","floor":18,"turns":4},{"damage":0,"enemies":"Chosen","floor":22,"turns":7},{"damage":17,"enemies":"Book of Stabbing","floor":23,"turns":7},{"damage":2,"enemies":"Snake Plant","floor":25,"turns":4},{"damage":0,"enemies":"Sentry and Sphere","floor":28,"turns":10},{"damage":18,"enemies":"Slavers","floor":29,"turns":10},{"damage":1,"enemies":"Champ","floor":33,"turns":19},{"damage":0,"enemies":"Orb Walker","floor":35,"turns":5},{"damage":0,"enemies":"Mind Bloom Boss Battle","floor":36,"turns":3},{"damage":0,"enemies":"3 Shapes","floor":37,"turns":6},{"damage":0,"enemies":"Nemesis","floor":40,"turns":5},{"damage":0,"enemies":"3 Darklings","floor":44,"turns":3},{"damage":0,"enemies":"Reptomancer","floor":45,"turns":8},{"damage":0,"enemies":"Spire Growth","floor":46,"turns":5},{"damage":0,"enemies":"Transient","floor":47,"turns":6},{"damage":0,"enemies":"Nemesis","floor":48,"turns":5},{"damage":0,"enemies":"Donu and Deca","floor":50,"turns":15},{"damage":6,"enemies":"Awakened One","floor":51,"turns":11},{"damage":0,"enemies":"Shield and Spear","floor":55,"turns":6},{"damage":21,"enemies":"The Heart","floor":56,"turns":14}],"seed_played":"1437902462317116517","potions_obtained":[{"floor":4,"key":"Weak Potion"},{"floor":10,"key":"GamblersBrew"},{"floor":14,"key":"Weak Potion"},{"floor":16,"key":"AttackPotion"},{"floor":22,"key":"FocusPotion"},{"floor":40,"key":"SkillPotion"},{"floor":45,"key":"GamblersBrew"}],"is_trial":false,"path_per_floor":["M","$","M","M","?","R","M","E","T","M","R","M","?","M","R","B",null,"M","?","$","?","M","E","R","M","T","R","M","E","$","T","R","B",null,"M","?","M","$","?","E","R","?","T","M","E","M","M","E","R","B","B",null,"R","$","E","B",null],"character_chosen":"DEFECT","items_purchased":["Apotheosis","Regal Pillow","OrangePellets","Chill","Bottled Tornado","Capacitor"],"campfire_rested":3,"item_purchase_floors":[2,2,20,20,38,54],"current_hp_per_floor":[62,62,55,55,48,48,15,12,12,12,48,48,48,36,36,27,60,48,41,41,41,41,24,60,58,58,58,60,44,44,44,71,70,71,71,71,71,71,58,60,60,60,60,62,64,66,68,70,70,71,65,70,70,70,71,50],"gold":56,"neow_bonus":"TWO_FIFTY_GOLD","is_prod":false,"is_daily":false,"chose_seed":false,"campfire_upgraded":5,"win_rate":0,"timestamp":1552830738,"path_taken":["M","$","M","M","?","R","M","E","T","M","R","M","?","?","R","BOSS","M","?","?","?","?","E","R","M","T","R","M","E","$","?","R","BOSS","M","?","M","$","?","E","R","?","T","M","E","M","M","E","R","BOSS","BOSS","R","$","E","BOSS"],"build_version":"2019-01-23","purchased_purges":3,"victory":true,"max_hp_per_floor":[71,71,71,71,71,71,71,71,71,71,71,71,71,71,71,71,71,71,71,71,71,71,71,71,71,71,71,71,71,71,71,71,71,71,71,71,71,71,71,71,71,71,71,71,71,71,71,71,71,71,71,71,71,71,71,71],"card_choices":[{"not_picked":["Recycle","Genetic Algorithm"],"picked":"Tempest","floor":1},{"not_picked":["Stack","Genetic Algorithm","Reprogram"],"picked":"SKIP","floor":3},{"not_picked":["Heatsinks","Rip and Tear"],"picked":"Glacier","floor":4},{"not_picked":["Rebound","Hello World"],"picked":"Coolheaded","floor":7},{"not_picked":["Redo","Conserve Battery"],"picked":"Defragment","floor":8},{"not_picked":["Go for the Eyes","Rip and Tear"],"picked":"Glacier","floor":10},{"not_picked":["Ball Lightning","Leap","Gash"],"picked":"SKIP","floor":12},{"not_picked":["Ball Lightning","Hologram"],"picked":"Cold Snap","floor":14},{"not_picked":["All For One","Machine Learning"],"picked":"Echo Form","floor":16},{"not_picked":["Redo","Stack","Gash"],"picked":"SKIP","floor":18},{"not_picked":["Reinforced Body","Barrage"],"picked":"Consume","floor":22},{"not_picked":["Compile Driver","Darkness"],"picked":"Capacitor","floor":23},{"not_picked":["Redo","Force Field","Go for the Eyes+1"],"picked":"SKIP","floor":25},{"not_picked":["Reprogram","Recycle","Leap"],"picked":"SKIP","floor":28},{"not_picked":["Compile Driver","Redo"],"picked":"Blizzard","floor":29},{"not_picked":["Hyperbeam","Thunder Strike"],"picked":"Meteor Strike","floor":33},{"not_picked":["Melter","Force Field+1","Compile Driver+1"],"picked":"SKIP","floor":35},{"not_picked":["Rip and Tear","Rebound+1"],"picked":"Loop+1","floor":37},{"not_picked":["Turbo","Steam"],"picked":"Undo","floor":40},{"not_picked":["Barrage","Ball Lightning","Undo"],"picked":"SKIP","floor":44},{"not_picked":["Chaos","Hologram","Barrage"],"picked":"SKIP","floor":45},{"not_picked":["Ball Lightning","Stack","Buffer"],"picked":"SKIP","floor":46},{"not_picked":["Double Energy","Consume","Gash"],"picked":"SKIP","floor":47},{"not_picked":["Gash","Multi-Cast","Rainbow"],"picked":"SKIP","floor":48},{"not_picked":["Gash","Rebound","Conserve Battery"],"picked":"SKIP","floor":55}],"player_experience":2336299,"relics_obtained":[{"floor":8,"key":"Anchor"},{"floor":23,"key":"Orichalcum"},{"floor":26,"key":"Blood Vial"},{"floor":29,"key":"PreservedInsect"},{"floor":31,"key":"MawBank"},{"floor":36,"key":"Incense Burner"},{"floor":40,"key":"Smiling Mask"},{"floor":43,"key":"Oddly Smooth Stone"},{"floor":45,"key":"Blue Candle"},{"floor":48,"key":"Lantern"},{"floor":55,"key":"Boot"}],"event_choices":[{"cards_removed":["Clumsy"],"damage_healed":0,"gold_gain":0,"player_choice":"Card Removal","damage_taken":7,"max_hp_gain":0,"max_hp_loss":0,"event_name":"Golden Wing","floor":5,"gold_loss":0},{"cards_removed":["Defend_B"],"damage_healed":0,"gold_gain":0,"player_choice":"Purged","damage_taken":0,"max_hp_gain":0,"max_hp_loss":0,"event_name":"Purifier","floor":13,"gold_loss":0},{"damage_healed":0,"gold_gain":50,"player_choice":"Touch","damage_taken":7,"max_hp_gain":0,"max_hp_loss":0,"event_name":"FaceTrader","floor":19,"gold_loss":0},{"damage_healed":0,"gold_gain":0,"cards_transformed":["Steam Power"],"player_choice":"Transformed","damage_taken":0,"max_hp_gain":0,"max_hp_loss":0,"event_name":"Transmorgrifier","floor":21,"gold_loss":0,"cards_obtained":["All For One"]},{"damage_healed":0,"gold_gain":0,"player_choice":"Fight","damage_taken":0,"max_hp_gain":0,"max_hp_loss":0,"event_name":"MindBloom","floor":36,"gold_loss":0},{"damage_healed":0,"gold_gain":0,"player_choice":"Embrace Madness","damage_taken":13,"max_hp_gain":0,"max_hp_loss":0,"event_name":"Winding Halls","floor":39,"gold_loss":0,"cards_obtained":["Madness","Madness"]},{"damage_healed":0,"gold_gain":0,"player_choice":"Paid","damage_taken":0,"relics_obtained":["Red Mask"],"max_hp_gain":0,"max_hp_loss":0,"event_name":"Tomb of Lord Red Mask","floor":42,"gold_loss":34}],"is_beta":false,"boss_relics":[{"not_picked":["Empty Cage","Orrery"],"picked":"Pandora\u0027s Box"},{"not_picked":["Nuclear Battery","FrozenCore"],"picked":"Snecko Eye"}],"items_purged_floors":[30,38,54],"is_endless":false,"potions_floor_spawned":[4,10,14,16,22,29,37,40,45,46,55],"ascension_level":20}