{"gold_per_floor":[116,116,116,131,47,86,86,101,126,126,161,161,161,186,186,277,277,295,295,570,83,96,131,131,150,150,150,171,171,131,172,172,172],"floor_reached":33,"playtime":1093,"items_purged":["Regret"],"score":682,"play_id":"9eb2afc7-0291-4b93-9500-4d45ca2bef63","local_time":"20190223141433","is_ascension_mode":true,"campfire_choices":[{"data":"Streamline","floor":10,"key":"SMITH"},{"floor":13,"key":"REST"},{"data":"Hologram","floor":15,"key":"SMITH"},{"data":"Electrodynamics","floor":24,"key":"SMITH"},{"data":"Zap","floor":27,"key":"SMITH"},{"floor":29,"key":"REST"},{"floor":32,"key":"REST"}],"neow_cost":"NONE","seed_source_timestamp":267175645734200,"circlet_count":0,"master_deck":["AscendersBane","Strike_B","Strike_B","Strike_B","Defend_B+1","Defend_B+1","Defend_B","Defend_B+1","Zap+1","Dualcast","Cold Snap+1","Streamline+1","Defragment+1","Core Surge","Hologram+1","Chill","Electrodynamics+1","Conserve Battery","Necronomicurse","Defragment+1","Turbo","Gash","Cold Snap","Gash+1","Reboot"],"relics":["FrozenCore","NeowsBlessing","Golden Idol","Lantern","Bronze Scales","Girya","Necronomicon","DollysMirror","Orichalcum","War Paint","Unceasing Top","Bottled Flame"],"potions_floor_usage":[22,25,28,31,33,33],"damage_taken":[{"damage":0,"enemies":"Small Slimes","floor":1,"turns":1},{"damage":0,"enemies":"Cultist","floor":4,"turns":1},{"damage":0,"enemies":"3 Sentries","floor":6,"turns":1},{"damage":0,"enemies":"2 Louse","floor":8,"turns":1},{"damage":17,"enemies":"Lagavulin","floor":11,"turns":6},{"damage":8,"enemies":"Looter","floor":14,"turns":2},{"damage":27,"enemies":"The Guardian","floor":16,"turns":15},{"damage":0,"enemies":"3 Byrds","floor":18,"turns":3},{"damage":11,"enemies":"Shell Parasite","floor":22,"turns":6},{"damage":0,"enemies":"Gremlin Leader","floor":23,"turns":6},{"damage":0,"enemies":"3 Cultists","floor":25,"turns":5},{"damage":16,"enemies":"Snecko","floor":28,"turns":5},{"damage":19,"enemies":"Book of Stabbing","floor":31,"turns":6},{"damage":44,"enemies":"Automaton","floor":33,"turns":6}],"seed_played":"-6797964117880439053","potions_obtained":[{"floor":4,"key":"Ancient Potion"},{"floor":16,"key":"AttackPotion"},{"floor":18,"key":"Regen Potion"},{"floor":22,"key":"SpeedPotion"},{"floor":30,"key":"Fire Potion"},{"floor":30,"key":"FocusPotion"},{"floor":31,"key":"Block Potion"}],"is_trial":false,"path_per_floor":["M","?","?","M","$","E","?","M","T","R","E","?","R","M","R","B",null,"M","?","?","$","M","E","R","M","T","R","M","R","?","E","R","B"],"character_chosen":"DEFECT","items_purchased":["Defragment","DollysMirror","Orichalcum","Turbo"],"campfire_rested":3,"item_purchase_floors":[5,21,21,21],"current_hp_per_floor":[64,64,45,45,45,45,45,45,45,45,28,21,40,32,32,5,49,49,28,28,28,32,32,32,32,32,32,16,35,35,16,35,0],"gold":172,"neow_bonus":"THREE_ENEMY_KILL","is_prod":false,"is_daily":false,"chose_seed":false,"campfire_upgraded":4,"win_rate":0,"timestamp":1550898873,"path_taken":["M","?","?","M","$","E","?","?","T","R","E","?","R","M","R","BOSS","M","?","?","$","M","E","R","?","T","R","?","R","?","E","R","BOSS"],"build_version":"2019-01-23","purchased_purges":1,"victory":false,"max_hp_per_floor":[71,64,64,64,64,64,64,64,64,64,64,64,64,64,64,64,64,64,64,64,64,64,64,64,64,64,64,64,64,64,64,64,64],"card_choices":[{"not_picked":["Steam","Melter"],"picked":"Cold Snap","floor":1},{"not_picked":["Ball Lightning","Barrage"],"picked":"Streamline","floor":4},{"not_picked":["Sweeping Beam","Tempest"],"picked":"Core Surge","floor":6},{"not_picked":["Leap","Doom and Gloom","Darkness"],"picked":"SKIP","floor":8},{"not_picked":["Force Field","Darkness"],"picked":"Hologram","floor":11},{"not_picked":["Turbo","Hologram","Chill"],"picked":"SKIP","floor":14},{"not_picked":["Turbo","Hologram"],"picked":"Chill","floor":14},{"not_picked":["Echo Form","Machine Learning"],"picked":"Electrodynamics","floor":16},{"not_picked":["Compile Driver","Beam Cell"],"picked":"Conserve Battery","floor":18},{"not_picked":["Steam","Heatsinks"],"picked":"Gash","floor":22},{"not_picked":["Conserve Battery+1","Recycle"],"picked":"Cold Snap","floor":23},{"not_picked":["Sweeping Beam","Aggregate"],"picked":"Gash+1","floor":25},{"not_picked":["Rip and Tear","Turbo","Force Field"],"picked":"SKIP","floor":28},{"not_picked":["Stack+1","Hologram"],"picked":"Reboot","floor":31}],"player_experience":1771255,"relics_obtained":[{"floor":6,"key":"Lantern"},{"floor":9,"key":"Bronze Scales"},{"floor":11,"key":"Girya"},{"floor":19,"key":"Necronomicon"},{"floor":23,"key":"War Paint"},{"floor":26,"key":"Unceasing Top"},{"floor":31,"key":"Bottled Flame"}],"event_choices":[{"damage_healed":0,"gold_gain":0,"player_choice":"Lose Max HP","damage_taken":0,"relics_obtained":["Golden Idol"],"max_hp_gain":0,"max_hp_loss":7,"event_name":"Golden Idol","floor":2,"gold_loss":0},{"damage_healed":0,"gold_gain":0,"player_choice":"Entered Light","damage_taken":19,"max_hp_gain":0,"max_hp_loss":0,"event_name":"Shining Light","floor":3,"gold_loss":0,"cards_upgraded":["Defend_B","Cold Snap"]},{"damage_healed":0,"gold_gain":0,"player_choice":"Upgraded","damage_taken":0,"max_hp_gain":0,"max_hp_loss":0,"event_name":"Upgrade Shrine","floor":7,"gold_loss":0,"cards_upgraded":["Defragment"]},{"cards_removed":["Strike_B"],"damage_healed":0,"gold_gain":0,"player_choice":"Card Removal","damage_taken":7,"max_hp_gain":0,"max_hp_loss":0,"event_name":"Golden Wing","floor":12,"gold_loss":0},{"damage_healed":0,"gold_gain":0,"player_choice":"Obtained Book","damage_taken":21,"max_hp_gain":0,"max_hp_loss":0,"event_name":"Cursed Tome","floor":19,"gold_loss":0},{"damage_healed":0,"gold_gain":275,"player_choice":"Desecrate","damage_taken":0,"max_hp_gain":0,"max_hp_loss":0,"event_name":"Golden Shrine","floor":20,"gold_loss":0,"cards_obtained":["Regret"]},{"damage_healed":0,"gold_gain":0,"player_choice":"Bought 3 Potions","damage_taken":0,"max_hp_gain":0,"max_hp_loss":0,"event_name":"The Woman in Blue","floor":30,"gold_loss":0}],"is_beta":false,"boss_relics":[{"not_picked":["Lizard Tail","Ectoplasm"],"picked":"FrozenCore"}],"items_purged_floors":[21],"is_endless":false,"potions_floor_spawned":[4,16,18,22,31],"killed_by":"Automaton","ascension_level":20}