{"gold_per_floor":[109,124,124,124,199,199,155,155,155,194,194,11,24,24],"floor_reached":14,"playtime":125,"items_purged":[],"score":222,"play_id":"dce7a302-4aad-4c30-a5a6-f32db0cb2ee9","local_time":"20190314151659","is_ascension_mode":true,"campfire_choices":[{"data":"Zap","floor":6,"key":"SMITH"},{"data":"Defragment","floor":8,"key":"SMITH"}],"neow_cost":"NONE","seed_source_timestamp":18921381300100,"circlet_count":0,"master_deck":["AscendersBane","Strike_B","Strike_B+1","Strike_B","Strike_B","Defend_B+1","Defend_B","Defend_B","Zap+1","Dualcast","Cold Snap","Coolheaded","Defragment+1","Chill","Static Discharge"],"relics":["Cracked Core","NeowsBlessing","Golden Idol","Smiling Mask","Calipers","Tiny Chest"],"potions_floor_usage":[13,13,14],"damage_taken":[{"damage":0,"enemies":"2 Louse","floor":1,"turns":1},{"damage":0,"enemies":"Small Slimes","floor":2,"turns":1},{"damage":0,"enemies":"Gremlin Nob","floor":10,"turns":1},{"damage":0,"enemies":"Jaw Worm","floor":13,"turns":1},{"damage":0,"enemies":"3 Louse","floor":14,"turns":1}],"seed_played":"-7988114020523702399","potions_obtained":[{"floor":2,"key":"SteroidPotion"},{"floor":13,"key":"GamblersBrew"}],"is_trial":false,"path_per_floor":["M","M","?","?","?","R","$","R","T","E","?","$","M","M"],"character_chosen":"DEFECT","items_purchased":["Defragment","Tiny Chest","AttackPotion"],"campfire_rested":0,"item_purchase_floors":[7,12,12],"current_hp_per_floor":[64,64,40,33,22,22,22,22,22,22,1,1,1,1],"gold":24,"neow_bonus":"THREE_ENEMY_KILL","is_prod":false,"is_daily":false,"chose_seed":false,"campfire_upgraded":2,"win_rate":0,"timestamp":1552544219,"path_taken":["M","M","?","?","?","R","?","R","T","E","?","$","M","?"],"build_version":"2019-01-23","purchased_purges":0,"victory":false,"max_hp_per_floor":[71,71,71,71,71,71,71,71,71,71,71,71,71,71],"card_choices":[{"not_picked":["Leap","Beam Cell"],"picked":"Cold Snap","floor":1},{"not_picked":["Tempest","Conserve Battery"],"picked":"Coolheaded","floor":2},{"not_picked":["Stack","Go for the Eyes"],"picked":"Chill","floor":10},{"not_picked":["Meteor Strike","Leap"],"picked":"Static Discharge","floor":13}],"player_experience":2268701,"relics_obtained":[{"floor":9,"key":"Smiling Mask"},{"floor":10,"key":"Calipers"}],"event_choices":[{"damage_healed":0,"gold_gain":0,"player_choice":"Take Damage","damage_taken":24,"relics_obtained":["Golden Idol"],"max_hp_gain":0,"max_hp_loss":0,"event_name":"Golden Idol","floor":3,"gold_loss":0},{"cards_removed":["Defend_B"],"damage_healed":0,"gold_gain":0,"player_choice":"Card Removal","damage_taken":7,"max_hp_gain":0,"max_hp_loss":0,"event_name":"Golden Wing","floor":4,"gold_loss":0},{"damage_healed":0,"gold_gain":75,"player_choice":"Gather Gold","damage_taken":11,"max_hp_gain":0,"max_hp_loss":0,"event_name":"World of Goop","floor":5,"gold_loss":0},{"damage_healed":0,"gold_gain":0,"player_choice":"Entered Light","damage_taken":21,"max_hp_gain":0,"max_hp_loss":0,"event_name":"Shining Light","floor":11,"gold_loss":0,"cards_upgraded":["Strike_B","Defend_B"]}],"is_beta":false,"boss_relics":[],"items_purged_floors":[],"is_endless":false,"potions_floor_spawned":[2,13],"killed_by":"3 Louse","ascension_level":20}