{"path_per_floor":["M","?","M","?","M","R","M","R","T","M","M","R","$","E","R"],"character_chosen":"DEFECT","items_purchased":["Beam Cell","FTL","Capacitor"],"gold_per_floor":[114,114,127,127,147,147,158,158,158,178,193,193,53,86,86,86],"floor_reached":16,"campfire_rested":0,"playtime":729,"current_hp_per_floor":[67,67,66,66,62,62,54,54,54,52,39,39,39,33,33,0],"items_purged":[],"gold":86,"score":138,"play_id":"bf5956b3-948d-4390-bda4-355bcb78d2db","local_time":"20180518132015","is_prod":false,"is_daily":false,"chose_seed":false,"is_ascension_mode":true,"campfire_upgraded":4,"timestamp":1526620815,"campfire_choices":[{"data":"Zap","floor":6,"key":"SMITH"},{"data":"Chaos","floor":8,"key":"SMITH"},{"data":"Rip and Tear","floor":12,"key":"SMITH"},{"data":"Capacitor","floor":15,"key":"SMITH"}],"path_taken":["M","?","M","?","M","R","M","R","T","M","?","R","$","E","R","BOSS"],"build_version":"2018-05-17","seed_source_timestamp":594050081185676,"purchased_purges":0,"victory":false,"master_deck":["Strike_B","Strike_B","Strike_B","Defend_B","Defend_B","Defend_B","Defend_B","Zap+1","Dualcast","Chaos+1","Melter","Reinforced Body","Rip and Tear+1","Self Repair","Go for the Eyes+1","Beam Cell+1","FTL+1","Capacitor+1"],"max_hp_per_floor":[75,75,75,75,75,75,75,75,75,75,75,75,75,75,75,75],"relics":["Cracked Core","Molten Egg 2","Smiling Mask"],"card_choices":[{"not_picked":["Leap","Capacitor"],"picked":"Chaos","floor":1},{"not_picked":["Capacitor","Ball Lightning"],"picked":"Reinforced Body","floor":3},{"not_picked":["Skim","Steam"],"picked":"Rip and Tear","floor":5},{"not_picked":["Skim","Stack"],"picked":"Self Repair","floor":7},{"not_picked":["Streamline+1","Genetic Algorithm"],"picked":"Go for the Eyes+1","floor":10},{"not_picked":["Coolheaded","Reprogram","Fusion"],"picked":"SKIP","floor":11},{"not_picked":["Stack","Sunder+1","Undo"],"picked":"SKIP","floor":14}],"player_experience":392551,"potions_floor_usage":[7,14,16,16,16,16],"damage_taken":[{"damage":1,"enemies":"Cultist","floor":1,"turns":3},{"damage":1,"enemies":"2 Louse","floor":3,"turns":3},{"damage":4,"enemies":"Jaw Worm","floor":5,"turns":5},{"damage":8,"enemies":"Exordium Thugs","floor":7,"turns":3},{"damage":9,"enemies":"Red Slaver","floor":10,"turns":3},{"damage":20,"enemies":"Gremlin Gang","floor":11,"turns":5},{"damage":13,"enemies":"Lagavulin","floor":14,"turns":6},{"damage":33,"enemies":"The Guardian","floor":16,"turns":9}],"relics_obtained":[{"floor":9,"key":"Molten Egg 2"},{"floor":14,"key":"Smiling Mask"}],"event_choices":[{"event_name":"Transmorgrifier","player_choice":"Transform","floor":2,"damage_taken":0},{"event_name":"The Lab","player_choice":"Got Potions","floor":4,"damage_taken":0}],"boss_relics":[],"potions_floor_spawned":[3,5,11],"seed_played":"-8563154387624571935","killed_by":"The Guardian","ascension_level":7,"potions_obtained":[{"floor":3,"key":"Dexterity Potion"},{"floor":4,"key":"SpeedPotion"},{"floor":4,"key":"EntropicBrew"},{"floor":5,"key":"SteroidPotion"},{"floor":11,"key":"FearPotion"}],"is_trial":false}