{"gold_per_floor":[115,115,184,204,214,246,246,277,277,277,277,290,255,255,255,348,348,363,278,278,303,303,303,110,135,135,170,27,40,40,40,40,138,138,158,158,183,101,101,139,139,160,160,585,650,650,670,731,731,731],"floor_reached":51,"playtime":2941,"items_purged":[],"score":1351,"play_id":"c9a9b675-f518-46f6-9729-566ce36fe11c","local_time":"20181206003825","is_ascension_mode":true,"campfire_choices":[{"floor":7.0,"key":"REST"},{"data":"Iron Wave","floor":11.0,"key":"SMITH"},{"data":"Sword Boomerang","floor":15.0,"key":"SMITH"},{"data":"Flame Barrier","floor":23.0,"key":"SMITH"},{"data":"Barricade","floor":32.0,"key":"SMITH"},{"data":"Uppercut","floor":41.0,"key":"SMITH"},{"data":"Feel No Pain","floor":46,"key":"SMITH"},{"data":"Pummel","floor":49,"key":"SMITH"}],"neow_cost":"NONE","seed_source_timestamp":899009897941373,"circlet_count":0,"master_deck":["AscendersBane","Strike_R+1","Strike_R+1","Strike_R+1","Strike_R+1","Strike_R+1","Defend_R+1","Defend_R+1","Defend_R+1","Defend_R+1","Bash","Flame Barrier+1","Feel No Pain+1","True Grit+1","Iron Wave+1","Burning Pact+1","Impervious+1","Sword Boomerang+1","Double Tap+1","Warcry+1","Shrug It Off+1","Pummel+1","Barricade+1","Warcry+1","Panacea+1","Immolate","Shrug It Off+1","Uppercut+1","Shrug It Off+1","Pummel+1","Burning Pact+1","Headbutt"],"special_seed":0,"relics":["Burning Blood","NeowsBlessing","Toxic Egg 2","Shuriken","Du-Vu Doll","Bottled Flame","Ornamental Fan","Golden Idol","Coffee Dripper","Orichalcum","Enchiridion","Blood Vial","Turnip","Pear","Philosopher\u0027s Stone","Pen Nib","Darkstone Periapt","Old Coin","Pocketwatch","Tiny Chest"],"potions_floor_usage":[50],"damage_taken":[{"damage":0.0,"enemies":"2 Louse","floor":1.0,"turns":1.0},{"damage":0.0,"enemies":"Jaw Worm","floor":4.0,"turns":1.0},{"damage":0.0,"enemies":"Cultist","floor":5.0,"turns":1.0},{"damage":62.0,"enemies":"Lagavulin","floor":6.0,"turns":11.0},{"damage":18.0,"enemies":"Gremlin Nob","floor":8.0,"turns":5.0},{"damage":6.0,"enemies":"Blue Slaver","floor":12.0,"turns":4.0},{"damage":27.0,"enemies":"The Guardian","floor":16.0,"turns":13.0},{"damage":0.0,"enemies":"Spheric Guardian","floor":18.0,"turns":2.0},{"damage":3.0,"enemies":"Shell Parasite","floor":21.0,"turns":3.0},{"damage":5.0,"enemies":"Centurion and Healer","floor":25.0,"turns":5.0},{"damage":0.0,"enemies":"Gremlin Leader","floor":27.0,"turns":5.0},{"damage":5.0,"enemies":"3 Cultists","floor":29.0,"turns":4.0},{"damage":4.0,"enemies":"Collector","floor":33.0,"turns":11.0},{"damage":6.0,"enemies":"3 Shapes","floor":35.0,"turns":5.0},{"damage":3.0,"enemies":"3 Darklings","floor":37.0,"turns":4.0},{"damage":12.0,"enemies":"Reptomancer","floor":40.0,"turns":7.0},{"damage":0.0,"enemies":"Spire Growth","floor":42.0,"turns":4.0},{"damage":0.0,"enemies":"Mind Bloom Boss Battle","floor":44.0,"turns":5.0},{"damage":29,"enemies":"2 Orb Walkers","floor":45,"turns":5},{"damage":0,"enemies":"Maw","floor":47,"turns":7},{"damage":0,"enemies":"Nemesis","floor":48,"turns":5},{"damage":32,"enemies":"Donu and Deca","floor":50,"turns":7}],"seed_played":"771057095958298474","potions_obtained":[{"floor":5.0,"key":"Ancient Potion"},{"floor":16.0,"key":"Explosive Potion"},{"floor":21.0,"key":"Energy Potion"},{"floor":27.0,"key":"FearPotion"},{"floor":33.0,"key":"GamblersBrew"},{"floor":44.0,"key":"SpeedPotion"},{"floor":47,"key":"SteroidPotion"},{"floor":48,"key":"PowerPotion"}],"is_trial":false,"path_per_floor":["M","?","T","M","M","E","R","E","T","?","R","M","?","?","R","B",null,"M","?","?","M","?","R","$","M","T","E","$","M","?","$","R","B",null,"M","?","M","$","?","E","R","M","T","?","?","R","M","E","R","B",null],"character_chosen":"IRONCLAD","items_purchased":["Blood Vial","Shrug It Off+1","Warcry+1","Panacea+1","Uppercut"],"campfire_rested":1,"item_purchase_floors":[24,24,28,28,38],"current_hp_per_floor":[74,56,56,62,68,12,34,22,22,22,22,22,40,40,40,19,56,62,62,62,65,44,44,44,47,47,65,65,68,68,68,68,72,77,78,74,74,74,74,68,68,74,74,74,51,51,59,67,67,43],"gold":731,"neow_bonus":"THREE_ENEMY_KILL","is_prod":false,"is_daily":false,"chose_seed":false,"campfire_upgraded":7,"win_rate":0,"timestamp":1544027905,"path_taken":["M","?","?","M","M","E","R","E","T","?","R","?","?","?","R","BOSS","M","?","?","?","?","R","$","M","T","E","$","M","?","?","R","BOSS","M","?","M","$","?","E","R","M","T","?","?","R","M","E","R","BOSS"],"build_version":"2018-11-15","purchased_purges":0,"victory":true,"max_hp_per_floor":[75,75,75,75,75,75,75,75,75,75,75,75,75,68,68,68,68,68,68,68,68,68,68,68,68,68,78,78,78,78,78,78,78,78,78,74,74,74,74,74,74,74,74,74,74,74,74,74,74,74],"card_choices":[{"not_picked":["Body Slam","Anger"],"picked":"Flame Barrier","floor":1.0},{"not_picked":["Flex+1","True Grit+1"],"picked":"Feel No Pain","floor":4.0},{"not_picked":["Warcry+1","Headbutt"],"picked":"True Grit+1","floor":5.0},{"not_picked":["Barricade","Spot Weakness+1"],"picked":"Iron Wave","floor":6.0},{"not_picked":["Clash","Body Slam"],"picked":"Burning Pact+1","floor":8.0},{"not_picked":["Headbutt","Dropkick"],"picked":"Clash","floor":12.0},{"not_picked":["Berserk","Feed"],"picked":"Double Tap+1","floor":16.0},{"not_picked":["Flex+1","Seeing Red+1"],"picked":"Warcry+1","floor":18.0},{"not_picked":["Wild Strike","Body Slam","Searing Blow+1"],"picked":"SKIP","floor":21.0},{"not_picked":["Sword Boomerang","Sentinel+1"],"picked":"Pummel+1","floor":25.0},{"not_picked":["Evolve+1","Headbutt"],"picked":"Barricade","floor":27.0},{"not_picked":["Sentinel+1","Sword Boomerang","Shrug It Off+1"],"picked":"SKIP","floor":29.0},{"not_picked":["Fiend Fire","Feed"],"picked":"Immolate","floor":33.0},{"not_picked":["Pommel Strike","Inflame"],"picked":"Shrug It Off+1","floor":35.0},{"not_picked":["Wild Strike","Sever Soul","Hemokinesis"],"picked":"SKIP","floor":37.0},{"not_picked":["Anger+1","Intimidate+1","Whirlwind"],"picked":"SKIP","floor":40.0},{"not_picked":["Havoc+1","Inflame"],"picked":"Shrug It Off+1","floor":42.0},{"not_picked":["Heavy Blade","Berserk"],"picked":"Pummel","floor":44.0},{"not_picked":["Infernal Blade+1","Shrug It Off+1"],"picked":"Burning Pact+1","floor":45},{"not_picked":["Infernal Blade+1","Hemokinesis"],"picked":"Headbutt","floor":47},{"not_picked":["Twin Strike","Perfected Strike","Sword Boomerang"],"picked":"SKIP","floor":48}],"player_experience":595518,"relics_obtained":[{"floor":3.0,"key":"Shuriken"},{"floor":6.0,"key":"Du-Vu Doll"},{"floor":8.0,"key":"Bottled Flame"},{"floor":9.0,"key":"Ornamental Fan"},{"floor":22.0,"key":"Enchiridion"},{"floor":26.0,"key":"Turnip"},{"floor":27.0,"key":"Pear"},{"floor":40.0,"key":"Pen Nib"},{"floor":43.0,"key":"Darkstone Periapt"},{"floor":44.0,"key":"Old Coin"},{"floor":45,"key":"Pocketwatch"},{"floor":48,"key":"Tiny Chest"}],"event_choices":[{"damage_healed":0.0,"max_hp_gain":0.0,"max_hp_loss":0.0,"gold_gain":0.0,"event_name":"Scrap Ooze","player_choice":"Success","floor":2.0,"gold_loss":0.0,"damage_taken":18.0,"relics_obtained":["Toxic Egg 2"]},{"damage_healed":0.0,"max_hp_gain":0.0,"max_hp_loss":0.0,"gold_gain":0.0,"event_name":"Match and Keep!","player_choice":"2 cards matched","floor":10.0,"gold_loss":0.0,"damage_taken":0.0,"cards_obtained":["Impervious","Sword Boomerang"]},{"damage_healed":18.0,"max_hp_gain":0.0,"max_hp_loss":0.0,"gold_gain":0.0,"event_name":"The Cleric","player_choice":"Healed","floor":13.0,"gold_loss":35.0,"damage_taken":0.0},{"damage_healed":0.0,"max_hp_gain":0.0,"max_hp_loss":7.0,"gold_gain":0.0,"event_name":"Golden Idol","player_choice":"Lose Max HP","floor":14.0,"gold_loss":0.0,"damage_taken":0.0,"relics_obtained":["Golden Idol"]},{"damage_healed":0.0,"max_hp_gain":0.0,"max_hp_loss":0.0,"gold_gain":0.0,"event_name":"Addict","player_choice":"Obtained Relic","floor":19.0,"gold_loss":85.0,"damage_taken":0.0,"relics_obtained":["Orichalcum"]},{"damage_healed":0.0,"max_hp_gain":0.0,"max_hp_loss":0.0,"gold_gain":0.0,"event_name":"Back to Basics","player_choice":"Simplicity","floor":20.0,"gold_loss":0.0,"damage_taken":0.0,"cards_upgraded":["Strike_R","Strike_R","Strike_R","Strike_R","Strike_R","Defend_R","Defend_R","Defend_R","Defend_R"]},{"damage_healed":0.0,"max_hp_gain":0.0,"max_hp_loss":0.0,"gold_gain":0.0,"event_name":"Cursed Tome","player_choice":"Obtained Book","floor":22.0,"gold_loss":0.0,"damage_taken":21.0},{"damage_healed":0.0,"max_hp_gain":0.0,"max_hp_loss":0.0,"gold_gain":0.0,"event_name":"Ghosts","player_choice":"Ignored","floor":30.0,"gold_loss":0.0,"damage_taken":0.0},{"damage_healed":0.0,"max_hp_gain":0.0,"max_hp_loss":4.0,"gold_gain":0.0,"event_name":"Winding Halls","player_choice":"Max HP","floor":36.0,"gold_loss":0.0,"damage_taken":0.0},{"cards_removed":["Clash"],"damage_healed":0.0,"max_hp_gain":0.0,"max_hp_loss":0.0,"gold_gain":0.0,"event_name":"Falling","player_choice":"Removed Attack","floor":39.0,"gold_loss":0.0,"damage_taken":0.0},{"damage_healed":0.0,"max_hp_gain":0.0,"max_hp_loss":0.0,"gold_gain":0.0,"event_name":"MindBloom","player_choice":"Fight","floor":44.0,"gold_loss":0.0,"damage_taken":0.0},{"damage_healed":0,"gold_gain":0,"player_choice":"Fight","damage_taken":0,"max_hp_gain":0,"max_hp_loss":0,"event_name":"Mysterious Sphere","floor":45,"gold_loss":0}],"is_beta":true,"boss_relics":[{"not_picked":["Astrolabe","White Beast Statue"],"picked":"Coffee Dripper"},{"not_picked":["Tiny House","Velvet Choker"],"picked":"Philosopher\u0027s Stone"}],"items_purged_floors":[],"is_endless":false,"potions_floor_spawned":[5,16,21,25,27,33,42,44,47,48],"ascension_level":15}