{"gold_per_floor":[119,119,138,413,426,451,451],"floor_reached":7,"playtime":103,"items_purged":[],"score":102,"play_id":"ccecf1c3-08d8-4d2b-92f3-826e1bdb3ef1","local_time":"20190425143636","is_ascension_mode":true,"campfire_choices":[],"neow_cost":"NONE","seed_source_timestamp":269608558397800,"circlet_count":0,"master_deck":["AscendersBane","Strike_B","Strike_B","Strike_B","Defend_B","Defend_B","Defend_B","Defend_B","Zap","Dualcast","Ball Lightning","Blizzard","Regret","Double Energy","Buffer"],"relics":["Cracked Core","NeowsBlessing","Bag of Preparation","Unceasing Top"],"potions_floor_usage":[6],"damage_taken":[{"damage":0,"enemies":"2 Louse","floor":1,"turns":1},{"damage":0,"enemies":"Cultist","floor":3,"turns":1},{"damage":0,"enemies":"Jaw Worm","floor":5,"turns":1},{"damage":35,"enemies":"Lagavulin","floor":6,"turns":7}],"seed_played":"-1953902026544784406","potions_obtained":[{"floor":3,"key":"Strength Potion"},{"floor":6,"key":"FocusPotion"}],"is_trial":false,"path_per_floor":["M","?","M","?","M","E","?"],"character_chosen":"DEFECT","items_purchased":[],"campfire_rested":0,"item_purchase_floors":[],"current_hp_per_floor":[64,64,64,64,64,29,3],"gold":451,"neow_bonus":"THREE_ENEMY_KILL","is_prod":false,"is_daily":false,"chose_seed":false,"campfire_upgraded":0,"win_rate":0,"timestamp":1556170596,"path_taken":["M","?","M","?","?","E","?"],"build_version":"2019-01-23","purchased_purges":0,"victory":false,"max_hp_per_floor":[71,71,71,71,71,71,71],"card_choices":[{"not_picked":["Reinforced Body","Turbo"],"picked":"Ball Lightning","floor":1},{"not_picked":["Conserve Battery","Compile Driver","Go for the Eyes"],"picked":"SKIP","floor":3},{"not_picked":["Ball Lightning","Beam Cell"],"picked":"Double Energy","floor":5},{"not_picked":["Darkness","Rebound"],"picked":"Buffer","floor":6}],"player_experience":3367874,"relics_obtained":[{"floor":6,"key":"Bag of Preparation"}],"event_choices":[{"damage_healed":0,"gold_gain":0,"cards_transformed":["Strike_B"],"player_choice":"Change","damage_taken":0,"max_hp_gain":0,"max_hp_loss":0,"event_name":"Living Wall","floor":2,"gold_loss":0,"cards_obtained":["Blizzard"]},{"damage_healed":0,"gold_gain":275,"player_choice":"Desecrate","damage_taken":0,"max_hp_gain":0,"max_hp_loss":0,"event_name":"Golden Shrine","floor":4,"gold_loss":0,"cards_obtained":["Regret"]},{"damage_healed":0,"gold_gain":0,"player_choice":"Success","damage_taken":26,"relics_obtained":["Unceasing Top"],"max_hp_gain":0,"max_hp_loss":0,"event_name":"Scrap Ooze","floor":7,"gold_loss":0}],"is_beta":false,"boss_relics":[],"items_purged_floors":[],"is_endless":false,"potions_floor_spawned":[3,6],"ascension_level":20}