{"gold_per_floor":[109,69,69,86,49,79,79,110,133,408,422,439,439,452,452,452],"floor_reached":16,"playtime":349,"items_purged":[],"score":270,"play_id":"0ffd3400-e076-42ef-8d70-4a6237aafd4b","local_time":"20190322171940","is_ascension_mode":true,"campfire_choices":[{"data":"True Grit","floor":7,"key":"SMITH"},{"data":"Immolate","floor":13,"key":"SMITH"},{"data":"Shockwave","floor":15,"key":"SMITH"}],"neow_cost":"NONE","seed_source_timestamp":254588935727800,"circlet_count":0,"master_deck":["AscendersBane","Strike_R+1","Strike_R","Strike_R","Strike_R","Strike_R","Defend_R","Defend_R","Defend_R","Defend_R","Bash+1","Disarm","Seeing Red","True Grit+1","Corruption","Immolate+1","Regret","Shockwave+1","Shrug It Off"],"relics":["Burning Blood","NeowsBlessing","Dream Catcher","Regal Pillow","Whetstone"],"potions_floor_usage":[8,8,16],"damage_taken":[{"damage":0,"enemies":"2 Louse","floor":1,"turns":1},{"damage":0,"enemies":"Cultist","floor":4,"turns":1},{"damage":0,"enemies":"Gremlin Nob","floor":6,"turns":1},{"damage":34,"enemies":"3 Sentries","floor":8,"turns":14},{"damage":13,"enemies":"Jaw Worm","floor":11,"turns":4},{"damage":11,"enemies":"Red Slaver","floor":12,"turns":5},{"damage":14,"enemies":"Blue Slaver","floor":14,"turns":5},{"damage":17,"enemies":"The Guardian","floor":16,"turns":7}],"seed_played":"-3955720126461458873","potions_obtained":[{"floor":1,"key":"Ancient Potion"},{"floor":3,"key":"Strength Potion"},{"floor":3,"key":"FairyPotion"},{"floor":6,"key":"Dexterity Potion"},{"floor":12,"key":"Weak Potion"}],"is_trial":false,"path_per_floor":["M","$","?","M","$","E","R","E","T","?","M","M","R","M","R","B"],"character_chosen":"IRONCLAD","items_purchased":["Seeing Red","Corruption"],"campfire_rested":0,"item_purchase_floors":[2,5],"current_hp_per_floor":[74,74,74,75,75,75,75,47,47,47,40,35,35,27,27,10],"gold":452,"neow_bonus":"THREE_ENEMY_KILL","is_prod":false,"is_daily":false,"chose_seed":false,"campfire_upgraded":3,"win_rate":0,"timestamp":1553242780,"path_taken":["M","$","?","?","?","E","R","E","T","?","M","M","R","M","R","BOSS"],"build_version":"2019-01-23","purchased_purges":0,"victory":false,"max_hp_per_floor":[75,75,75,75,75,75,75,75,75,75,75,75,75,75,75,75],"card_choices":[{"not_picked":["Reckless Charge","True Grit"],"picked":"Disarm","floor":1},{"not_picked":["Cleave","Heavy Blade"],"picked":"True Grit","floor":4},{"not_picked":["Clash","Clothesline","Burning Pact"],"picked":"SKIP","floor":6},{"not_picked":["Burning Pact","Sentinel"],"picked":"Immolate","floor":8},{"not_picked":["Entrench","Twin Strike"],"picked":"Shockwave","floor":11},{"not_picked":["Twin Strike","Anger","Fire Breathing"],"picked":"SKIP","floor":12},{"not_picked":["Thunderclap","Clothesline"],"picked":"Shrug It Off","floor":14}],"player_experience":2468043,"relics_obtained":[{"floor":6,"key":"Dream Catcher"},{"floor":8,"key":"Regal Pillow"},{"floor":9,"key":"Whetstone"}],"event_choices":[{"damage_healed":0,"gold_gain":0,"player_choice":"Got Potions","damage_taken":0,"max_hp_gain":0,"max_hp_loss":0,"event_name":"Lab","floor":3,"gold_loss":0},{"damage_healed":0,"gold_gain":275,"player_choice":"Desecrate","damage_taken":0,"max_hp_gain":0,"max_hp_loss":0,"event_name":"Golden Shrine","floor":10,"gold_loss":0,"cards_obtained":["Regret"]}],"is_beta":false,"boss_relics":[],"items_purged_floors":[],"is_endless":false,"potions_floor_spawned":[1,6,12],"killed_by":"The Guardian","ascension_level":20}