{"gold_per_floor":[116,191,191,205,3,3,3,34,34,54,54,54,69,84,84,84],"floor_reached":16,"playtime":327,"items_purged":[],"score":200,"play_id":"74bd0707-6ba2-43c5-aa9f-171d643eda41","local_time":"20190404182906","is_ascension_mode":true,"campfire_choices":[{"data":"Demon Form","floor":6,"key":"SMITH"},{"data":"True Grit","floor":11,"key":"SMITH"},{"data":"Evolve","floor":15,"key":"SMITH"}],"neow_cost":"NONE","seed_source_timestamp":545093917635399,"circlet_count":0,"master_deck":["AscendersBane","Strike_R","Strike_R+1","Strike_R","Strike_R","Strike_R","Defend_R","Defend_R","Defend_R+1","Defend_R","Bash+1","Demon Form+1","True Grit+1","Evolve+1","Battle Trance","Pummel"],"relics":["Burning Blood","Omamori","Bronze Scales","Mummified Hand"],"potions_floor_usage":[14,16],"damage_taken":[{"damage":14,"enemies":"Jaw Worm","floor":1,"turns":4},{"damage":11,"enemies":"Cultist","floor":4,"turns":4},{"damage":33,"enemies":"3 Sentries","floor":8,"turns":7},{"damage":16,"enemies":"2 Louse","floor":10,"turns":4},{"damage":2,"enemies":"Looter","floor":13,"turns":4},{"damage":9,"enemies":"3 Louse","floor":14,"turns":2},{"damage":23,"enemies":"Slime Boss","floor":16,"turns":4}],"seed_played":"-4489513862116396513","potions_obtained":[{"floor":4,"key":"Strength Potion"},{"floor":13,"key":"Fire Potion"}],"is_trial":false,"path_per_floor":["M","?","?","M","$","R","?","E","T","M","R","?","M","M","R","B"],"character_chosen":"IRONCLAD","items_purchased":["Omamori","Evolve"],"campfire_rested":0,"item_purchase_floors":[5,5],"current_hp_per_floor":[60,49,74,69,69,69,69,42,42,32,32,9,13,10,10,0],"gold":84,"neow_bonus":"ONE_RANDOM_RARE_CARD","is_prod":false,"is_daily":false,"chose_seed":false,"campfire_upgraded":3,"win_rate":0,"timestamp":1554370146,"path_taken":["M","?","?","M","$","R","?","E","T","?","R","?","M","M","R","BOSS"],"build_version":"2019-01-23","purchased_purges":0,"victory":false,"max_hp_per_floor":[75,75,75,75,75,75,75,75,75,75,75,75,75,75,75,75],"card_choices":[{"not_picked":["Headbutt","Metallicize","Warcry"],"picked":"SKIP","floor":1},{"not_picked":["Headbutt","Clash"],"picked":"True Grit","floor":4},{"not_picked":["Uppercut","Berserk","Warcry"],"picked":"SKIP","floor":8},{"not_picked":["Seeing Red","Entrench"],"picked":"Battle Trance","floor":10},{"not_picked":["Headbutt","Sever Soul","Thunderclap"],"picked":"SKIP","floor":13},{"not_picked":["Flex","Searing Blow"],"picked":"Pummel","floor":14}],"player_experience":2870102,"relics_obtained":[{"floor":8,"key":"Bronze Scales"},{"floor":9,"key":"Mummified Hand"}],"event_choices":[{"damage_healed":0,"gold_gain":75,"player_choice":"Gather Gold","damage_taken":11,"max_hp_gain":0,"max_hp_loss":0,"event_name":"World of Goop","floor":2,"gold_loss":0},{"damage_healed":25,"gold_gain":0,"player_choice":"Banana","damage_taken":0,"max_hp_gain":0,"max_hp_loss":0,"event_name":"Big Fish","floor":3,"gold_loss":0},{"damage_healed":0,"gold_gain":0,"player_choice":"Upgraded","damage_taken":0,"max_hp_gain":0,"max_hp_loss":0,"event_name":"Upgrade Shrine","floor":7,"gold_loss":0,"cards_upgraded":["Bash"]},{"damage_healed":0,"gold_gain":0,"player_choice":"Entered Light","damage_taken":23,"max_hp_gain":0,"max_hp_loss":0,"event_name":"Shining Light","floor":12,"gold_loss":0,"cards_upgraded":["Defend_R","Strike_R"]}],"is_beta":false,"boss_relics":[],"items_purged_floors":[],"is_endless":false,"potions_floor_spawned":[4,13],"killed_by":"Slime Boss","ascension_level":20}