{"gold_per_floor":[361,286,361,128,128,128,143,143,211,226,240,240],"floor_reached":12,"playtime":245,"items_purged":["Strike_R"],"score":136,"play_id":"c2371dbb-1a5b-43af-95d9-27930b1afc9b","local_time":"20190316155125","is_ascension_mode":true,"campfire_choices":[{"data":"Strike_R","floor":6,"key":"SMITH"},{"data":"Strike_R","floor":8,"key":"SMITH"}],"neow_cost":"CURSE","seed_source_timestamp":193668428455900,"circlet_count":0,"master_deck":["AscendersBane","Strike_R","Strike_R","Strike_R+1","Strike_R+1","Defend_R","Defend_R","Defend_R","Defend_R","Bash+1","Dropkick"],"relics":["Burning Blood","Red Skull"],"potions_floor_usage":[12],"damage_taken":[{"damage":1,"enemies":"Cultist","floor":1,"turns":3},{"damage":4,"enemies":"Jaw Worm","floor":7,"turns":4},{"damage":3,"enemies":"2 Louse","floor":10,"turns":4},{"damage":16,"enemies":"Lots of Slimes","floor":11,"turns":6},{"damage":50,"enemies":"3 Sentries","floor":12,"turns":9}],"seed_played":"179612630317645742","potions_obtained":[{"floor":11,"key":"Swift Potion"}],"is_trial":false,"path_per_floor":["M","?","?","$","?","R","M","R","T","M","M","E"],"character_chosen":"IRONCLAD","items_purchased":["Red Skull"],"campfire_rested":0,"item_purchase_floors":[4],"current_hp_per_floor":[73,73,62,62,62,62,64,64,64,67,57,7],"gold":240,"neow_bonus":"TWO_FIFTY_GOLD","is_prod":false,"is_daily":false,"chose_seed":false,"campfire_upgraded":2,"win_rate":0,"timestamp":1552719085,"path_taken":["M","?","?","$","?","R","M","R","T","?","M","E"],"build_version":"2019-01-23","purchased_purges":1,"victory":false,"max_hp_per_floor":[75,75,75,75,75,75,75,75,75,75,75,75],"card_choices":[{"not_picked":["Pummel","Infernal Blade","Headbutt"],"picked":"SKIP","floor":1},{"not_picked":["Perfected Strike","Sword Boomerang","Headbutt"],"picked":"SKIP","floor":7},{"not_picked":["Body Slam","Hemokinesis"],"picked":"Dropkick","floor":10},{"not_picked":["Sever Soul","Heavy Blade","Wild Strike"],"picked":"SKIP","floor":11}],"player_experience":2309531,"relics_obtained":[],"event_choices":[{"cards_removed":["Doubt"],"damage_healed":0,"gold_gain":0,"player_choice":"Card Removal","damage_taken":0,"max_hp_gain":0,"max_hp_loss":0,"event_name":"The Cleric","floor":2,"gold_loss":75},{"damage_healed":0,"gold_gain":75,"player_choice":"Gather Gold","damage_taken":11,"max_hp_gain":0,"max_hp_loss":0,"event_name":"World of Goop","floor":3,"gold_loss":0},{"damage_healed":0,"gold_gain":0,"player_choice":"Upgraded","damage_taken":0,"max_hp_gain":0,"max_hp_loss":0,"event_name":"Upgrade Shrine","floor":5,"gold_loss":0,"cards_upgraded":["Bash"]}],"is_beta":false,"boss_relics":[],"items_purged_floors":[4],"is_endless":false,"potions_floor_spawned":[11],"killed_by":"3 Sentries","ascension_level":20}