{"path_per_floor":["M","?","?","M","$","R","E","T","T","?","E","M","?","T","R","B",null,"M","?","T","$","M","R","E","$","T","R","M","R","E","?","R"],"character_chosen":"IRONCLAD","items_purchased":["Uppercut","Blue Candle","Block Potion"],"gold_per_floor":[116,116,116,129,47,47,82,82,108,108,133,152,152,152,152,257,257,267,267,267,20,31,31,66,14,37,37,51,51,77,77,77],"floor_reached":33,"campfire_rested":5,"playtime":1890,"current_hp_per_floor":[70,70,56,60,60,72,68,68,68,61,57,63,63,63,72,72,72,58,58,58,58,54,72,67,67,67,67,55,72,56,56,72],"items_purged":[],"gold":77,"score":399,"play_id":"06fadcda-15c1-41a2-a421-0f165ecafa6f","local_time":"20180310162314","is_prod":false,"is_daily":false,"is_ascension_mode":true,"campfire_upgraded":1,"timestamp":1520691794,"path_taken":["M","?","?","M","$","R","E","?","T","?","E","M","?","?","R","BOSS","M","?","?","$","M","R","E","?","T","R","M","R","E","?","R","BOSS"],"build_version":"2018-03-09","purchased_purges":0,"victory":false,"master_deck":["Strike_R","Strike_R","Strike_R","Strike_R+1","Strike_R+1","Defend_R+1","Defend_R","Defend_R","Defend_R","Bash+1","Wild Strike","Metallicize+1","Uppercut","Pommel Strike","Cleave","Armaments","Brutality+1","Bloodletting","Pommel Strike","Pommel Strike","Twin Strike+1","Decay","Shockwave","Spot Weakness","Pommel Strike"],"max_hp_per_floor":[72,72,72,72,72,72,72,72,72,72,72,72,72,72,72,72,72,72,72,72,72,72,72,72,72,72,72,72,72,72,72,72],"relics":["Burning Blood","Torii","Self Forming Clay","Du-Vu Doll","Whetstone","Letter Opener","Frozen Egg 2","Champion Belt","Orrery","Frozen Eye","Blue Candle","Anchor","Blood Vial","Oddly Smooth Stone"],"card_choices":[{"not_picked":["Bloodletting","True Grit"],"picked":"Wild Strike"},{"not_picked":["Wild Strike","Perfected Strike"],"picked":"Metallicize"},{"not_picked":["Double Tap","Clothesline"],"picked":"Pommel Strike"},{"not_picked":["Twin Strike","Body Slam"],"picked":"Cleave"},{"not_picked":["Twin Strike","Iron Wave"],"picked":"Armaments"},{"not_picked":["Reaper","Impervious"],"picked":"Brutality"},{"not_picked":["Flame Barrier","Pommel Strike"],"picked":"Bloodletting"},{"not_picked":["Iron Wave","Warcry"],"picked":"Pommel Strike"},{"not_picked":["Seeing Red","Reckless Charge"],"picked":"Pommel Strike"},{"not_picked":["Perfected Strike","Heavy Blade"],"picked":"Twin Strike"},{"not_picked":["Thunderclap","Sword Boomerang"],"picked":"Shockwave"},{"not_picked":["Warcry","Impervious"],"picked":"Spot Weakness"},{"not_picked":["Offering","Burning Pact"],"picked":"Pommel Strike"}],"player_experience":256943,"potions_floor_usage":[28,30,30,33],"damage_taken":[{"damage":8.0,"enemies":"Jaw Worm","floor":1.0,"turns":4.0},{"damage":2.0,"enemies":"Small Slimes","floor":4.0,"turns":3.0},{"damage":10.0,"enemies":"Lagavulin","floor":7.0,"turns":7.0},{"damage":10.0,"enemies":"3 Sentries","floor":11.0,"turns":8.0},{"damage":0.0,"enemies":"2 Louse","floor":12.0,"turns":2.0},{"damage":3.0,"enemies":"Slime Boss","floor":16.0,"turns":8.0},{"damage":20,"enemies":"2 Thieves","floor":18,"turns":5},{"damage":10,"enemies":"Shell Parasite","floor":22,"turns":5},{"damage":11,"enemies":"Book of Stabbing","floor":24,"turns":5},{"damage":20,"enemies":"3 Cultists","floor":28,"turns":6},{"damage":22,"enemies":"Gremlin Leader","floor":30,"turns":7},{"damage":72,"enemies":"Automaton","floor":33,"turns":7}],"event_choices":[{"event_name":"The Cleric","player_choice":"Leave","floor":2.0,"damage_taken":0.0},{"event_name":"Shining Light","player_choice":"Entered Light","floor":3.0,"damage_taken":0.0},{"event_name":"Scrap Ooze","player_choice":"success","floor":10.0,"damage_taken":7.0},{"event_name":"The Lab","player_choice":"Got Potions","floor":13.0,"damage_taken":0.0},{"event_name":"Forgotten Altar","player_choice":"Smashed Altar","floor":19,"damage_taken":0},{"event_name":"Drug Dealer","player_choice":"Ignored","floor":31,"damage_taken":0}],"boss_relics":[],"potions_floor_spawned":[12,24,28,30],"seed_played":"6694064176832710212","killed_by":"Automaton","ascension_level":6,"is_trial":false}