{"path_per_floor":["M","M","?","?","M","R","E","R","T","R","M","E","$","?","R","B",null,"M","?","$"],"character_chosen":"DEFECT","items_purchased":["Fusion","Flash of Steel","Capacitor"],"gold_per_floor":[113,131,131,231,244,244,288,288,288,288,302,338,30,30,30,161,161,176,101,47,47],"floor_reached":21,"campfire_rested":1,"playtime":1076,"current_hp_per_floor":[59,57,57,57,57,57,27,27,27,47,38,34,34,34,34,16,56,41,41,41,0],"items_purged":["Strike_B"],"gold":47,"score":241,"play_id":"5226a543-3716-41c9-8141-c39014243de1","local_time":"20180512200731","is_prod":false,"is_daily":false,"chose_seed":false,"is_ascension_mode":true,"campfire_upgraded":3,"timestamp":1526126851,"path_taken":["M","M","?","?","?","R","E","R","T","R","M","E","$","?","R","BOSS","M","?","$","?"],"build_version":"2018-05-11","seed_source_timestamp":99708976272564,"purchased_purges":1,"victory":false,"master_deck":["Strike_B","Strike_B","Defend_B","Defend_B","Defend_B","Defend_B","Zap+1","Dualcast","Sunder+1","Seek","Reinforced Body","Fusion+1","Flash of Steel","Creative AI","Capacitor"],"max_hp_per_floor":[75,75,69,69,69,69,69,69,69,69,69,69,69,69,69,69,69,74,74,74,74],"relics":["Cracked Core","Golden Idol","Du-Vu Doll","Calipers","Ancient Tea Set","Nuclear Battery"],"card_choices":[{"not_picked":["Beam Cell","Hologram"],"picked":"Sunder","floor":1},{"not_picked":["Conserve Battery","Ball Lightning","Force Field"],"picked":"SKIP","floor":2},{"not_picked":["Scrape","Barrage","Ball Lightning"],"picked":"SKIP","floor":5},{"not_picked":["Melter","Beam Cell"],"picked":"Seek","floor":7},{"not_picked":["Streamline","Stack","Sweeping Beam"],"picked":"SKIP","floor":11},{"not_picked":["Go for the Eyes","Aggregate"],"picked":"Reinforced Body","floor":12},{"not_picked":["Meteor Strike","Buffer"],"picked":"Creative AI","floor":16},{"not_picked":["Barrage","Steam","Axe Kick"],"picked":"SKIP","floor":18}],"player_experience":366907,"potions_floor_usage":[12,16,18,18],"damage_taken":[{"damage":9,"enemies":"2 Louse","floor":1,"turns":2},{"damage":2,"enemies":"Jaw Worm","floor":2,"turns":3},{"damage":0,"enemies":"Small Slimes","floor":5,"turns":3},{"damage":30,"enemies":"Lagavulin","floor":7,"turns":7},{"damage":9,"enemies":"Exordium Wildlife","floor":11,"turns":3},{"damage":4,"enemies":"3 Sentries","floor":12,"turns":5},{"damage":18,"enemies":"The Guardian","floor":16,"turns":10},{"damage":20,"enemies":"Shell Parasite","floor":18,"turns":5},{"damage":53,"enemies":"Chosen","floor":21,"turns":5}],"event_choices":[{"event_name":"Golden Idol","player_choice":"Lose Max HP","floor":3,"damage_taken":0},{"event_name":"Golden Shrine","player_choice":"Pray","floor":4,"damage_taken":0},{"event_name":"The Lab","player_choice":"Got Potions","floor":14,"damage_taken":0},{"event_name":"Beggar","player_choice":"Gave Gold","floor":19,"damage_taken":0}],"boss_relics":[{"not_picked":["Sozu","White Beast Statue"],"picked":"Nuclear Battery"}],"potions_floor_spawned":[1,5,16,18],"seed_played":"4059655981287280809","killed_by":"Chosen","ascension_level":6,"is_trial":false}