{"gold_per_floor":[117,42,57,57,80,80,103,103,103,142,142,162,187,187],"floor_reached":14,"playtime":382,"items_purged":[],"score":180,"play_id":"5a327996-95b4-4cd2-8213-74474ef1db26","local_time":"20190323124136","is_ascension_mode":true,"campfire_choices":[{"data":"Inflame","floor":6,"key":"SMITH"},{"data":"Bash","floor":11,"key":"SMITH"}],"neow_cost":"CURSE","seed_source_timestamp":324269158475900,"circlet_count":0,"master_deck":["AscendersBane","Strike_R","Strike_R","Strike_R","Strike_R","Strike_R","Defend_R","Defend_R","Defend_R","Defend_R","Bash+1","Impervious","True Grit","Inflame+1","Second Wind","Immolate","Armaments"],"relics":["Burning Blood","Golden Idol","Blue Candle","Odd Mushroom"],"potions_floor_usage":[10,10],"damage_taken":[{"damage":6,"enemies":"Jaw Worm","floor":1,"turns":7},{"damage":11,"enemies":"Cultist","floor":3,"turns":4},{"damage":9,"enemies":"Small Slimes","floor":5,"turns":6},{"damage":0,"enemies":"Looter","floor":7,"turns":4},{"damage":32,"enemies":"Gremlin Nob","floor":10,"turns":4},{"damage":16,"enemies":"2 Fungi Beasts","floor":12,"turns":4},{"damage":8,"enemies":"The Mushroom Lair","floor":13,"turns":3},{"damage":7,"enemies":"Lagavulin","floor":14,"turns":7}],"seed_played":"-2556209798586447289","potions_obtained":[{"floor":5,"key":"Swift Potion"},{"floor":7,"key":"BloodPotion"},{"floor":12,"key":"Ancient Potion"},{"floor":13,"key":"Strength Potion"}],"is_trial":false,"path_per_floor":["M","?","M","?","M","R","M","?","T","E","R","M","?","E"],"character_chosen":"IRONCLAD","items_purchased":[],"campfire_rested":0,"item_purchase_floors":[],"current_hp_per_floor":[68,68,63,37,34,34,40,40,40,21,21,11,9,2],"gold":187,"neow_bonus":"THREE_RARE_CARDS","is_prod":false,"is_daily":false,"chose_seed":false,"campfire_upgraded":2,"win_rate":0,"timestamp":1553312496,"path_taken":["M","?","M","?","?","R","?","?","T","E","R","M","?","E"],"build_version":"2019-01-23","purchased_purges":0,"victory":false,"max_hp_per_floor":[75,75,75,75,75,75,75,75,75,75,75,75,75,75],"card_choices":[{"not_picked":["Offering","Berserk"],"picked":"Impervious","floor":0},{"not_picked":["Power Through","Warcry"],"picked":"True Grit","floor":1},{"not_picked":["Twin Strike","Clothesline"],"picked":"Inflame","floor":3},{"not_picked":["Warcry","Flame Barrier"],"picked":"Second Wind","floor":5},{"not_picked":["Uppercut","Havoc","Iron Wave"],"picked":"SKIP","floor":7},{"not_picked":["Thunderclap","Clash","Twin Strike"],"picked":"SKIP","floor":10},{"not_picked":["Dropkick","Combust"],"picked":"Immolate","floor":12},{"not_picked":["Rupture","Inflame"],"picked":"Armaments","floor":13}],"player_experience":2493639,"relics_obtained":[{"floor":10,"key":"Blue Candle"},{"floor":13,"key":"Odd Mushroom"}],"event_choices":[{"cards_removed":["Decay"],"damage_healed":0,"gold_gain":0,"player_choice":"Card Removal","damage_taken":0,"max_hp_gain":0,"max_hp_loss":0,"event_name":"The Cleric","floor":2,"gold_loss":75},{"damage_healed":0,"gold_gain":0,"player_choice":"Take Damage","damage_taken":26,"relics_obtained":["Golden Idol"],"max_hp_gain":0,"max_hp_loss":0,"event_name":"Golden Idol","floor":4,"gold_loss":0},{"damage_healed":0,"gold_gain":0,"player_choice":"Ignored","damage_taken":0,"max_hp_gain":0,"max_hp_loss":0,"event_name":"Liars Game","floor":8,"gold_loss":0},{"damage_healed":0,"gold_gain":0,"player_choice":"Fought Mushrooms","damage_taken":0,"max_hp_gain":0,"max_hp_loss":0,"event_name":"Mushrooms","floor":13,"gold_loss":0}],"is_beta":false,"boss_relics":[],"items_purged_floors":[],"is_endless":false,"potions_floor_spawned":[5,7,12,13],"killed_by":"Lagavulin","ascension_level":20}