{"gold_per_floor":[217,5,5,5,17,31,31,64,64,84,2,14,14,27,27,131,131,148,248,23,37,37,37,50,50,50,50,64,64,30,41,41,137,137,149,4,14,14],"floor_reached":38,"playtime":1284,"items_purged":[],"score":432,"play_id":"6a2dbdf2-51e7-4419-8cc2-93e44b1a7b24","local_time":"20190417025106","is_ascension_mode":true,"campfire_choices":[{"floor":7,"key":"REST"},{"floor":13,"key":"REST"},{"floor":15,"key":"REST"},{"data":"Zap","floor":23,"key":"SMITH"},{"floor":29,"key":"REST"},{"floor":32,"key":"REST"}],"neow_cost":"NONE","seed_source_timestamp":458627631979709,"circlet_count":0,"master_deck":["Strike_B","Strike_B+1","Strike_B","Strike_B","Defend_B","Defend_B","Defend_B","Defend_B","Zap+1","Dualcast","Coolheaded+1","Heatsinks","Gash","Loop","Genetic Algorithm","Sweeping Beam","Defragment+1","Coolheaded","Redo","Echo Form","Steam+1","Panache","Cold Snap","Sunder","Conserve Battery","Consume","Static Discharge","Sunder+1","Multi-Cast","Reinforced Body+1","Bandage Up","Beam Cell"],"relics":["Cracked Core","DataDisk","Letter Opener","Bronze Scales","Lizard Tail","Blood Vial","Runic Pyramid"],"potions_floor_usage":[8,16,16,37,37,37],"damage_taken":[{"damage":4,"enemies":"2 Louse","floor":1,"turns":3},{"damage":8,"enemies":"Jaw Worm","floor":5,"turns":4},{"damage":0,"enemies":"Cultist","floor":6,"turns":4},{"damage":28,"enemies":"Lagavulin","floor":8,"turns":8},{"damage":22,"enemies":"Lots of Slimes","floor":10,"turns":4},{"damage":13,"enemies":"2 Fungi Beasts","floor":12,"turns":3},{"damage":10,"enemies":"Large Slime","floor":14,"turns":5},{"damage":35,"enemies":"Slime Boss","floor":16,"turns":10},{"damage":30,"enemies":"Shell Parasite","floor":18,"turns":7},{"damage":8,"enemies":"3 Byrds","floor":21,"turns":2},{"damage":53,"enemies":"Cultist and Chosen","floor":24,"turns":7},{"damage":19,"enemies":"Centurion and Healer","floor":28,"turns":6},{"damage":20,"enemies":"3 Cultists","floor":31,"turns":5},{"damage":38,"enemies":"Automaton","floor":33,"turns":8},{"damage":42,"enemies":"3 Darklings","floor":35,"turns":7},{"damage":22,"enemies":"Orb Walker","floor":37,"turns":4},{"damage":41,"enemies":"Spire Growth","floor":38,"turns":4}],"seed_played":"276764660510453453","potions_obtained":[{"floor":5,"key":"Weak Potion"},{"floor":6,"key":"Block Potion"},{"floor":12,"key":"Block Potion"},{"floor":16,"key":"Poison Potion"},{"floor":21,"key":"Dexterity Potion"},{"floor":24,"key":"Explosive Potion"}],"is_trial":false,"path_per_floor":["M","$","?","?","M","M","R","E","T","M","$","M","R","M","R","B",null,"M","?","$","M","?","R","M","?","T","?","M","R","$","M","R","B",null,"M","$","M","M"],"character_chosen":"DEFECT","items_purchased":["DataDisk","Heatsinks","Defragment","Panache","Cold Snap","Static Discharge","Bandage Up","Beam Cell"],"campfire_rested":5,"item_purchase_floors":[2,2,11,20,20,30,36,36],"current_hp_per_floor":[71,71,76,60,52,52,76,48,48,26,26,13,37,27,51,16,80,50,50,50,42,42,42,40,40,40,40,23,47,47,29,53,17,80,38,38,22,0],"gold":14,"neow_bonus":"HUNDRED_GOLD","is_prod":false,"is_daily":false,"chose_seed":false,"campfire_upgraded":1,"win_rate":0,"timestamp":1555487466,"path_taken":["M","$","?","?","M","?","R","E","T","M","?","M","R","?","R","BOSS","M","?","$","?","?","R","M","?","T","?","?","R","$","M","R","BOSS","M","$","M","M"],"build_version":"2019-01-23","purchased_purges":0,"victory":false,"max_hp_per_floor":[75,75,80,80,80,80,80,80,80,80,80,80,80,80,80,80,80,80,80,80,80,80,80,80,80,80,80,80,80,80,80,80,80,80,80,80,80,80],"card_choices":[{"not_picked":["Undo","Aggregate"],"picked":"Coolheaded","floor":1},{"not_picked":["Reprogram","Reinforced Body"],"picked":"Gash","floor":5},{"not_picked":["Barrage","Scrape"],"picked":"Loop","floor":6},{"not_picked":["Cold Snap","Chaos"],"picked":"Genetic Algorithm","floor":8},{"not_picked":["Recycle","White Noise"],"picked":"Sweeping Beam","floor":10},{"not_picked":["Heatsinks","Gash"],"picked":"Coolheaded","floor":12},{"not_picked":["Blizzard","Stack"],"picked":"Redo","floor":14},{"not_picked":["Seek","Buffer"],"picked":"Echo Form","floor":16},{"not_picked":["Leap+1","Redo"],"picked":"Steam+1","floor":18},{"not_picked":["Leap","Stack"],"picked":"Sunder","floor":21},{"not_picked":["Turbo","Reprogram+1"],"picked":"Conserve Battery","floor":24},{"not_picked":["Scrape+1","Darkness"],"picked":"Consume","floor":28},{"not_picked":["Streamline","Compile Driver+1"],"picked":"Sunder+1","floor":31},{"not_picked":["Rainbow","Thunder Strike"],"picked":"Multi-Cast","floor":33},{"not_picked":["Steam","Turbo"],"picked":"Reinforced Body+1","floor":35},{"not_picked":["Gash","Loop","Compile Driver"],"picked":"SKIP","floor":37}],"player_experience":199859,"relics_obtained":[{"floor":8,"key":"Letter Opener"},{"floor":9,"key":"Bronze Scales"},{"floor":26,"key":"Blood Vial"}],"event_choices":[{"damage_healed":0,"gold_gain":0,"player_choice":"Donut","damage_taken":0,"max_hp_gain":5,"max_hp_loss":0,"event_name":"Big Fish","floor":3,"gold_loss":0},{"damage_healed":0,"gold_gain":0,"player_choice":"Entered Light","damage_taken":16,"max_hp_gain":0,"max_hp_loss":0,"event_name":"Shining Light","floor":4,"gold_loss":0,"cards_upgraded":["Strike_B","Coolheaded"]},{"damage_healed":0,"gold_gain":100,"player_choice":"Pray","damage_taken":0,"max_hp_gain":0,"max_hp_loss":0,"event_name":"Golden Shrine","floor":19,"gold_loss":0},{"damage_healed":0,"gold_gain":0,"player_choice":"Ignored","damage_taken":0,"max_hp_gain":0,"max_hp_loss":0,"event_name":"Ghosts","floor":22,"gold_loss":0},{"damage_healed":0,"gold_gain":0,"player_choice":"Upgraded","damage_taken":0,"max_hp_gain":0,"max_hp_loss":0,"event_name":"Upgrade Shrine","floor":27,"gold_loss":0,"cards_upgraded":["Defragment"]}],"is_beta":false,"boss_relics":[{"not_picked":["Fusion Hammer","White Beast Statue"],"picked":"Lizard Tail"},{"not_picked":["Velvet Choker","Pandora\u0027s Box"],"picked":"Runic Pyramid"}],"items_purged_floors":[],"is_endless":false,"potions_floor_spawned":[5,6,12,16,21,24,28],"killed_by":"Spire Growth","ascension_level":3}