{"gold_per_floor":[116,116,41,41,52,86,161,189,189,202,202],"floor_reached":11,"playtime":198,"items_purged":[],"score":212,"play_id":"163b0fc5-8b7b-404b-8524-579c3e678b40","local_time":"20190328181348","is_ascension_mode":true,"campfire_choices":[],"neow_cost":"NONE","seed_source_timestamp":674061520100,"circlet_count":0,"master_deck":["AscendersBane","Strike_R","Strike_R","Strike_R","Defend_R","Defend_R","Defend_R","Defend_R","Bash","Corruption","Searing Blow","Flame Barrier"],"relics":["Burning Blood","NeowsBlessing","Meat on the Bone","Du-Vu Doll","Regal Pillow"],"potions_floor_usage":[],"damage_taken":[{"damage":0,"enemies":"Small Slimes","floor":1,"turns":1},{"damage":0,"enemies":"Jaw Worm","floor":5,"turns":1},{"damage":0,"enemies":"Lagavulin","floor":6,"turns":1},{"damage":56,"enemies":"Gremlin Nob","floor":8,"turns":5},{"damage":1,"enemies":"Cultist","floor":10,"turns":3},{"damage":30,"enemies":"Lagavulin","floor":11,"turns":8}],"seed_played":"-1919899773847437554","potions_obtained":[{"floor":1,"key":"EssenceOfSteel"},{"floor":8,"key":"SpeedPotion"}],"is_trial":false,"path_per_floor":["M","?","?","$","M","E","?","E","T","M","E"],"character_chosen":"IRONCLAD","items_purchased":[],"campfire_rested":0,"item_purchase_floors":[],"current_hp_per_floor":[74,67,67,67,73,75,64,26,26,43,13],"gold":202,"neow_bonus":"THREE_ENEMY_KILL","is_prod":false,"is_daily":false,"chose_seed":false,"campfire_upgraded":0,"win_rate":0,"timestamp":1553764428,"path_taken":["M","?","?","?","?","E","?","E","T","M","E"],"build_version":"2019-01-23","purchased_purges":0,"victory":false,"max_hp_per_floor":[75,75,75,75,75,75,75,75,75,75,75],"card_choices":[{"not_picked":["Fire Breathing","Body Slam","Hemokinesis"],"picked":"SKIP","floor":1},{"not_picked":["Sever Soul","Warcry"],"picked":"Corruption","floor":5},{"not_picked":["Clash","Berserk"],"picked":"Searing Blow","floor":6},{"not_picked":["Metallicize","Wild Strike"],"picked":"Flame Barrier","floor":8},{"not_picked":["Perfected Strike","Havoc","Infernal Blade"],"picked":"SKIP","floor":10}],"player_experience":2679496,"relics_obtained":[{"floor":6,"key":"Meat on the Bone"},{"floor":8,"key":"Du-Vu Doll"},{"floor":9,"key":"Regal Pillow"}],"event_choices":[{"cards_removed":["Strike_R"],"damage_healed":0,"gold_gain":0,"player_choice":"Card Removal","damage_taken":7,"max_hp_gain":0,"max_hp_loss":0,"event_name":"Golden Wing","floor":2,"gold_loss":0},{"cards_removed":["Strike_R"],"damage_healed":0,"gold_gain":0,"player_choice":"Card Removal","damage_taken":0,"max_hp_gain":0,"max_hp_loss":0,"event_name":"The Cleric","floor":3,"gold_loss":75},{"damage_healed":0,"gold_gain":75,"player_choice":"Gather Gold","damage_taken":11,"max_hp_gain":0,"max_hp_loss":0,"event_name":"World of Goop","floor":7,"gold_loss":0}],"is_beta":false,"boss_relics":[],"items_purged_floors":[],"is_endless":false,"potions_floor_spawned":[1,8],"killed_by":"Lagavulin","ascension_level":20}