{"gold_per_floor":[115,115,135,135,149,149,175,175,175,201,211,227,227,259,259,336,336,355,370,370,370,390,390,390],"floor_reached":24,"playtime":883,"items_purged":[],"score":632,"play_id":"8faa34c2-fbc0-4d53-926b-f516ce7b29ac","local_time":"20190311001120","is_ascension_mode":true,"campfire_choices":[{"data":"Consume","floor":6,"key":"SMITH"},{"data":"Zap","floor":8,"key":"SMITH"},{"data":"Defragment","floor":13,"key":"SMITH"},{"data":"Dualcast","floor":15,"key":"SMITH"},{"data":"Coolheaded","floor":23,"key":"SMITH"}],"neow_cost":"NONE","seed_source_timestamp":136099078846800,"circlet_count":0,"master_deck":["AscendersBane","Strike_B","Strike_B","Strike_B","Defend_B","Defend_B","Defend_B","Zap+1","Dualcast+1","Coolheaded+1","All For One","Consume+1","Core Surge","Glacier","Self Repair","Defragment+1","Double Energy","Reboot","Core Surge"],"special_seed":0,"relics":["Cracked Core","NeowsBlessing","Symbiotic Virus","Gremlin Horn","Calipers","Snecko Eye"],"potions_floor_usage":[10,19,24],"damage_taken":[{"damage":0,"enemies":"Cultist","floor":1,"turns":1},{"damage":0,"enemies":"Jaw Worm","floor":3,"turns":1},{"damage":0,"enemies":"Small Slimes","floor":5,"turns":1},{"damage":21,"enemies":"Lagavulin","floor":7,"turns":7},{"damage":0,"enemies":"Gremlin Nob","floor":10,"turns":3},{"damage":3,"enemies":"Blue Slaver","floor":11,"turns":2},{"damage":13,"enemies":"Gremlin Gang","floor":12,"turns":5},{"damage":0,"enemies":"Lagavulin","floor":14,"turns":7},{"damage":0,"enemies":"Slime Boss","floor":16,"turns":8},{"damage":13,"enemies":"Chosen","floor":18,"turns":4},{"damage":0,"enemies":"3 Byrds","floor":19,"turns":3},{"damage":30,"enemies":"Colosseum Slavers","floor":20,"turns":4},{"damage":0,"enemies":"Snecko","floor":22,"turns":5},{"damage":37,"enemies":"Book of Stabbing","floor":24,"turns":8}],"seed_played":"1489007517813424703","potions_obtained":[{"floor":3,"key":"Block Potion"},{"floor":5,"key":"Weak Potion"},{"floor":12,"key":"GamblersBrew"}],"is_trial":false,"path_per_floor":["M","?","M","?","M","R","E","R","T","E","M","M","R","E","R","B",null,"M","M","?","?","M","R","E"],"character_chosen":"DEFECT","items_purchased":[],"campfire_rested":0,"item_purchase_floors":[],"current_hp_per_floor":[64,64,64,64,64,64,43,43,43,43,40,34,34,41,41,48,65,59,66,43,43,50,50,13],"gold":390,"neow_bonus":"THREE_ENEMY_KILL","is_prod":false,"is_daily":false,"chose_seed":false,"campfire_upgraded":5,"win_rate":0,"timestamp":1552230680,"path_taken":["M","?","?","?","M","R","E","R","T","E","M","M","R","E","R","BOSS","M","M","?","?","M","R","E"],"build_version":"2019-01-23","purchased_purges":0,"victory":false,"max_hp_per_floor":[71,71,71,71,71,71,71,71,71,71,71,71,71,71,71,71,71,71,71,71,71,71,71,71],"card_choices":[{"not_picked":["Steam","Stack"],"picked":"Coolheaded","floor":1},{"not_picked":["Doom and Gloom","Hologram","Reinforced Body"],"picked":"SKIP","floor":3},{"not_picked":["BootSequence","Double Energy","Sweeping Beam"],"picked":"SKIP","floor":5},{"not_picked":["Hologram","Rebound"],"picked":"Core Surge","floor":7},{"not_picked":["Hello World","Steam"],"picked":"Glacier","floor":10},{"not_picked":["Beam Cell","Heatsinks"],"picked":"Self Repair","floor":11},{"not_picked":["Sweeping Beam","Rebound"],"picked":"Defragment","floor":12},{"not_picked":["Conserve Battery","Hello World"],"picked":"Double Energy","floor":14},{"not_picked":["Hyperbeam","All For One"],"picked":"Reboot","floor":16},{"not_picked":["Turbo","Beam Cell","Reprogram"],"picked":"SKIP","floor":18},{"not_picked":["Hello World+1","Steam","Rebound"],"picked":"SKIP","floor":19},{"not_picked":["Gash","Conserve Battery"],"picked":"Core Surge","floor":22}],"player_experience":2163554,"relics_obtained":[{"floor":9,"key":"Symbiotic Virus"},{"floor":10,"key":"Gremlin Horn"},{"floor":14,"key":"Calipers"}],"event_choices":[{"damage_healed":0,"gold_gain":0,"player_choice":"1 cards matched","damage_taken":0,"max_hp_gain":0,"max_hp_loss":0,"event_name":"Match and Keep!","floor":2,"gold_loss":0,"cards_obtained":["All For One"]},{"damage_healed":0,"gold_gain":0,"cards_transformed":["Defend_B"],"player_choice":"Change","damage_taken":0,"max_hp_gain":0,"max_hp_loss":0,"event_name":"Living Wall","floor":4,"gold_loss":0,"cards_obtained":["Consume"]},{"damage_healed":0,"gold_gain":0,"player_choice":"Fight","damage_taken":0,"max_hp_gain":0,"max_hp_loss":0,"event_name":"Colosseum","floor":20,"gold_loss":0},{"damage_healed":0,"gold_gain":0,"player_choice":"Fled From Nobs","damage_taken":0,"max_hp_gain":0,"max_hp_loss":0,"event_name":"Colosseum","floor":20,"gold_loss":0},{"cards_removed":["Strike_B"],"damage_healed":0,"gold_gain":0,"player_choice":"Purged","damage_taken":0,"max_hp_gain":0,"max_hp_loss":0,"event_name":"Purifier","floor":21,"gold_loss":0}],"is_beta":false,"boss_relics":[{"not_picked":["Philosopher\u0027s Stone","Eternal Feather"],"picked":"Snecko Eye"}],"items_purged_floors":[],"is_endless":false,"potions_floor_spawned":[3,5,7,12,16,18],"killed_by":"Book of Stabbing","ascension_level":20}