{"gold_per_floor":[110,130,146,163,8,35,35,54,54,81,81,81,162,162,162,239,239,249,268,3,3],"floor_reached":21,"playtime":662,"items_purged":["Multi-Cast"],"score":378,"play_id":"971c283f-3e82-4a80-9e96-48cb5a6c87fb","local_time":"20190304163611","is_ascension_mode":true,"campfire_choices":[{"data":"Capacitor","floor":7,"key":"SMITH"},{"data":"Defragment","floor":11,"key":"SMITH"},{"floor":15,"key":"REST"}],"neow_cost":"NONE","seed_source_timestamp":231978458490400,"circlet_count":0,"master_deck":["AscendersBane","Zap","Dualcast","Coolheaded","Barrage","Turbo","Capacitor+1","Biased Cognition","Biased Cognition","Defragment+1","Conserve Battery","Creative AI","Multi-Cast","Multi-Cast","Streamline","Ball Lightning","Ball Lightning","Aggregate","Cold Snap","Hologram"],"relics":["Cracked Core","NeowsBlessing","StoneCalendar","Dream Catcher","Smiling Mask","Question Card","Pandora\u0027s Box","OrangePellets"],"potions_floor_usage":[10,16,21],"damage_taken":[{"damage":0,"enemies":"Cultist","floor":1,"turns":1},{"damage":0,"enemies":"2 Louse","floor":2,"turns":1},{"damage":0,"enemies":"Jaw Worm","floor":3,"turns":1},{"damage":8,"enemies":"2 Fungi Beasts","floor":4,"turns":4},{"damage":12,"enemies":"Lagavulin","floor":6,"turns":6},{"damage":18,"enemies":"Exordium Thugs","floor":8,"turns":5},{"damage":8,"enemies":"Gremlin Nob","floor":10,"turns":3},{"damage":27,"enemies":"The Guardian","floor":16,"turns":9},{"damage":30,"enemies":"Shell Parasite","floor":18,"turns":3},{"damage":0,"enemies":"Spheric Guardian","floor":19,"turns":3},{"damage":23,"enemies":"Centurion and Healer","floor":21,"turns":2}],"seed_played":"-527165757258855968","potions_obtained":[{"floor":3,"key":"PowerPotion"},{"floor":6,"key":"LiquidBronze"},{"floor":14,"key":"GamblersBrew"},{"floor":19,"key":"Energy Potion"}],"is_trial":false,"path_per_floor":["M","M","M","M","$","E","R","M","T","E","R","?","T","?","R","B",null,"M","M","$","M"],"character_chosen":"DEFECT","items_purchased":["Biased Cognition","OrangePellets"],"campfire_rested":1,"item_purchase_floors":[5,20],"current_hp_per_floor":[64,64,64,56,56,44,44,26,26,18,18,18,18,18,39,12,56,26,26,26,3],"gold":3,"neow_bonus":"THREE_ENEMY_KILL","is_prod":false,"is_daily":false,"chose_seed":false,"campfire_upgraded":2,"win_rate":0,"timestamp":1551684971,"path_taken":["M","M","M","M","?","E","R","M","T","E","R","?","?","?","R","BOSS","M","M","$","M"],"build_version":"2019-01-23","purchased_purges":1,"victory":false,"max_hp_per_floor":[71,71,71,71,71,71,71,71,71,71,71,71,71,71,71,71,71,71,71,71,71],"card_choices":[{"not_picked":["Turbo","Go for the Eyes"],"picked":"Coolheaded","floor":1},{"not_picked":["Coolheaded","Aggregate"],"picked":"Barrage","floor":2},{"not_picked":["Aggregate","Stack"],"picked":"Turbo","floor":3},{"not_picked":["Genetic Algorithm","Redo"],"picked":"Capacitor","floor":4},{"not_picked":["Compile Driver","Storm"],"picked":"Biased Cognition","floor":6},{"not_picked":["Steam","Sweeping Beam","Stack"],"picked":"SKIP","floor":8},{"not_picked":["Aggregate","Beam Cell"],"picked":"Defragment","floor":10},{"not_picked":["Aggregate","Genetic Algorithm","Force Field"],"picked":"Conserve Battery","floor":15},{"not_picked":["Fission","All For One","Buffer"],"picked":"Creative AI","floor":16},{"not_picked":["Scrape","Heatsinks","Compile Driver"],"picked":"Cold Snap","floor":18},{"not_picked":["Ball Lightning","Coolheaded","Go for the Eyes"],"picked":"Hologram","floor":19}],"player_experience":2002776,"relics_obtained":[{"floor":6,"key":"StoneCalendar"},{"floor":9,"key":"Dream Catcher"},{"floor":10,"key":"Smiling Mask"},{"floor":13,"key":"Question Card"}],"event_choices":[{"cards_removed":["Strike_B"],"damage_healed":0,"gold_gain":0,"player_choice":"Forget","damage_taken":0,"max_hp_gain":0,"max_hp_loss":0,"event_name":"Living Wall","floor":12,"gold_loss":0},{"damage_healed":0,"gold_gain":0,"player_choice":"Got Potions","damage_taken":0,"max_hp_gain":0,"max_hp_loss":0,"event_name":"Lab","floor":14,"gold_loss":0}],"is_beta":false,"boss_relics":[{"not_picked":["Nuclear Battery","Fusion Hammer"],"picked":"Pandora\u0027s Box"}],"items_purged_floors":[20],"is_endless":false,"potions_floor_spawned":[3,6,19],"killed_by":"Centurion and Healer","ascension_level":20}