{"gold_per_floor":[110,128,128,144,159,194,194,119,119,137,161,196,196,229,229,229],"floor_reached":16,"playtime":906,"items_purged":["Strike_R"],"score":195,"play_id":"71911155-1bbe-4edf-b972-f676ad9650de","local_time":"20180919194313","is_ascension_mode":true,"campfire_choices":[{"data":"Rampage","floor":7,"key":"SMITH"},{"data":"Armaments","floor":13,"key":"SMITH"},{"data":"Uppercut","floor":15,"key":"SMITH"}],"neow_cost":"TEN_PERCENT_HP_LOSS","seed_source_timestamp":186890453692122,"circlet_count":0,"master_deck":["Strike_R","Strike_R","Strike_R","Strike_R","Defend_R","Defend_R","Defend_R","Defend_R","Bash","AscendersBane","Headbutt","Rampage+1","Headbutt","Flame Barrier","Feed","Armaments+1","Uppercut+1","Evolve"],"relics":["Burning Blood","Magic Flower","Golden Idol","Pen Nib","Dodecahedron","Mummified Hand","Kunai"],"potions_floor_usage":[6,14],"damage_taken":[{"damage":10,"enemies":"Jaw Worm","floor":1,"turns":7},{"damage":11,"enemies":"2 Louse","floor":2,"turns":3},{"damage":1,"enemies":"Cultist","floor":4,"turns":4},{"damage":26,"enemies":"3 Louse","floor":5,"turns":4},{"damage":26,"enemies":"Gremlin Nob","floor":6,"turns":4},{"damage":1,"enemies":"2 Fungi Beasts","floor":10,"turns":3},{"damage":5,"enemies":"Exordium Wildlife","floor":11,"turns":3},{"damage":23,"enemies":"Lagavulin","floor":12,"turns":5},{"damage":22,"enemies":"3 Sentries","floor":14,"turns":6},{"damage":20,"enemies":"The Guardian","floor":16,"turns":8}],"seed_played":"4629345476218416406","potions_obtained":[{"floor":4,"key":"Weak Potion"},{"floor":6,"key":"SteroidPotion"},{"floor":10,"key":"SkillPotion"},{"floor":12,"key":"Explosive Potion"}],"is_trial":false,"path_per_floor":["M","M","?","M","M","E","R","$","T","M","M","E","R","E","R"],"character_chosen":"IRONCLAD","items_purchased":[],"campfire_rested":0,"item_purchase_floors":[],"current_hp_per_floor":[71,69,51,59,42,25,25,25,25,33,42,28,28,20,20,0],"gold":229,"neow_bonus":"ONE_RARE_RELIC","is_prod":false,"is_daily":false,"chose_seed":false,"campfire_upgraded":3,"win_rate":0,"timestamp":1537357393,"path_taken":["M","M","?","M","M","E","R","$","T","M","M","E","R","E","R","BOSS"],"build_version":"2018-09-18v3","purchased_purges":1,"victory":false,"max_hp_per_floor":[72,72,72,72,72,72,72,72,72,72,75,75,75,78,78,78],"card_choices":[{"not_picked":["Cleave","Anger"],"picked":"Headbutt","floor":1},{"not_picked":["Warcry","Cleave"],"picked":"Rampage","floor":2},{"not_picked":["Entrench","Cleave","Flex"],"picked":"SKIP","floor":4},{"not_picked":["Blood for Blood","Perfected Strike"],"picked":"Headbutt","floor":5},{"not_picked":["Power Through","Flex"],"picked":"Flame Barrier","floor":6},{"not_picked":["Pommel Strike","Fire Breathing"],"picked":"Feed","floor":10},{"not_picked":["Entrench","Wild Strike"],"picked":"Armaments","floor":11},{"not_picked":["Blood for Blood","Feel No Pain"],"picked":"Uppercut","floor":12},{"not_picked":["Twin Strike","Clash"],"picked":"Evolve","floor":14}],"player_experience":472822,"relics_obtained":[{"floor":6,"key":"Pen Nib"},{"floor":9,"key":"Dodecahedron"},{"floor":12,"key":"Mummified Hand"},{"floor":14,"key":"Kunai"}],"event_choices":[{"event_name":"Golden Idol","player_choice":"Take Damage","floor":3,"damage_taken":0}],"is_beta":true,"boss_relics":[],"items_purged_floors":[8],"is_endless":false,"potions_floor_spawned":[4,6,10,12],"killed_by":"The Guardian","ascension_level":12}