{"path_per_floor":["M","M","$","?","?","R","E","M","T","R","?","M","M","E","R","B",null,"M","?","$","?","M","R","E","R","T","E","R","?","?","$","R","B",null,"M","M","M","M","M","R","M","M","T","R","M","M","$","M","R"],"character_chosen":"THE_SILENT","items_purchased":["Noxious Fumes","Omamori","Acrobatics","Footwork","Kunai"],"gold_per_floor":[117,129,54,54,54,54,80,99,99,99,99,118,137,171,171,267,267,279,279,25,25,41,41,66,66,66,99,99,99,99,23,23,124,124,137,149,163,179,196,196,211,231,283,283,297,310,68,80,80],"floor_reached":50,"campfire_rested":2,"playtime":3359,"current_hp_per_floor":[69,58,58,44,44,44,35,29,29,29,29,27,27,6,42,28,60,60,60,60,60,60,60,42,42,49,40,40,40,40,40,40,29,47,49,49,35,31,33,33,22,32,32,32,23,33,33,16,46],"items_purged":["Regret"],"gold":80,"score":670,"play_id":"3b87ca10-6b79-4683-821b-a696fe0fd07e","local_time":"20180303153106","is_prod":false,"is_daily":false,"is_ascension_mode":true,"campfire_upgraded":8,"timestamp":1520062266,"path_taken":["M","M","$","?","?","R","E","?","T","R","?","M","?","E","R","BOSS","M","?","$","?","M","R","E","R","T","E","R","?","?","?","R","BOSS","M","M","M","?","M","R","M","M","T","R","M","M","$","M","R","BOSS"],"build_version":"2018-03-02-BETA2","purchased_purges":1,"victory":false,"master_deck":["Defend_G+1","Defend_G","Defend_G","Defend_G","Survivor","Neutralize+1","Envenom+1","Well Laid Plans","Dash","Cloak And Dagger+1","Infinite Blades","PiercingWail","Cloak And Dagger","Backstab","After Image","Accuracy+1","Catalyst+1","Noxious Fumes+1","Acrobatics","Dagger Spray","A Thousand Cuts+1","After Image","Bite","Bite","Bite","Bite","Bite","Footwork+1","After Image","Cloak And Dagger+1","Backflip+1","Cloak And Dagger+1","Tools of the Trade","Accuracy+1","Backflip+1","Crippling Poison+1"],"max_hp_per_floor":[70,70,70,70,70,70,70,70,70,70,70,70,70,70,70,70,70,70,70,70,70,70,70,70,70,77,77,77,77,53,53,53,53,53,53,53,53,53,53,53,53,53,53,53,53,53,53,53,53],"relics":["Ring of the Snake","Regal Pillow","Shovel","Bag of Preparation","Cursed Key","Omamori","Anchor","Strawberry","Centennial Puzzle","Sozu","Dream Catcher","Kunai"],"card_choices":[{"not_picked":["Unload","Corpse Explosion"],"picked":"Envenom"},{"not_picked":["Terror","Dagger Throw"],"picked":"Well Laid Plans"},{"not_picked":["Slice","Deadly Poison"],"picked":"Cloak And Dagger"},{"not_picked":["Backflip","Sucker Punch"],"picked":"Infinite Blades"},{"not_picked":["Dagger Throw","Deflect"],"picked":"PiercingWail"},{"not_picked":["Crippling Poison","Quick Slash"],"picked":"Cloak And Dagger"},{"not_picked":["Tactician","Malaise"],"picked":"Backstab"},{"not_picked":["Grand Finale","Storm of Steel"],"picked":"After Image"},{"not_picked":["Quick Slash","Outmaneuver"],"picked":"Accuracy"},{"not_picked":["Well Laid Plans","Acrobatics"],"picked":"Dagger Spray"},{"not_picked":["Prepared","Expertise"],"picked":"A Thousand Cuts"},{"not_picked":["Bouncing Flask","Flying Knee"],"picked":"After Image"},{"not_picked":["Bullet Time","Glass Knife"],"picked":"After Image"},{"not_picked":["Quick Slash","Dash"],"picked":"Cloak And Dagger"},{"not_picked":["Sucker Punch","Cloak And Dagger"],"picked":"Backflip"},{"not_picked":["Bane","Flying Knee"],"picked":"Cloak And Dagger"},{"not_picked":["Flying Knee","Poisoned Stab"],"picked":"Tools of the Trade"},{"not_picked":["Cloak And Dagger","Endless Agony"],"picked":"Accuracy"},{"not_picked":["Dodge and Roll","Backstab"],"picked":"Backflip"},{"not_picked":["Underhanded Strike","PiercingWail"],"picked":"Crippling Poison"}],"player_experience":135675,"potions_floor_usage":[12,14,16,27,38,50],"damage_taken":[{"damage":1,"enemies":"2 Louse","floor":1,"turns":4},{"damage":11,"enemies":"Cultist","floor":2,"turns":4},{"damage":9,"enemies":"3 Sentries","floor":7,"turns":10},{"damage":6,"enemies":"Small Slimes","floor":8,"turns":3},{"damage":2,"enemies":"Gremlin Gang","floor":12,"turns":4},{"damage":0,"enemies":"Large Slime","floor":13,"turns":3},{"damage":21,"enemies":"Gremlin Nob","floor":14,"turns":4},{"damage":14,"enemies":"Hexaghost","floor":16,"turns":9},{"damage":0,"enemies":"Spheric Guardian","floor":18,"turns":5},{"damage":0,"enemies":"3 Byrds","floor":22,"turns":5},{"damage":18,"enemies":"Book of Stabbing","floor":24,"turns":5},{"damage":24,"enemies":"Gremlin Leader","floor":27,"turns":5},{"damage":21,"enemies":"Collector","floor":33,"turns":7},{"damage":6,"enemies":"3 Shapes","floor":35,"turns":4},{"damage":10,"enemies":"Flame Bruiser 1 Orb","floor":36,"turns":6},{"damage":24,"enemies":"Spire Growth","floor":37,"turns":5},{"damage":12,"enemies":"Flame Bruiser 2 Orb","floor":38,"turns":4},{"damage":0,"enemies":"Sphere and 2 Shapes","floor":39,"turns":4},{"damage":17,"enemies":"3 Darklings","floor":41,"turns":6},{"damage":6,"enemies":"Maw","floor":42,"turns":7},{"damage":19,"enemies":"Flame Bruiser 2 Orb","floor":45,"turns":5},{"damage":0,"enemies":"3 Darklings","floor":46,"turns":4},{"damage":25,"enemies":"Sphere and 2 Shapes","floor":48,"turns":5},{"damage":52,"enemies":"Awakened One","floor":50,"turns":2}],"event_choices":[{"event_name":"Shining Light","player_choice":"Entered Light","floor":4,"damage_taken":0},{"event_name":"Transmorgrifier","player_choice":"Transform","floor":5,"damage_taken":0},{"event_name":"Purifier","player_choice":"One Purge","floor":11,"damage_taken":0},{"event_name":"The Library","player_choice":"Read","floor":19,"damage_taken":0},{"event_name":"Addict","player_choice":"Ignored","floor":21,"damage_taken":0},{"event_name":"Back to Basics","player_choice":"Elegance","floor":29,"damage_taken":0},{"event_name":"Vampires","player_choice":"Became a vampire","floor":30,"damage_taken":0}],"boss_relics":[{"not_picked":["Eternal Feather","The Specimen"],"picked":"Cursed Key"},{"not_picked":["Question Card","Astrolabe"],"picked":"Sozu"}],"potions_floor_spawned":[1,7,14,16,22,33,38,39,45,46],"seed_played":"4846624767896743859","killed_by":"Awakened One","ascension_level":5,"is_trial":false}