{"gold_per_floor":[117,129,52,72,90,90,122,137,212,224,237,252,252,3,3,3],"floor_reached":16,"playtime":965,"items_purged":[],"score":106,"play_id":"41d76f16-5a40-4f5c-b77f-d836f81ff550","local_time":"20190326232643","is_ascension_mode":false,"campfire_choices":[{"data":"Corruption","floor":6.0,"key":"SMITH"},{"floor":13.0,"key":"REST"},{"floor":15.0,"key":"REST"}],"neow_cost":"NONE","seed_source_timestamp":12065530889900,"circlet_count":0,"master_deck":["Strike_R","Strike_R","Strike_R","Strike_R","Strike_R","Defend_R","Defend_R","Defend_R","Defend_R","Bash","Heavy Blade","Flex","Corruption+1","Corruption","Flex","Feel No Pain","Armaments","Immolate","Armaments","Armaments"],"special_seed":0,"relics":["Burning Blood","NeowsBlessing","Bag of Marbles","Darkstone Periapt","Bottled Tornado"],"potions_floor_usage":[16],"damage_taken":[{"damage":0.0,"enemies":"Small Slimes","floor":1.0,"turns":1.0},{"damage":0.0,"enemies":"Cultist","floor":2.0,"turns":1.0},{"damage":0.0,"enemies":"2 Louse","floor":4.0,"turns":1.0},{"damage":10.0,"enemies":"Looter","floor":5.0,"turns":2.0},{"damage":52.0,"enemies":"Gremlin Nob","floor":7.0,"turns":5.0},{"damage":18.0,"enemies":"Large Slime","floor":8.0,"turns":6.0},{"damage":13.0,"enemies":"Exordium Wildlife","floor":10.0,"turns":6.0},{"damage":0.0,"enemies":"Exordium Thugs","floor":11.0,"turns":1.0},{"damage":12.0,"enemies":"Blue Slaver","floor":12.0,"turns":2.0},{"damage":59,"enemies":"Slime Boss","floor":16,"turns":13}],"seed_played":"-5625592840402468195","potions_obtained":[{"floor":4.0,"key":"Fire Potion"},{"floor":7.0,"key":"SpeedPotion"},{"floor":8.0,"key":"SmokeBomb"},{"floor":12.0,"key":"Block Potion"}],"is_trial":false,"path_per_floor":["M","M","$","M","M","R","E","M","T","M","M","M","R","$","R","B"],"character_chosen":"IRONCLAD","items_purchased":["Corruption","Bottled Tornado"],"campfire_rested":2,"item_purchase_floors":[3,14],"current_hp_per_floor":[80,80,80,80,76,76,30,18,18,11,17,11,35,35,59,0],"gold":3,"neow_bonus":"THREE_ENEMY_KILL","is_prod":false,"is_daily":false,"chose_seed":false,"campfire_upgraded":1,"win_rate":0,"timestamp":1553610403,"path_taken":["M","M","$","M","M","R","E","M","T","M","M","M","R","$","R","BOSS"],"build_version":"2019-01-23","purchased_purges":0,"victory":false,"max_hp_per_floor":[80,80,80,80,80,80,80,80,80,80,80,80,80,80,80,80],"card_choices":[{"not_picked":["Flex","Evolve"],"picked":"Heavy Blade","floor":1.0},{"not_picked":["Clothesline","Havoc"],"picked":"Flex","floor":2.0},{"not_picked":["Headbutt","Shrug It Off"],"picked":"Corruption","floor":4.0},{"not_picked":["Body Slam","Anger"],"picked":"Flex","floor":5.0},{"not_picked":["True Grit","Wild Strike"],"picked":"Feel No Pain","floor":7.0},{"not_picked":["Rampage","Intimidate"],"picked":"Armaments","floor":8.0},{"not_picked":["Clash","Battle Trance"],"picked":"Immolate","floor":10.0},{"not_picked":["True Grit","Clash"],"picked":"Armaments","floor":11.0},{"not_picked":["Sword Boomerang","Heavy Blade"],"picked":"Armaments","floor":12.0}],"player_experience":219996,"relics_obtained":[{"floor":7.0,"key":"Bag of Marbles"},{"floor":9.0,"key":"Darkstone Periapt"}],"event_choices":[],"is_beta":false,"boss_relics":[],"items_purged_floors":[],"is_endless":false,"potions_floor_spawned":[4,7,8,12],"killed_by":"Slime Boss","ascension_level":0}