{"gold_per_floor":[119,129,144,160,20,20,38,38,88,115,390,415,430,280,280,352,352,367,4,4,23,36,36],"floor_reached":23,"playtime":1027,"items_purged":["Regret"],"score":445,"play_id":"d09a6b5a-f35e-482b-9395-34e68324d90e","local_time":"20190420121239","is_ascension_mode":true,"campfire_choices":[{"floor":6,"key":"REST"},{"floor":8,"key":"REST"},{"floor":15,"key":"REST"}],"neow_cost":"NONE","seed_source_timestamp":757966740868172,"circlet_count":0,"master_deck":["AscendersBane","Strike_B","Strike_B","Strike_B","Strike_B","Defend_B","Defend_B","Defend_B","Defend_B","Zap","Dualcast","Ball Lightning","Chaos","Redo","Cold Snap","Hello World","Storm","White Noise","Darkness","Cold Snap","Cold Snap","Loop","Echo Form","White Noise","Chaos","Storm","Stack","Amplify","Chaos","Capacitor","Heatsinks"],"relics":["Cracked Core","DataDisk","Pantograph","Regal Pillow","Orrery","Cables"],"potions_floor_usage":[10,21,23,23],"damage_taken":[{"damage":5,"enemies":"2 Louse","floor":1,"turns":2},{"damage":1,"enemies":"Cultist","floor":2,"turns":3},{"damage":4,"enemies":"Jaw Worm","floor":3,"turns":3},{"damage":5,"enemies":"Looter","floor":4,"turns":3},{"damage":9,"enemies":"Blue Slaver","floor":7,"turns":4},{"damage":0,"enemies":"Lagavulin","floor":10,"turns":3},{"damage":41,"enemies":"Gremlin Nob","floor":12,"turns":4},{"damage":21,"enemies":"Exordium Wildlife","floor":13,"turns":5},{"damage":21,"enemies":"The Guardian","floor":16,"turns":7},{"damage":15,"enemies":"Chosen","floor":18,"turns":4},{"damage":26,"enemies":"Spheric Guardian","floor":21,"turns":4},{"damage":22,"enemies":"Centurion and Healer","floor":22,"turns":5},{"damage":9,"enemies":"Book of Stabbing","floor":23,"turns":1}],"seed_played":"-6575542090162637028","potions_obtained":[{"floor":1,"key":"LiquidBronze"},{"floor":2,"key":"Swift Potion"},{"floor":10,"key":"SpeedPotion"},{"floor":22,"key":"FearPotion"}],"is_trial":false,"path_per_floor":["M","M","M","M","$","R","M","R","T","E","?","E","M","$","R","B",null,"M","$","?","M","M","E"],"character_chosen":"DEFECT","items_purchased":["Storm","PowerPotion","Loop","Cables","Capacitor"],"campfire_rested":3,"item_purchase_floors":[5,5,14,19,19],"current_hp_per_floor":[59,58,54,49,49,70,61,71,71,71,71,30,9,9,45,49,66,51,51,51,25,3,0],"gold":36,"neow_bonus":"THREE_CARDS","is_prod":false,"is_daily":false,"chose_seed":false,"campfire_upgraded":0,"win_rate":0,"timestamp":1555751559,"path_taken":["M","M","M","M","$","R","M","R","T","E","?","E","?","$","R","BOSS","M","$","?","M","M","E"],"build_version":"2019-01-23","purchased_purges":1,"victory":false,"max_hp_per_floor":[71,71,71,71,71,71,71,71,71,71,71,71,71,71,71,71,71,71,71,71,71,71,71],"card_choices":[{"not_picked":["Rebound","Barrage"],"picked":"Ball Lightning","floor":0},{"not_picked":["Recycle","Melter"],"picked":"Chaos","floor":1},{"not_picked":["Barrage","Steam"],"picked":"Redo","floor":2},{"not_picked":["Beam Cell","Scrape"],"picked":"Cold Snap","floor":3},{"not_picked":["Aggregate","Reinforced Body"],"picked":"Hello World","floor":4},{"not_picked":["Hologram","Capacitor"],"picked":"White Noise","floor":7},{"not_picked":["Rip and Tear","Coolheaded"],"picked":"Darkness","floor":10},{"not_picked":["Coolheaded","Sweeping Beam"],"picked":"Cold Snap","floor":12},{"not_picked":["Beam Cell","Turbo"],"picked":"Cold Snap","floor":13},{"not_picked":["Reboot","Electrodynamics"],"picked":"Echo Form","floor":16},{"not_picked":["Cold Snap","Barrage"],"picked":"White Noise","floor":17},{"not_picked":["Cold Snap","Skim"],"picked":"Chaos","floor":17},{"not_picked":["Hello World","Auto Shields"],"picked":"Storm","floor":17},{"not_picked":["Gash","Compile Driver"],"picked":"Stack","floor":17},{"not_picked":["Skim","Doom and Gloom"],"picked":"Amplify","floor":17},{"not_picked":["Compile Driver+1","Turbo"],"picked":"Chaos","floor":18},{"not_picked":["Gash","Redo"],"picked":"Heatsinks","floor":21},{"not_picked":["Reprogram","Go for the Eyes","Undo"],"picked":"SKIP","floor":22}],"player_experience":1219855,"relics_obtained":[{"floor":9,"key":"DataDisk"},{"floor":10,"key":"Pantograph"},{"floor":12,"key":"Regal Pillow"}],"event_choices":[{"damage_healed":0,"gold_gain":275,"player_choice":"Desecrate","damage_taken":0,"max_hp_gain":0,"max_hp_loss":0,"event_name":"Golden Shrine","floor":11,"gold_loss":0,"cards_obtained":["Regret"]},{"damage_healed":0,"gold_gain":0,"player_choice":"Ignored","damage_taken":0,"max_hp_gain":0,"max_hp_loss":0,"event_name":"Beggar","floor":20,"gold_loss":0}],"is_beta":false,"boss_relics":[{"not_picked":["Velvet Choker","Busted Crown"],"picked":"Orrery"}],"items_purged_floors":[14],"is_endless":false,"potions_floor_spawned":[1,2,4,10,22],"killed_by":"Book of Stabbing","ascension_level":19}