{"gold_per_floor":[112,112,57,57,75,110,110,143,155,167],"floor_reached":10,"playtime":282,"items_purged":[],"score":148,"play_id":"17a33949-428f-4dab-9a49-812ffcfca0af","local_time":"20190319225729","is_ascension_mode":true,"campfire_choices":[{"data":"Darkness","floor":7,"key":"SMITH"}],"neow_cost":"TEN_PERCENT_HP_LOSS","seed_source_timestamp":15721157747000,"circlet_count":0,"master_deck":["AscendersBane","Strike_B","Strike_B","Strike_B","Strike_B","Defend_B","Defend_B","Defend_B","Defend_B","Zap","Dualcast","Biased Cognition","Loop+1","Ball Lightning","Darkness+1","Conserve Battery"],"relics":["Cracked Core","GremlinMask","Matryoshka","MawBank","Strawberry","Lantern"],"potions_floor_usage":[6,8,10],"damage_taken":[{"damage":5,"enemies":"2 Louse","floor":1,"turns":2},{"damage":6,"enemies":"Cultist","floor":5,"turns":3},{"damage":15,"enemies":"3 Sentries","floor":6,"turns":4},{"damage":29,"enemies":"Gremlin Nob","floor":8,"turns":4},{"damage":25,"enemies":"3 Sentries","floor":10,"turns":4}],"seed_played":"5439291269363193694","potions_obtained":[{"floor":1,"key":"Explosive Potion"},{"floor":5,"key":"Block Potion"},{"floor":6,"key":"EssenceOfSteel"}],"is_trial":false,"path_per_floor":["M","?","$","?","M","E","R","E","T","E"],"character_chosen":"DEFECT","items_purchased":["Ball Lightning"],"campfire_rested":0,"item_purchase_floors":[3],"current_hp_per_floor":[59,59,59,59,53,38,38,9,16,0],"gold":167,"neow_bonus":"THREE_RARE_CARDS","is_prod":false,"is_daily":false,"chose_seed":false,"campfire_upgraded":1,"win_rate":0,"timestamp":1553003849,"path_taken":["M","?","$","?","M","E","R","E","T","E"],"build_version":"2019-01-23","purchased_purges":0,"victory":false,"max_hp_per_floor":[64,64,64,64,64,64,64,64,71,71],"card_choices":[{"not_picked":["All For One","Fission"],"picked":"Biased Cognition","floor":0},{"not_picked":["Aggregate","Lockon"],"picked":"Loop","floor":1},{"not_picked":["Gash","Coolheaded"],"picked":"Darkness","floor":5},{"not_picked":["Go for the Eyes","Thunder Strike","Darkness"],"picked":"SKIP","floor":6},{"not_picked":["Streamline","Turbo"],"picked":"Conserve Battery","floor":8}],"player_experience":2391033,"relics_obtained":[{"floor":6,"key":"Matryoshka"},{"floor":8,"key":"MawBank"},{"floor":9,"key":"Strawberry"},{"floor":9,"key":"Lantern"}],"event_choices":[{"damage_healed":0,"gold_gain":0,"player_choice":"Grow","damage_taken":0,"max_hp_gain":0,"max_hp_loss":0,"event_name":"Living Wall","floor":2,"gold_loss":0,"cards_upgraded":["Loop"]},{"damage_healed":0,"gold_gain":0,"player_choice":"Trade","damage_taken":0,"relics_obtained":["GremlinMask"],"max_hp_gain":0,"max_hp_loss":0,"event_name":"FaceTrader","floor":4,"gold_loss":0}],"is_beta":false,"boss_relics":[],"items_purged_floors":[],"is_endless":false,"potions_floor_spawned":[1,5,6],"killed_by":"3 Sentries","ascension_level":20}