{"gold_per_floor":[110,129,129,141,64,64,96,96,96,123,123,133,165,179,179,279,279,296,9,9,27,27,55,72,72,72,106,106],"floor_reached":28,"playtime":1329,"items_purged":[],"score":428,"play_id":"3ad4bed6-ae80-4872-9f01-b05454c66514","local_time":"20180731144323","is_ascension_mode":true,"campfire_choices":[{"data":"Uppercut","floor":6,"key":"SMITH"},{"data":"Iron Wave","floor":8,"key":"SMITH"},{"data":"Disarm","floor":15,"key":"SMITH"},{"data":"True Grit","floor":25,"key":"SMITH"}],"neow_cost":"NONE","seed_source_timestamp":1371658110418349,"circlet_count":0,"master_deck":["Strike_R","Strike_R","Strike_R","Defend_R","Defend_R+1","Defend_R+1","Bash+1","AscendersBane","Iron Wave+1","Uppercut+1","Disarm+1","Anger","Feel No Pain","Thunderclap","Reaper","True Grit+1","Battle Trance","True Grit","Clash","Writhe","Dual Wield"],"relics":["Burning Blood","Pantograph","Bronze Scales","Mercury Hourglass","War Paint","Cursed Key","Paper Frog","Matryoshka","Bag of Marbles","Shovel","Potion Belt"],"potions_floor_usage":[7,12,13,21,23,27,28],"damage_taken":[{"damage":2,"enemies":"2 Louse","floor":1,"turns":4},{"damage":6,"enemies":"Small Slimes","floor":2,"turns":4},{"damage":7,"enemies":"Jaw Worm","floor":4,"turns":3},{"damage":6,"enemies":"Gremlin Nob","floor":7,"turns":3},{"damage":33,"enemies":"3 Sentries","floor":10,"turns":7},{"damage":5,"enemies":"Blue Slaver","floor":12,"turns":3},{"damage":16,"enemies":"Gremlin Nob","floor":13,"turns":3},{"damage":0,"enemies":"Large Slime","floor":14,"turns":5},{"damage":11,"enemies":"Hexaghost","floor":16,"turns":9},{"damage":12,"enemies":"Shell Parasite","floor":18,"turns":5},{"damage":35,"enemies":"2 Thieves","floor":21,"turns":3},{"damage":14,"enemies":"Book of Stabbing","floor":23,"turns":5},{"damage":4,"enemies":"Centurion and Healer","floor":24,"turns":5},{"damage":36,"enemies":"Gremlin Leader","floor":27,"turns":8},{"damage":15,"enemies":"Snake Plant","floor":28,"turns":1}],"seed_played":"-5086231821194413333","potions_obtained":[{"floor":1,"key":"BloodPotion"},{"floor":2,"key":"Poison Potion"},{"floor":12,"key":"Poison Potion"},{"floor":14,"key":"Poison Potion"},{"floor":18,"key":"EssenceOfSteel"},{"floor":21,"key":"Energy Potion"},{"floor":27,"key":"Poison Potion"}],"is_trial":false,"path_per_floor":["M","M","?","M","$","R","E","R","T","E","?","M","E","M","R","B",null,"M","$","?","M","?","E","M","R","T","E"],"character_chosen":"IRONCLAD","items_purchased":["Uppercut","Paper Frog","True Grit"],"campfire_rested":0,"item_purchase_floors":[5,19,19],"current_hp_per_floor":[76,76,69,68,68,68,68,68,68,41,41,50,40,46,46,66,77,77,77,69,51,51,43,45,45,45,15,0],"gold":106,"neow_bonus":"UPGRADE_CARD","is_prod":false,"is_daily":false,"chose_seed":false,"campfire_upgraded":4,"win_rate":0,"timestamp":1533019403,"path_taken":["M","M","?","M","$","R","E","R","T","E","?","?","E","M","R","BOSS","M","$","?","M","?","E","M","R","T","E","M"],"build_version":"2018-07-30","purchased_purges":0,"victory":false,"max_hp_per_floor":[80,80,80,80,80,80,80,80,80,80,80,80,80,80,80,80,80,80,80,80,80,80,80,80,80,80,80,80],"card_choices":[{"not_picked":["Pummel","Bloodletting"],"picked":"Iron Wave","floor":1},{"not_picked":["Body Slam","Infernal Blade","Flex"],"picked":"SKIP","floor":2},{"not_picked":["Combust","Flex","Sword Boomerang"],"picked":"SKIP","floor":4},{"not_picked":["Burning Pact","Body Slam"],"picked":"Disarm","floor":7},{"not_picked":["Second Wind","Uppercut"],"picked":"Anger","floor":10},{"not_picked":["Warcry","Perfected Strike","Twin Strike"],"picked":"SKIP","floor":12},{"not_picked":["Havoc","Pommel Strike"],"picked":"Feel No Pain","floor":13},{"not_picked":["Headbutt","Body Slam"],"picked":"Thunderclap","floor":14},{"not_picked":["Juggernaut","Demon Form"],"picked":"Reaper","floor":16},{"not_picked":["Body Slam","Rage","Thunderclap"],"picked":"SKIP","floor":18},{"not_picked":["Havoc","Clothesline"],"picked":"Battle Trance","floor":21},{"not_picked":["Shrug It Off","Heavy Blade"],"picked":"True Grit","floor":23},{"not_picked":["Clothesline","Warcry"],"picked":"Clash","floor":24},{"not_picked":["Pommel Strike","Shockwave+1"],"picked":"Dual Wield","floor":27}],"player_experience":459417,"relics_obtained":[{"floor":7,"key":"Pantograph"},{"floor":9,"key":"Bronze Scales"},{"floor":10,"key":"Mercury Hourglass"},{"floor":13,"key":"War Paint"},{"floor":23,"key":"Matryoshka"},{"floor":26,"key":"Bag of Marbles"},{"floor":26,"key":"Shovel"},{"floor":27,"key":"Potion Belt"}],"event_choices":[{"event_name":"Golden Wing","player_choice":"Card Removal","floor":3,"damage_taken":0},{"event_name":"Living Wall","player_choice":"Forget","floor":11,"damage_taken":0},{"event_name":"Knowing Skull","player_choice":"","floor":20,"damage_taken":0},{"event_name":"Back to Basics","player_choice":"Elegance","floor":22,"damage_taken":0}],"is_beta":true,"boss_relics":[{"not_picked":["Eternal Feather","Snecko Eye"],"picked":"Cursed Key"}],"items_purged_floors":[],"is_endless":false,"potions_floor_spawned":[1,2,12,14,18,21,27],"killed_by":"Snake Plant","ascension_level":11}