{"gold_per_floor":[119,119,138,99,99,132,102,114,190,200,226,226,151,162,162,240,240,197,0,14,14,29,29,29],"floor_reached":24,"playtime":677,"items_purged":["Strike_R","Strike_R"],"score":462,"play_id":"990ec9f3-95d9-481e-a5f8-3a31967dec07","local_time":"20190325172133","is_ascension_mode":true,"campfire_choices":[{"data":"Inflame","floor":12,"key":"SMITH"},{"data":"Bash","floor":15,"key":"SMITH"},{"data":"Discovery","floor":23,"key":"SMITH"}],"neow_cost":"NONE","seed_source_timestamp":80404821885000,"circlet_count":0,"master_deck":["AscendersBane","Strike_R+1","Strike_R+1","Defend_R","Defend_R","Defend_R","Defend_R","Bash+1","Inflame+1","Evolve","Shrug It Off","Feed","Feel No Pain","Battle Trance","Second Wind","Sentinel","Inflame+1","Discovery+1","Feel No Pain"],"relics":["Burning Blood","NeowsBlessing","Whetstone","Tiny Chest","Red Skull","Orrery"],"potions_floor_usage":[2,11,11,16,16,22],"damage_taken":[{"damage":0,"enemies":"2 Louse","floor":1,"turns":1},{"damage":0,"enemies":"Cultist","floor":3,"turns":1},{"damage":0,"enemies":"Gremlin Nob","floor":6,"turns":1},{"damage":1,"enemies":"Small Slimes","floor":8,"turns":4},{"damage":25,"enemies":"Red Slaver","floor":10,"turns":4},{"damage":35,"enemies":"Lagavulin","floor":11,"turns":7},{"damage":11,"enemies":"Lots of Slimes","floor":14,"turns":5},{"damage":22,"enemies":"Hexaghost","floor":16,"turns":9},{"damage":41,"enemies":"2 Thieves","floor":18,"turns":5},{"damage":5,"enemies":"Chosen","floor":20,"turns":6},{"damage":18,"enemies":"Shelled Parasite and Fungi","floor":22,"turns":8},{"damage":16,"enemies":"Sentry and Sphere","floor":24,"turns":3}],"seed_played":"3779693341026692766","potions_obtained":[{"floor":2,"key":"EntropicBrew"},{"floor":2,"key":"Fruit Juice"},{"floor":7,"key":"BloodPotion"},{"floor":7,"key":"EssenceOfSteel"},{"floor":11,"key":"EssenceOfSteel"},{"floor":20,"key":"Ancient Potion"}],"is_trial":false,"path_per_floor":["M","?","M","$","?","E","?","M","T","M","E","R","$","M","R","B",null,"M","$","M","$","M","R","M"],"character_chosen":"IRONCLAD","items_purchased":["Inflame","Discovery"],"campfire_rested":0,"item_purchase_floors":[4,19],"current_hp_per_floor":[74,79,80,80,73,79,79,80,80,61,32,32,32,27,27,11,63,31,31,35,35,26,26,10],"gold":29,"neow_bonus":"THREE_ENEMY_KILL","is_prod":false,"is_daily":false,"chose_seed":false,"campfire_upgraded":3,"win_rate":0,"timestamp":1553502093,"path_taken":["M","?","?","$","?","E","?","?","T","M","E","R","$","M","R","BOSS","M","$","M","?","M","R","?"],"build_version":"2019-01-23","purchased_purges":2,"victory":false,"max_hp_per_floor":[75,80,80,80,80,80,80,80,80,80,80,80,80,80,80,80,80,83,83,86,86,89,89,89],"card_choices":[{"not_picked":["Flex","Clothesline","Body Slam"],"picked":"SKIP","floor":1},{"not_picked":["Clash","Wild Strike","Sword Boomerang"],"picked":"SKIP","floor":3},{"not_picked":["Armaments","Clash"],"picked":"Evolve","floor":6},{"not_picked":["Combust","Warcry","Reckless Charge"],"picked":"SKIP","floor":8},{"not_picked":["Pommel Strike","Wild Strike","Sword Boomerang"],"picked":"SKIP","floor":10},{"not_picked":["Armaments","Twin Strike"],"picked":"Shrug It Off","floor":11},{"not_picked":["Bloodletting","Double Tap","Blood for Blood"],"picked":"SKIP","floor":14},{"not_picked":["Juggernaut","Demon Form"],"picked":"Feed","floor":16},{"not_picked":["Sentinel","Sword Boomerang"],"picked":"Feel No Pain","floor":17},{"not_picked":["Sentinel","Body Slam"],"picked":"Battle Trance","floor":17},{"not_picked":["Blood for Blood","Carnage"],"picked":"Second Wind","floor":17},{"not_picked":["Sever Soul","Rage"],"picked":"Sentinel","floor":17},{"not_picked":["Anger+1","Iron Wave"],"picked":"Inflame+1","floor":18},{"not_picked":["Iron Wave","Reckless Charge","Headbutt"],"picked":"SKIP","floor":20},{"not_picked":["Sever Soul","Havoc+1"],"picked":"Feel No Pain","floor":22}],"player_experience":2568312,"relics_obtained":[{"floor":6,"key":"Whetstone"},{"floor":9,"key":"Tiny Chest"},{"floor":11,"key":"Red Skull"}],"event_choices":[{"damage_healed":0,"gold_gain":0,"player_choice":"Got Potions","damage_taken":0,"max_hp_gain":0,"max_hp_loss":0,"event_name":"Lab","floor":2,"gold_loss":0},{"cards_removed":["Strike_R"],"damage_healed":0,"gold_gain":0,"player_choice":"Card Removal","damage_taken":7,"max_hp_gain":0,"max_hp_loss":0,"event_name":"Golden Wing","floor":5,"gold_loss":0},{"damage_healed":0,"gold_gain":0,"player_choice":"Bought 2 Potions","damage_taken":0,"max_hp_gain":0,"max_hp_loss":0,"event_name":"The Woman in Blue","floor":7,"gold_loss":0}],"is_beta":false,"boss_relics":[{"not_picked":["Busted Crown","Philosopher\u0027s Stone"],"picked":"Orrery"}],"items_purged_floors":[13,19],"is_endless":false,"potions_floor_spawned":[8,11,14,20],"killed_by":"Sentry and Sphere","ascension_level":20}