{"gold_per_floor":[111,111,127,141,160,160,61,61,86,116,133,153,153,118,118,216,216,228,228,241,268,3,3,34,34,34,69,88,107,107,122,122,226,226,241,241,257,257,8,41,60,92,92,92,109,126,161,181,181,181],"floor_reached":51,"playtime":2999,"items_purged":["Strike_R","Strike_R"],"score":754,"play_id":"c9624fda-aafd-4af5-8886-965ee3ed8d98","local_time":"20190427131635","is_ascension_mode":false,"campfire_choices":[{"data":"Carnage","floor":6,"key":"SMITH"},{"data":"Clothesline","floor":8,"key":"SMITH"},{"data":"Demon Form","floor":13,"key":"SMITH"},{"data":"Disarm","floor":15,"key":"SMITH"},{"floor":23,"key":"RECALL"},{"floor":25,"key":"REST"},{"floor":32,"key":"REST"},{"floor":44,"key":"REST"},{"floor":49,"key":"REST"}],"neow_cost":"PERCENT_DAMAGE","seed_source_timestamp":1302760681689400,"circlet_count":0,"master_deck":["Strike_R+1","Defend_R","Defend_R","Defend_R","Bash","Disarm+1","Burning Pact","Clothesline+1","Carnage+1","Twin Strike","Demon Form+1","Battle Trance","Double Tap","Uppercut","Dark Shackles","Metallicize","Spot Weakness","True Grit","Reaper+1","Immolate","True Grit","Madness","Madness","Armaments+1","Injury","Headbutt+1","Parasite","Ghostly Armor","Ghostly Armor+1","Iron Wave+1"],"relics":["Burning Blood","Potion Belt","Bag of Marbles","Fusion Hammer","Red Mask","Nunchaku","Dream Catcher","Orichalcum","Bottled Tornado","Cursed Key","Pocketwatch","Mummified Hand","Whetstone","Boot","Bottled Flame","Smiling Mask"],"potions_floor_usage":[21,24,47,50,50],"damage_taken":[{"damage":15,"enemies":"Jaw Worm","floor":1,"turns":4},{"damage":6,"enemies":"Cultist","floor":3,"turns":4},{"damage":0,"enemies":"2 Louse","floor":4,"turns":3},{"damage":13,"enemies":"Large Slime","floor":5,"turns":7},{"damage":21,"enemies":"Gremlin Nob","floor":10,"turns":4},{"damage":5,"enemies":"3 Louse","floor":11,"turns":3},{"damage":7,"enemies":"Blue Slaver","floor":12,"turns":4},{"damage":9,"enemies":"The Guardian","floor":16,"turns":11},{"damage":5,"enemies":"3 Byrds","floor":18,"turns":5},{"damage":2,"enemies":"Spheric Guardian","floor":20,"turns":3},{"damage":14,"enemies":"Masked Bandits","floor":21,"turns":4},{"damage":8,"enemies":"Gremlin Leader","floor":24,"turns":6},{"damage":1,"enemies":"Book of Stabbing","floor":27,"turns":6},{"damage":0,"enemies":"Snake Plant","floor":28,"turns":3},{"damage":2,"enemies":"Snecko","floor":29,"turns":5},{"damage":10,"enemies":"Centurion and Healer","floor":31,"turns":5},{"damage":37,"enemies":"Collector","floor":33,"turns":9},{"damage":2,"enemies":"Orb Walker","floor":35,"turns":2},{"damage":0,"enemies":"3 Shapes","floor":37,"turns":5},{"damage":14,"enemies":"Reptomancer","floor":40,"turns":5},{"damage":30,"enemies":"3 Darklings","floor":41,"turns":6},{"damage":31,"enemies":"Giant Head","floor":42,"turns":8},{"damage":6,"enemies":"Writhing Mass","floor":45,"turns":5},{"damage":5,"enemies":"4 Shapes","floor":46,"turns":6},{"damage":15,"enemies":"Reptomancer","floor":47,"turns":6},{"damage":22,"enemies":"Jaw Worm Horde","floor":48,"turns":4},{"damage":27,"enemies":"Time Eater","floor":50,"turns":10}],"seed_played":"7450508604463662096","potions_obtained":[{"floor":1,"key":"SpeedPotion"},{"floor":3,"key":"Swift Potion"},{"floor":5,"key":"Ancient Potion"},{"floor":11,"key":"EssenceOfSteel"},{"floor":12,"key":"Energy Potion"},{"floor":24,"key":"Block Potion"},{"floor":28,"key":"BloodPotion"},{"floor":29,"key":"GamblersBrew"},{"floor":31,"key":"SkillPotion"},{"floor":37,"key":"Block Potion"},{"floor":48,"key":"BloodPotion"}],"is_trial":false,"path_per_floor":["M","?","M","M","M","R","$","R","T","E","M","M","R","?","R","B",null,"M","?","M","?","$","R","E","R","T","E","M","M","T","M","R","B",null,"M","?","M","?","$","E","M","E","T","R","M","M","E","M","R","B",null],"character_chosen":"IRONCLAD","items_purchased":["Twin Strike","Dark Shackles","Metallicize","Mummified Hand"],"campfire_rested":4,"item_purchase_floors":[7,22,22,39],"current_hp_per_floor":[47,47,47,53,46,46,46,46,46,31,32,31,31,51,51,48,80,80,80,80,72,72,72,70,80,80,80,80,80,80,76,80,80,80,80,80,80,70,70,80,80,71,71,80,80,80,80,80,80,80],"gold":181,"neow_bonus":"REMOVE_TWO","is_prod":false,"is_daily":false,"chose_seed":false,"campfire_upgraded":4,"win_rate":1,"timestamp":1556396195,"path_taken":["M","?","M","M","M","R","$","R","T","E","?","M","R","?","R","BOSS","M","?","M","?","$","R","E","R","T","E","M","M","?","M","R","BOSS","M","?","?","?","?","E","M","E","T","R","?","M","E","M","R","BOSS"],"build_version":"2019-01-23","purchased_purges":2,"victory":true,"max_hp_per_floor":[80,80,80,80,80,80,80,80,80,80,80,80,80,80,80,80,80,80,80,80,80,80,80,80,80,80,80,80,80,80,80,80,80,80,80,80,80,80,80,80,80,80,80,80,80,80,80,80,80,80],"card_choices":[{"not_picked":["Reckless Charge","Twin Strike"],"picked":"Disarm","floor":1},{"not_picked":["Cleave","Perfected Strike"],"picked":"Clothesline","floor":3},{"not_picked":["Headbutt","Burning Pact"],"picked":"Carnage","floor":4},{"not_picked":["Sever Soul","Thunderclap","Heavy Blade"],"picked":"SKIP","floor":5},{"not_picked":["Sever Soul","Thunderclap","Heavy Blade"],"picked":"SKIP","floor":5},{"not_picked":["Clash","Entrench","Thunderclap"],"picked":"SKIP","floor":10},{"not_picked":["Sentinel","Intimidate"],"picked":"Demon Form","floor":11},{"not_picked":["Combust","Cleave"],"picked":"Battle Trance","floor":12},{"not_picked":["Barricade","Exhume"],"picked":"Double Tap","floor":16},{"not_picked":["Battle Trance","Warcry"],"picked":"Uppercut","floor":18},{"not_picked":["Fire Breathing+1","Flex","Searing Blow+1"],"picked":"SKIP","floor":20},{"not_picked":["Battle Trance","Evolve"],"picked":"Spot Weakness","floor":24},{"not_picked":["Body Slam","Perfected Strike","Clash+1"],"picked":"SKIP","floor":27},{"not_picked":["Wild Strike","Rupture"],"picked":"True Grit","floor":28},{"not_picked":["Sword Boomerang","Thunderclap+1","Clash"],"picked":"SKIP","floor":29},{"not_picked":["Pommel Strike","Evolve+1","Twin Strike"],"picked":"SKIP","floor":31},{"not_picked":["Searing Blow","Metallicize"],"picked":"Reaper","floor":32},{"not_picked":["Reaper","Brutality"],"picked":"Immolate","floor":33},{"not_picked":["Body Slam","Clothesline+1","Anger+1"],"picked":"SKIP","floor":35},{"not_picked":["Iron Wave","Wild Strike"],"picked":"True Grit","floor":37},{"not_picked":["Cleave+1","Anger","Juggernaut"],"picked":"SKIP","floor":40},{"not_picked":["Anger","Sentinel+1"],"picked":"Armaments+1","floor":41},{"not_picked":["Power Through","Flex","Sever Soul+1"],"picked":"SKIP","floor":42},{"not_picked":["Feel No Pain","Cleave"],"picked":"Headbutt+1","floor":44},{"not_picked":["Clash+1","Fire Breathing+1","Blood for Blood+1"],"picked":"SKIP","floor":45},{"not_picked":["Power Through","Clash+1"],"picked":"Ghostly Armor","floor":46},{"not_picked":["Cleave","Infernal Blade","Wild Strike"],"picked":"SKIP","floor":47},{"not_picked":["Clash","Searing Blow"],"picked":"Ghostly Armor+1","floor":48},{"not_picked":["Hemokinesis","Body Slam+1"],"picked":"Iron Wave+1","floor":49}],"player_experience":628566,"relics_obtained":[{"floor":9,"key":"Potion Belt"},{"floor":10,"key":"Bag of Marbles"},{"floor":21,"key":"Red Mask"},{"floor":24,"key":"Nunchaku"},{"floor":26,"key":"Dream Catcher"},{"floor":27,"key":"Orichalcum"},{"floor":30,"key":"Bottled Tornado"},{"floor":40,"key":"Whetstone"},{"floor":42,"key":"Boot"},{"floor":43,"key":"Bottled Flame"},{"floor":47,"key":"Smiling Mask"}],"event_choices":[{"damage_healed":0,"gold_gain":0,"cards_transformed":["Strike_R"],"player_choice":"Transformed","damage_taken":0,"max_hp_gain":0,"max_hp_loss":0,"event_name":"Transmorgrifier","floor":2,"gold_loss":0,"cards_obtained":["Burning Pact"]},{"damage_healed":20,"gold_gain":0,"player_choice":"Healed","damage_taken":0,"max_hp_gain":0,"max_hp_loss":0,"event_name":"The Cleric","floor":14,"gold_loss":35},{"damage_healed":0,"gold_gain":0,"player_choice":"Ignored","damage_taken":0,"max_hp_gain":0,"max_hp_loss":0,"event_name":"Ghosts","floor":19,"gold_loss":0},{"damage_healed":0,"gold_gain":0,"player_choice":"Fought Bandits","damage_taken":0,"max_hp_gain":0,"max_hp_loss":0,"event_name":"Masked Bandits","floor":21,"gold_loss":0},{"damage_healed":0,"gold_gain":0,"player_choice":"Gave Potion","damage_taken":0,"relics_obtained":["Pocketwatch"],"max_hp_gain":0,"max_hp_loss":0,"event_name":"WeMeetAgain","floor":36,"gold_loss":0},{"damage_healed":0,"gold_gain":0,"player_choice":"Embrace Madness","damage_taken":10,"max_hp_gain":0,"max_hp_loss":0,"event_name":"Winding Halls","floor":38,"gold_loss":0,"cards_obtained":["Madness","Madness"]}],"is_beta":false,"boss_relics":[{"not_picked":["Lizard Tail","Black Star"],"picked":"Fusion Hammer"},{"not_picked":["Orrery","Runic Dome"],"picked":"Cursed Key"}],"items_purged_floors":[7,22],"is_endless":false,"potions_floor_spawned":[1,3,5,11,12,24,28,29,31,37,40,41,46,48],"ascension_level":0}