{"gold_per_floor":[113,113,23,38,55,55,71,98,98,115,115,40,40,75,75,151,151,170,85,85,99,43,43,71,71,118,147,147,147,157,177,177,253,253,273,273,273],"floor_reached":37,"playtime":1210,"items_purged":["Defend_B"],"score":830,"play_id":"44a1828e-dcf2-44f4-a409-a7ee6169000b","local_time":"20190307192726","is_ascension_mode":true,"campfire_choices":[{"data":"Capacitor","floor":6,"key":"SMITH"},{"data":"Barrage","floor":11,"key":"SMITH"},{"data":"Biased Cognition","floor":13,"key":"SMITH"},{"data":"Zap","floor":15,"key":"SMITH"},{"data":"Self Repair","floor":23,"key":"SMITH"},{"data":"Strike_B","floor":25,"key":"PURGE"},{"data":"Strike_B","floor":29,"key":"PURGE"},{"data":"Rainbow","floor":32,"key":"SMITH"}],"neow_cost":"NONE","seed_source_timestamp":13631556480300,"circlet_count":0,"master_deck":["AscendersBane","Defend_B","Defend_B","Zap+1","Dualcast","Biased Cognition+1","Capacitor+1","Barrage+1","Glacier","Self Repair+1","Cold Snap","Rainbow+1","Beam Cell","Beam Cell","Go for the Eyes+1","Gash","Gash","Cold Snap","Turbo+1","Fission","Conserve Battery+1"],"relics":["Cracked Core","Shuriken","Meat on the Bone","Dodecahedron","Inserter","Pantograph","Peace Pipe","Regal Pillow","Anchor","Empty Cage"],"potions_floor_usage":[16,16,18,24,24,33,33],"damage_taken":[{"damage":0,"enemies":"Cultist","floor":1,"turns":3},{"damage":4,"enemies":"Jaw Worm","floor":4,"turns":4},{"damage":3,"enemies":"2 Louse","floor":5,"turns":3},{"damage":7,"enemies":"2 Fungi Beasts","floor":7,"turns":3},{"damage":38,"enemies":"Gremlin Nob","floor":8,"turns":5},{"damage":9,"enemies":"Red Slaver","floor":10,"turns":4},{"damage":6,"enemies":"Lagavulin","floor":14,"turns":6},{"damage":4,"enemies":"Hexaghost","floor":16,"turns":8},{"damage":0,"enemies":"3 Byrds","floor":18,"turns":4},{"damage":20,"enemies":"Shell Parasite","floor":21,"turns":5},{"damage":14,"enemies":"Book of Stabbing","floor":24,"turns":4},{"damage":33,"enemies":"Gremlin Leader","floor":27,"turns":6},{"damage":13,"enemies":"Centurion and Healer","floor":30,"turns":6},{"damage":9,"enemies":"3 Cultists","floor":31,"turns":5},{"damage":45,"enemies":"Automaton","floor":33,"turns":9},{"damage":44,"enemies":"3 Shapes","floor":35,"turns":5},{"damage":32,"enemies":"3 Darklings","floor":37,"turns":4}],"seed_played":"5921921843427266741","potions_obtained":[{"floor":2,"key":"EntropicBrew"},{"floor":2,"key":"Ancient Potion"},{"floor":24,"key":"FocusPotion"},{"floor":31,"key":"Dexterity Potion"}],"is_trial":false,"path_per_floor":["M","?","$","M","M","R","M","E","T","M","R","$","R","E","R","B",null,"M","?","?","M","$","R","E","R","T","E","$","R","M","M","R","B",null,"M","?","M"],"character_chosen":"DEFECT","items_purchased":["Capacitor","Fire Potion"],"campfire_rested":0,"item_purchase_floors":[3,22],"current_hp_per_floor":[64,64,64,60,57,57,50,19,19,22,22,22,22,35,35,50,66,71,71,71,58,58,58,54,54,54,43,43,43,52,53,53,48,65,43,43,11],"gold":273,"neow_bonus":"ONE_RANDOM_RARE_CARD","is_prod":false,"is_daily":false,"chose_seed":false,"campfire_upgraded":6,"win_rate":0,"timestamp":1551954446,"path_taken":["M","?","?","M","M","R","M","E","T","?","R","$","R","E","R","BOSS","M","?","?","M","$","R","E","R","T","E","$","R","M","?","R","BOSS","M","?","M"],"build_version":"2019-01-23","purchased_purges":1,"victory":false,"max_hp_per_floor":[71,71,71,71,71,71,71,71,71,71,71,71,71,71,71,71,71,71,71,71,71,71,71,71,71,71,71,71,71,71,71,71,71,71,71,71,71],"card_choices":[{"not_picked":["Hologram","Conserve Battery","Compile Driver"],"picked":"SKIP","floor":1},{"not_picked":["Reinforced Body","Genetic Algorithm"],"picked":"Barrage","floor":4},{"not_picked":["Beam Cell","Ball Lightning"],"picked":"Glacier","floor":5},{"not_picked":["White Noise","Doom and Gloom"],"picked":"Self Repair","floor":7},{"not_picked":["Sweeping Beam","Go for the Eyes","Streamline"],"picked":"SKIP","floor":8},{"not_picked":["Sweeping Beam","Melter","Aggregate"],"picked":"SKIP","floor":10},{"not_picked":["Go for the Eyes","Tempest"],"picked":"Cold Snap","floor":14},{"not_picked":["Multi-Cast","Meteor Strike"],"picked":"Rainbow","floor":16},{"not_picked":["Self Repair","Force Field"],"picked":"Beam Cell","floor":18},{"not_picked":["Lockon","Steam Power+1"],"picked":"Go for the Eyes+1","floor":21},{"not_picked":["Steam","Undo"],"picked":"Gash","floor":24},{"not_picked":["Thunder Strike","Go for the Eyes+1"],"picked":"Gash","floor":27},{"not_picked":["Sweeping Beam","Barrage"],"picked":"Cold Snap","floor":30},{"not_picked":["Hologram+1","Steam+1"],"picked":"Turbo+1","floor":31},{"not_picked":["Reboot","Thunder Strike"],"picked":"Fission","floor":33},{"not_picked":["Rebound","Recycle"],"picked":"Conserve Battery+1","floor":35}],"player_experience":2057816,"relics_obtained":[{"floor":8,"key":"Shuriken"},{"floor":9,"key":"Meat on the Bone"},{"floor":14,"key":"Dodecahedron"},{"floor":24,"key":"Peace Pipe"},{"floor":26,"key":"Regal Pillow"},{"floor":27,"key":"Anchor"}],"event_choices":[{"damage_healed":0,"gold_gain":0,"player_choice":"Got Potions","damage_taken":0,"max_hp_gain":0,"max_hp_loss":0,"event_name":"Lab","floor":2,"gold_loss":0},{"damage_healed":0,"gold_gain":0,"player_choice":"Obtained Relic","damage_taken":0,"relics_obtained":["Pantograph"],"max_hp_gain":0,"max_hp_loss":0,"event_name":"Addict","floor":19,"gold_loss":85},{"damage_healed":0,"gold_gain":0,"cards_transformed":["Defend_B"],"player_choice":"Transformed","damage_taken":0,"max_hp_gain":0,"max_hp_loss":0,"event_name":"Transmorgrifier","floor":20,"gold_loss":0,"cards_obtained":["Beam Cell"]},{"damage_healed":0,"gold_gain":0,"player_choice":"Ignored","damage_taken":0,"max_hp_gain":0,"max_hp_loss":0,"event_name":"Mysterious Sphere","floor":36,"gold_loss":0}],"is_beta":false,"boss_relics":[{"not_picked":["Nuclear Battery","Ectoplasm"],"picked":"Inserter"},{"not_picked":["Lizard Tail","Black Star"],"picked":"Empty Cage"}],"items_purged_floors":[12],"is_endless":false,"potions_floor_spawned":[5,8,14,16,24,31],"killed_by":"3 Darklings","ascension_level":20}