{"gold_per_floor":[216,216,87,106,126,126,158,172,218,245,245,261,276,293,293,369,369,381,394,394],"floor_reached":20,"playtime":654,"items_purged":[],"score":329,"play_id":"a0317b97-a8e3-43fe-b96d-2a70c7b4ef52","local_time":"20190216183343","is_ascension_mode":true,"campfire_choices":[{"data":"Consume","floor":6,"key":"SMITH"},{"data":"Capacitor","floor":11,"key":"SMITH"},{"floor":15,"key":"REST"}],"neow_cost":"NONE","seed_source_timestamp":203842823665000,"circlet_count":0,"master_deck":["AscendersBane","Strike_B","Strike_B","Strike_B","Strike_B","Defend_B","Defend_B","Defend_B","Zap","Dualcast","Consume+1","Cold Snap","Creative AI","Ball Lightning","Capacitor+1","Coolheaded","Melter","Buffer","Cold Snap","Coolheaded"],"relics":["Cracked Core","Meat on the Bone","Dream Catcher","Potion Belt","Sozu"],"potions_floor_usage":[8,16,18,18,20],"damage_taken":[{"damage":1,"enemies":"Cultist","floor":1,"turns":4},{"damage":4,"enemies":"2 Louse","floor":4,"turns":3},{"damage":0,"enemies":"Small Slimes","floor":5,"turns":3},{"damage":20,"enemies":"Lagavulin","floor":7,"turns":7},{"damage":10,"enemies":"Looter","floor":8,"turns":4},{"damage":25,"enemies":"3 Sentries","floor":10,"turns":6},{"damage":16,"enemies":"Lots of Slimes","floor":12,"turns":4},{"damage":20,"enemies":"2 Fungi Beasts","floor":13,"turns":4},{"damage":7,"enemies":"Exordium Wildlife","floor":14,"turns":4},{"damage":30,"enemies":"Slime Boss","floor":16,"turns":8},{"damage":7,"enemies":"Chosen","floor":18,"turns":4},{"damage":10,"enemies":"Shell Parasite","floor":19,"turns":5},{"damage":49,"enemies":"Masked Bandits","floor":20,"turns":3}],"seed_played":"-2270470018686578337","potions_obtained":[{"floor":5,"key":"Regen Potion"},{"floor":8,"key":"Dexterity Potion"},{"floor":12,"key":"SpeedPotion"},{"floor":14,"key":"Explosive Potion"},{"floor":16,"key":"Poison Potion"}],"is_trial":false,"path_per_floor":["M","?","$","M","M","R","E","M","T","E","R","M","M","M","R","B",null,"M","M","?"],"character_chosen":"DEFECT","items_purchased":["Consume","PowerPotion"],"campfire_rested":1,"item_purchase_floors":[3,3],"current_hp_per_floor":[63,63,63,59,59,59,39,41,41,28,28,24,16,21,42,24,59,52,42,0],"gold":394,"neow_bonus":"HUNDRED_GOLD","is_prod":false,"is_daily":false,"chose_seed":false,"campfire_upgraded":2,"win_rate":0,"timestamp":1550309623,"path_taken":["M","?","$","M","?","R","E","M","T","E","R","M","M","M","R","BOSS","M","M","?"],"build_version":"2019-01-23","purchased_purges":0,"victory":false,"max_hp_per_floor":[71,71,71,71,71,71,71,71,71,71,71,71,71,71,71,71,71,71,71,71],"card_choices":[{"not_picked":["Redo","Rebound","Steam"],"picked":"SKIP","floor":1},{"not_picked":["White Noise","Hologram"],"picked":"Cold Snap","floor":4},{"not_picked":["Coolheaded","Steam"],"picked":"Creative AI","floor":5},{"not_picked":["Turbo","Heatsinks","Streamline"],"picked":"SKIP","floor":7},{"not_picked":["Rebound","Compile Driver","Ball Lightning"],"picked":"SKIP","floor":8},{"not_picked":["Rebound","Compile Driver"],"picked":"Ball Lightning","floor":8},{"not_picked":["Seek","Gash"],"picked":"Capacitor","floor":10},{"not_picked":["Genetic Algorithm","Sweeping Beam","Streamline"],"picked":"SKIP","floor":12},{"not_picked":["Leap","Go for the Eyes"],"picked":"Coolheaded","floor":13},{"not_picked":["Steam","Streamline"],"picked":"Melter","floor":14},{"not_picked":["Fission","Thunder Strike"],"picked":"Buffer","floor":16},{"not_picked":["Compile Driver","Skim"],"picked":"Cold Snap","floor":18},{"not_picked":["Go for the Eyes","Sweeping Beam"],"picked":"Coolheaded","floor":19}],"player_experience":90546,"relics_obtained":[{"floor":7,"key":"Meat on the Bone"},{"floor":9,"key":"Dream Catcher"},{"floor":10,"key":"Potion Belt"}],"event_choices":[{"cards_removed":["Defend_B"],"damage_healed":0,"gold_gain":0,"player_choice":"Offered Basic","damage_taken":0,"max_hp_gain":0,"max_hp_loss":0,"event_name":"Bonfire Elementals","floor":2,"gold_loss":0},{"damage_healed":0,"gold_gain":0,"player_choice":"Fought Bandits","damage_taken":0,"max_hp_gain":0,"max_hp_loss":0,"event_name":"Masked Bandits","floor":20,"gold_loss":0}],"is_beta":false,"boss_relics":[{"not_picked":["Black Star","Eternal Feather"],"picked":"Sozu"}],"items_purged_floors":[],"is_endless":false,"potions_floor_spawned":[5,8,12,14,16,19],"killed_by":"Masked Bandits","ascension_level":15}