{"gold_per_floor":[109,109,109,34,34,34,69,69,69,79,105,105,122,122,122,196,196,206,220,66,66,66,66,84,113,166,181,181,281,310,341,353,438,450,475,487,518,530,392,403,433,433,433,445,445,479,479,492,492,492,492,492,492,67,96,96],"floor_reached":56,"playtime":2170,"items_purged":["Regret","Strike_R","Strike_R"],"score":2177,"play_id":"0237772d-74a6-434d-9daa-d4cd0a1dea60","local_time":"20190426185257","is_ascension_mode":true,"campfire_choices":[{"data":"Bash","floor":6,"key":"SMITH"},{"data":"Armaments","floor":15,"key":"SMITH"},{"data":"Immolate","floor":23,"key":"SMITH"},{"data":"Barricade","floor":28,"key":"SMITH"},{"data":"Feel No Pain","floor":32,"key":"SMITH"},{"floor":42,"key":"REST"},{"floor":47,"key":"RECALL"},{"data":"Feel No Pain","floor":49,"key":"SMITH"},{"data":"Juggernaut","floor":53,"key":"SMITH"}],"neow_cost":"NONE","seed_source_timestamp":369319531839300,"circlet_count":0,"master_deck":["AscendersBane","Strike_R","Strike_R","Defend_R","Defend_R","Defend_R","Defend_R","Bash+1","Feel No Pain+1","Feel No Pain+1","Armaments+1","Pommel Strike","Impervious","Immolate+1","Barricade+1","Impervious","Shrug It Off","Reckless Charge","Body Slam+1","Battle Trance","Offering","Juggernaut+1","Feed","Deep Breath","True Grit","Offering","Impervious","Power Through","Shockwave"],"relics":["Burning Blood","NeowsBlessing","Mercury Hourglass","Bag of Marbles","WarpedTongs","PreservedInsect","Bronze Scales","Philosopher\u0027s Stone","Art of War","Charon\u0027s Ashes","MawBank","Runic Dome","Thread and Needle","Bottled Tornado","Pantograph","Orichalcum","Centennial Puzzle"],"potions_floor_usage":[18,25,29,56,56],"damage_taken":[{"damage":0,"enemies":"Jaw Worm","floor":1,"turns":1},{"damage":0,"enemies":"Gremlin Nob","floor":7,"turns":1},{"damage":0,"enemies":"2 Louse","floor":10,"turns":1},{"damage":18,"enemies":"3 Sentries","floor":11,"turns":7},{"damage":0,"enemies":"Small Slimes","floor":13,"turns":2},{"damage":11,"enemies":"The Guardian","floor":16,"turns":13},{"damage":2,"enemies":"Spheric Guardian","floor":18,"turns":5},{"damage":0,"enemies":"Chosen","floor":19,"turns":3},{"damage":10,"enemies":"Centurion and Healer","floor":24,"turns":5},{"damage":1,"enemies":"Gremlin Leader","floor":25,"turns":4},{"damage":0,"enemies":"Snecko","floor":27,"turns":7},{"damage":1,"enemies":"Colosseum Slavers","floor":29,"turns":4},{"damage":8,"enemies":"Colosseum Nobs","floor":29,"turns":4},{"damage":22,"enemies":"Slavers","floor":30,"turns":2},{"damage":22,"enemies":"Chosen and Byrds","floor":31,"turns":4},{"damage":7,"enemies":"Champ","floor":33,"turns":8},{"damage":6,"enemies":"3 Darklings","floor":35,"turns":1},{"damage":6,"enemies":"3 Shapes","floor":37,"turns":4},{"damage":6,"enemies":"Sphere and 2 Shapes","floor":40,"turns":5},{"damage":36,"enemies":"Nemesis","floor":41,"turns":5},{"damage":6,"enemies":"Transient","floor":44,"turns":6},{"damage":12,"enemies":"Reptomancer","floor":46,"turns":4},{"damage":12,"enemies":"Maw","floor":48,"turns":6},{"damage":12,"enemies":"Time Eater","floor":50,"turns":7},{"damage":30,"enemies":"Donu and Deca","floor":51,"turns":9},{"damage":12,"enemies":"Shield and Spear","floor":55,"turns":9},{"damage":86,"enemies":"The Heart","floor":56,"turns":8}],"seed_played":"2296466305440770688","potions_obtained":[{"floor":7,"key":"EssenceOfSteel"},{"floor":10,"key":"Fire Potion"},{"floor":18,"key":"Dexterity Potion"},{"floor":24,"key":"Explosive Potion"},{"floor":27,"key":"Strength Potion"},{"floor":29,"key":"EssenceOfSteel"}],"is_trial":false,"path_per_floor":["M","?","?","$","$","R","E","?","T","M","E","?","M","?","R","B",null,"M","M","$","?","?","R","M","E","T","M","R","?","E","M","R","B",null,"M","?","M","?","$","M","E","R","T","M","?","E","R","M","R","B","B",null,"R","$","E","B"],"character_chosen":"IRONCLAD","items_purchased":["Barricade","True Grit","Swift Potion","Shockwave","Orichalcum"],"campfire_rested":1,"item_purchase_floors":[20,39,54,54,54],"current_hp_per_floor":[74,67,67,67,67,67,73,73,73,75,63,63,69,69,69,64,72,75,75,75,75,75,75,71,75,75,75,75,73,57,41,41,40,66,66,66,66,56,56,60,34,58,58,58,58,55,55,49,49,68,58,76,76,76,70,0],"gold":96,"neow_bonus":"THREE_ENEMY_KILL","is_prod":false,"is_daily":false,"chose_seed":false,"campfire_upgraded":7,"win_rate":0,"timestamp":1556272377,"path_taken":["M","?","?","?","$","R","E","?","T","?","E","?","?","?","R","BOSS","M","M","$","?","?","R","?","E","T","M","R","?","E","M","R","BOSS","M","?","M","?","$","M","E","R","T","M","?","E","R","?","R","BOSS","BOSS","R","$","E","BOSS"],"build_version":"2019-01-23","purchased_purges":3,"victory":false,"max_hp_per_floor":[75,75,75,75,75,75,75,75,75,75,75,75,75,75,75,75,75,75,75,75,75,75,75,75,75,75,75,75,75,75,75,75,75,75,75,75,75,75,75,79,83,83,83,83,79,82,82,82,82,82,82,82,82,82,82,82],"card_choices":[{"not_picked":["Havoc","Perfected Strike"],"picked":"Feel No Pain","floor":1},{"not_picked":["Pommel Strike","Anger"],"picked":"Feel No Pain","floor":7},{"not_picked":["Corruption","Searing Blow"],"picked":"Armaments","floor":10},{"not_picked":["Rage","Wild Strike"],"picked":"Pommel Strike","floor":11},{"not_picked":["Spot Weakness","Body Slam"],"picked":"Impervious","floor":13},{"not_picked":["Limit Break","Feed"],"picked":"Immolate","floor":16},{"not_picked":["Searing Blow+1","Thunderclap","Dropkick"],"picked":"SKIP","floor":18},{"not_picked":["Clothesline","Intimidate","Thunderclap"],"picked":"SKIP","floor":19},{"not_picked":["Sever Soul","Perfected Strike","Havoc"],"picked":"SKIP","floor":24},{"not_picked":["Pommel Strike","Carnage"],"picked":"Shrug It Off","floor":25},{"not_picked":["Shrug It Off","Feel No Pain"],"picked":"Reckless Charge","floor":27},{"not_picked":["Uppercut","Blood for Blood"],"picked":"Body Slam+1","floor":29},{"not_picked":["Inflame","Combust"],"picked":"Battle Trance","floor":30},{"not_picked":["Cleave","Perfected Strike+1"],"picked":"Offering","floor":31},{"not_picked":["Dark Embrace","Reaper"],"picked":"Juggernaut","floor":33},{"not_picked":["Wild Strike","Iron Wave","Heavy Blade+1"],"picked":"SKIP","floor":35},{"not_picked":["Whirlwind","Flex"],"picked":"Feed","floor":37},{"not_picked":["Blind","Mind Blast"],"picked":"Deep Breath","floor":38},{"not_picked":["Anger","Perfected Strike+1","Armaments+1"],"picked":"SKIP","floor":40},{"not_picked":["Anger","Perfected Strike+1","Armaments+1"],"picked":"SKIP","floor":40},{"not_picked":["Anger","Perfected Strike+1","Armaments+1"],"picked":"SKIP","floor":40},{"not_picked":["Anger","Perfected Strike+1","Armaments+1"],"picked":"SKIP","floor":40},{"not_picked":["Clothesline+1","Headbutt","Anger"],"picked":"SKIP","floor":41},{"not_picked":["Cleave","Havoc"],"picked":"Offering","floor":44},{"not_picked":["Pommel Strike+1","Battle Trance"],"picked":"Impervious","floor":46},{"not_picked":["Havoc","Heavy Blade"],"picked":"Power Through","floor":48},{"not_picked":["True Grit","Uppercut+1","Twin Strike"],"picked":"SKIP","floor":55}],"player_experience":3390510,"relics_obtained":[{"floor":7,"key":"Bag of Marbles"},{"floor":9,"key":"PreservedInsect"},{"floor":11,"key":"Bronze Scales"},{"floor":25,"key":"Art of War"},{"floor":29,"key":"Charon\u0027s Ashes"},{"floor":30,"key":"MawBank"},{"floor":41,"key":"Thread and Needle"},{"floor":43,"key":"Bottled Tornado"},{"floor":46,"key":"Pantograph"},{"floor":55,"key":"Centennial Puzzle"}],"event_choices":[{"cards_removed":["Strike_R"],"damage_healed":0,"gold_gain":0,"player_choice":"Card Removal","damage_taken":7,"max_hp_gain":0,"max_hp_loss":0,"event_name":"Golden Wing","floor":2,"gold_loss":0},{"damage_healed":0,"gold_gain":0,"player_choice":"Box","damage_taken":0,"relics_obtained":["Mercury Hourglass"],"max_hp_gain":0,"max_hp_loss":0,"event_name":"Big Fish","floor":3,"gold_loss":0,"cards_obtained":["Regret"]},{"damage_healed":0,"gold_gain":0,"player_choice":"Rummage","damage_taken":0,"relics_obtained":["WarpedTongs"],"max_hp_gain":0,"max_hp_loss":0,"event_name":"Accursed Blacksmith","floor":8,"gold_loss":0,"cards_obtained":["Pain"]},{"cards_removed":["Pain"],"damage_healed":0,"gold_gain":0,"player_choice":"Purged","damage_taken":0,"max_hp_gain":0,"max_hp_loss":0,"event_name":"Purifier","floor":12,"gold_loss":0},{"damage_healed":0,"gold_gain":0,"player_choice":"Ignored","damage_taken":0,"max_hp_gain":0,"max_hp_loss":0,"event_name":"Liars Game","floor":14,"gold_loss":0},{"damage_healed":0,"gold_gain":0,"player_choice":"Ignored","damage_taken":0,"max_hp_gain":0,"max_hp_loss":0,"event_name":"The Mausoleum","floor":21,"gold_loss":0},{"damage_healed":0,"gold_gain":0,"player_choice":"Copied","damage_taken":0,"max_hp_gain":0,"max_hp_loss":0,"event_name":"Duplicator","floor":22,"gold_loss":0,"cards_obtained":["Impervious"]},{"damage_healed":0,"gold_gain":0,"player_choice":"Fight","damage_taken":0,"max_hp_gain":0,"max_hp_loss":0,"event_name":"Colosseum","floor":29,"gold_loss":0},{"damage_healed":0,"gold_gain":0,"player_choice":"Fought Nobs","damage_taken":0,"max_hp_gain":0,"max_hp_loss":0,"event_name":"Colosseum","floor":29,"gold_loss":0},{"damage_healed":0,"gold_gain":0,"player_choice":"Ignored","damage_taken":0,"max_hp_gain":0,"max_hp_loss":0,"event_name":"Mysterious Sphere","floor":36,"gold_loss":0},{"damage_healed":0,"gold_gain":0,"player_choice":"Memory 3","damage_taken":10,"max_hp_gain":0,"max_hp_loss":0,"event_name":"SensoryStone","floor":38,"gold_loss":0},{"damage_healed":0,"gold_gain":0,"player_choice":"Max HP","damage_taken":0,"max_hp_gain":0,"max_hp_loss":4,"event_name":"Winding Halls","floor":45,"gold_loss":0}],"is_beta":false,"boss_relics":[{"not_picked":["Empty Cage","Calling Bell"],"picked":"Philosopher\u0027s Stone"},{"not_picked":["Mark of Pain","Runic Pyramid"],"picked":"Runic Dome"}],"items_purged_floors":[4,39,54],"is_endless":false,"potions_floor_spawned":[7,10,18,24,27,29,31,35,40,48,55],"killed_by":"The Heart","ascension_level":20}