{"gold_per_floor":[115,115,115,132,57,85,85,85,85,105,138,138,148,161,161,256,256,268,287,136,136,154,179,196,146,146,146,158,158,168,188,188,188],"floor_reached":33,"playtime":1446,"items_purged":["Defend_R","Strike_R"],"score":461,"play_id":"c118533b-d6f5-4866-84c5-1aa93f7bf888","local_time":"20180624220330","is_ascension_mode":true,"campfire_choices":[{"data":"Anger","floor":12,"key":"SMITH"},{"data":"Bash","floor":15,"key":"SMITH"},{"floor":27,"key":"REST"},{"floor":29,"key":"REST"},{"floor":32,"key":"REST"}],"neow_cost":"NONE","seed_source_timestamp":127697790742684,"circlet_count":0,"master_deck":["Strike_R","Strike_R","Strike_R","Defend_R","Defend_R","Defend_R","Bash+1","Anger+1","Anger+1"],"relics":["Burning Blood","NeowsBlessing","Anchor","Gremlin Horn","Bottled Lightning","Shuriken","Lantern","Runic Pyramid","Orichalcum","Matryoshka"],"potions_floor_usage":[11,16,16,22,22,22,28,30,33],"damage_taken":[{"damage":0,"enemies":"Small Slimes","floor":1,"turns":1},{"damage":0,"enemies":"2 Louse","floor":4,"turns":1},{"damage":0,"enemies":"Lagavulin","floor":6,"turns":1},{"damage":2,"enemies":"Jaw Worm","floor":10,"turns":2},{"damage":17,"enemies":"3 Sentries","floor":11,"turns":7},{"damage":0,"enemies":"Gremlin Gang","floor":13,"turns":3},{"damage":1,"enemies":"Looter","floor":14,"turns":3},{"damage":39,"enemies":"Hexaghost","floor":16,"turns":7},{"damage":21,"enemies":"Shell Parasite","floor":18,"turns":3},{"damage":28,"enemies":"Spheric Guardian","floor":19,"turns":4},{"damage":7,"enemies":"Centurion and Healer","floor":22,"turns":3},{"damage":0,"enemies":"Gremlin Leader","floor":23,"turns":5},{"damage":0,"enemies":"Chosen and Byrds","floor":24,"turns":5},{"damage":65,"enemies":"Snecko","floor":28,"turns":9},{"damage":14,"enemies":"Centurion and Healer","floor":30,"turns":4},{"damage":6,"enemies":"Chosen and Byrds","floor":31,"turns":3},{"damage":72,"enemies":"Champ","floor":33,"turns":7}],"seed_played":"2430200825970134659","potions_obtained":[{"floor":1,"key":"GamblersBrew"},{"floor":11,"key":"Weak Potion"},{"floor":13,"key":"GamblersBrew"},{"floor":14,"key":"PowerPotion"},{"floor":18,"key":"Swift Potion"},{"floor":23,"key":"Strength Potion"},{"floor":28,"key":"Dexterity Potion"},{"floor":30,"key":"SneckoOil"}],"is_trial":false,"path_per_floor":["M","?","T","M","$","E","?","?","T","M","E","R","M","M","R","B",null,"M","M","$","?","M","E","M","?","T","R","M","R","M","M","R"],"character_chosen":"IRONCLAD","items_purchased":["PowerPotion"],"campfire_rested":3,"item_purchase_floors":[20],"current_hp_per_floor":[78,66,66,72,72,78,71,71,71,75,64,64,70,75,75,42,71,56,34,34,34,33,39,45,45,45,69,10,34,26,26,50,0],"gold":188,"neow_bonus":"THREE_ENEMY_KILL","is_prod":false,"is_daily":false,"chose_seed":false,"campfire_upgraded":2,"win_rate":0,"timestamp":1529867010,"path_taken":["M","?","?","?","$","E","?","?","T","M","E","R","M","M","R","BOSS","M","M","$","?","M","E","M","?","T","R","?","R","M","M","R","BOSS"],"build_version":"2018-06-21v2","purchased_purges":2,"victory":false,"max_hp_per_floor":[80,80,80,80,80,80,80,80,80,80,80,80,80,80,80,80,80,80,80,80,80,80,80,80,80,80,80,80,80,80,80,80,80],"card_choices":[{"not_picked":["Rampage","Power Through"],"picked":"Anger","floor":1},{"not_picked":["Body Slam","Headbutt","Clothesline"],"picked":"SKIP","floor":4},{"not_picked":["Shockwave","Barricade","Bloodletting"],"picked":"SKIP","floor":6},{"not_picked":["Metallicize","Sever Soul","Disarm"],"picked":"SKIP","floor":10},{"not_picked":["Pummel","Feel No Pain","Spot Weakness"],"picked":"SKIP","floor":11},{"not_picked":["Heavy Blade","Warcry","Corruption"],"picked":"SKIP","floor":13},{"not_picked":["Thunderclap","Whirlwind","Armaments"],"picked":"SKIP","floor":14},{"not_picked":["Body Slam","Clothesline","Sword Boomerang"],"picked":"SKIP","floor":18},{"not_picked":["Thunderclap","Burning Pact","Armaments"],"picked":"SKIP","floor":19},{"not_picked":["Power Through","Headbutt","Pummel"],"picked":"SKIP","floor":22},{"not_picked":["Power Through+1","Shrug It Off","Spot Weakness"],"picked":"SKIP","floor":23},{"not_picked":["Searing Blow","Feel No Pain+1","Thunderclap"],"picked":"SKIP","floor":24},{"not_picked":["Shrug It Off","Cleave","Seeing Red+1"],"picked":"SKIP","floor":28},{"not_picked":["Armaments+1","Cleave","Seeing Red"],"picked":"SKIP","floor":30},{"not_picked":["Sever Soul","Sentinel","Cleave+1"],"picked":"SKIP","floor":31}],"player_experience":523534,"relics_obtained":[{"floor":3,"key":"Gremlin Horn"},{"floor":6,"key":"Bottled Lightning"},{"floor":9,"key":"Shuriken"},{"floor":11,"key":"Lantern"},{"floor":23,"key":"Orichalcum"},{"floor":26,"key":"Matryoshka"}],"event_choices":[{"event_name":"Scrap Ooze","player_choice":"success","floor":2,"damage_taken":12},{"event_name":"Golden Wing","player_choice":"Card Removal","floor":7,"damage_taken":0},{"event_name":"Liars Game","player_choice":"disagreed","floor":8,"damage_taken":0},{"event_name":"Duplicator","player_choice":"One dupe","floor":21,"damage_taken":0},{"event_name":"The Joust","player_choice":"Bet on Murderer","floor":25,"damage_taken":0}],"boss_relics":[{"not_picked":["Pandora\u0027s Box","Velvet Choker"],"picked":"Runic Pyramid"}],"items_purged_floors":[5,20],"is_endless":false,"potions_floor_spawned":[1,11,13,14,18,23,28,30],"killed_by":"Champ","ascension_level":8}