{"gold_per_floor":[361,69,69,69,81,108,108,108,155,174,194,194,226,301,301,375,375,391,391,406,456,456],"floor_reached":22,"playtime":759,"items_purged":["Normality"],"score":384,"play_id":"5b98c461-9bee-42b6-bafb-d47842d6ba79","local_time":"20190424211147","is_ascension_mode":true,"campfire_choices":[{"data":"Whirlwind","floor":7,"key":"SMITH"},{"floor":12,"key":"REST"},{"floor":15,"key":"REST"}],"neow_cost":"CURSE","seed_source_timestamp":206261891411200,"circlet_count":0,"master_deck":["AscendersBane","Defend_R","Defend_R","Defend_R+1","Defend_R","Bash","Pommel Strike","True Grit","Whirlwind+1","Footwork","Escape Plan","Echo Form","Apotheosis","Seeing Red+1","Reckless Charge+1","True Grit+1","Feed","Backflip"],"relics":["Burning Blood","PrismaticShard","Smiling Mask","Bottled Flame","Astrolabe"],"potions_floor_usage":[6,13,16,16],"damage_taken":[{"damage":9,"enemies":"Jaw Worm","floor":1,"turns":5},{"damage":11,"enemies":"Small Slimes","floor":5,"turns":5},{"damage":29,"enemies":"Gremlin Nob","floor":6,"turns":4},{"damage":0,"enemies":"2 Louse","floor":10,"turns":3},{"damage":1,"enemies":"Looter","floor":11,"turns":4},{"damage":35,"enemies":"Lagavulin","floor":13,"turns":6},{"damage":12,"enemies":"The Guardian","floor":16,"turns":12},{"damage":12,"enemies":"3 Byrds","floor":18,"turns":5},{"damage":37,"enemies":"Chosen","floor":20,"turns":7},{"damage":7,"enemies":"Masked Bandits","floor":22,"turns":2}],"seed_played":"1463471354142617237","potions_obtained":[{"floor":1,"key":"SteroidPotion"},{"floor":6,"key":"EssenceOfSteel"},{"floor":10,"key":"Poison Potion"},{"floor":13,"key":"GamblersBrew"},{"floor":18,"key":"EssenceOfSteel"}],"is_trial":false,"path_per_floor":["M","$","?","?","M","E","R","?","T","M","M","R","E","?","R","B",null,"M","?","M","?","?"],"character_chosen":"IRONCLAD","items_purchased":["PrismaticShard"],"campfire_rested":2,"item_purchase_floors":[2],"current_hp_per_floor":[65,65,42,42,37,14,14,14,14,20,25,47,18,7,29,23,62,56,56,25,25,18],"gold":456,"neow_bonus":"TWO_FIFTY_GOLD","is_prod":false,"is_daily":false,"chose_seed":false,"campfire_upgraded":1,"win_rate":0,"timestamp":1556107907,"path_taken":["M","$","?","?","M","E","R","?","T","M","M","R","E","?","R","BOSS","M","?","?","?","?"],"build_version":"2019-01-23","purchased_purges":1,"victory":false,"max_hp_per_floor":[75,75,75,75,75,75,75,75,75,75,75,75,75,75,75,75,75,75,75,75,75,75],"card_choices":[{"not_picked":["Wild Strike","Heavy Blade"],"picked":"Pommel Strike","floor":1},{"not_picked":["Sweeping Beam","Blur"],"picked":"True Grit","floor":5},{"not_picked":["PiercingWail","Impatience"],"picked":"Whirlwind","floor":6},{"not_picked":["Perfected Strike","Dropkick"],"picked":"Footwork","floor":10},{"not_picked":["Go for the Eyes","Dodge and Roll"],"picked":"Escape Plan","floor":11},{"not_picked":["Underhanded Strike","Hemokinesis"],"picked":"Echo Form","floor":13},{"not_picked":["Feed","Demon Form"],"picked":"Apotheosis","floor":16},{"not_picked":["Streamline+1","Leap","Pommel Strike"],"picked":"SKIP","floor":18},{"not_picked":["Streamline+1","Leap","Pommel Strike"],"picked":"SKIP","floor":18},{"not_picked":["Anger","White Noise"],"picked":"Backflip","floor":20}],"player_experience":3354084,"relics_obtained":[{"floor":9,"key":"Smiling Mask"},{"floor":13,"key":"Bottled Flame"}],"event_choices":[{"damage_healed":0,"gold_gain":0,"player_choice":"Entered Light","damage_taken":23,"max_hp_gain":0,"max_hp_loss":0,"event_name":"Shining Light","floor":3,"gold_loss":0,"cards_upgraded":["Defend_R","Strike_R"]},{"damage_healed":0,"gold_gain":0,"player_choice":"Ignored","damage_taken":0,"max_hp_gain":0,"max_hp_loss":0,"event_name":"Liars Game","floor":4,"gold_loss":0},{"cards_removed":["Strike_R"],"damage_healed":0,"gold_gain":0,"player_choice":"Forget","damage_taken":0,"max_hp_gain":0,"max_hp_loss":0,"event_name":"Living Wall","floor":8,"gold_loss":0},{"damage_healed":0,"gold_gain":75,"player_choice":"Gather Gold","damage_taken":11,"max_hp_gain":0,"max_hp_loss":0,"event_name":"World of Goop","floor":14,"gold_loss":0},{"damage_healed":0,"gold_gain":0,"cards_transformed":["Strike_R"],"player_choice":"Transformed","damage_taken":0,"max_hp_gain":0,"max_hp_loss":0,"event_name":"Transmorgrifier","floor":19,"gold_loss":0,"cards_obtained":["Feed"]},{"damage_healed":0,"gold_gain":50,"player_choice":"Stole From Cult","damage_taken":0,"max_hp_gain":0,"max_hp_loss":0,"event_name":"Nest","floor":21,"gold_loss":0},{"damage_healed":0,"gold_gain":0,"player_choice":"Fought Bandits","damage_taken":0,"max_hp_gain":0,"max_hp_loss":0,"event_name":"Masked Bandits","floor":22,"gold_loss":0}],"is_beta":false,"boss_relics":[{"not_picked":["Eternal Feather","Ectoplasm"],"picked":"Astrolabe"}],"items_purged_floors":[2],"is_endless":false,"potions_floor_spawned":[1,6,10,13,18],"killed_by":"Masked Bandits","ascension_level":20}