{"gold_per_floor":[368,518,518,209,209,209,234,234,287,297,297,28,53,72,72,72],"floor_reached":16,"playtime":445,"items_purged":["Regret","Doubt"],"score":212,"play_id":"fce2abe1-6357-4b4c-a3bd-176a63b3c0d4","local_time":"20190205192939","is_ascension_mode":true,"campfire_choices":[{"data":"Streamline","floor":6,"key":"SMITH"},{"data":"Zap","floor":8,"key":"SMITH"},{"floor":11,"key":"REST"},{"data":"Capacitor","floor":15,"key":"SMITH"}],"neow_cost":"TEN_PERCENT_HP_LOSS","seed_source_timestamp":4707040267100,"circlet_count":0,"master_deck":["AscendersBane","Strike_B","Strike_B","Strike_B+1","Strike_B","Defend_B","Defend_B","Defend_B","Defend_B","Zap+1","Dualcast+1","Streamline+1","Leap","Cold Snap","Capacitor+1"],"relics":["Cracked Core","Pen Nib","Medical Kit","Bird Faced Urn","Lantern","Meat on the Bone"],"potions_floor_usage":[13,16],"damage_taken":[{"damage":1,"enemies":"Cultist","floor":1,"turns":4},{"damage":20,"enemies":"Lagavulin","floor":7,"turns":5},{"damage":7,"enemies":"Jaw Worm","floor":10,"turns":2},{"damage":12,"enemies":"3 Sentries","floor":13,"turns":9},{"damage":6,"enemies":"Small Slimes","floor":14,"turns":2},{"damage":24,"enemies":"Hexaghost","floor":16,"turns":9}],"seed_played":"846560554537939760","potions_obtained":[{"floor":7,"key":"Dexterity Potion"},{"floor":10,"key":"Dexterity Potion"},{"floor":14,"key":"Poison Potion"}],"is_trial":false,"path_per_floor":["M","?","?","$","?","R","E","R","T","M","R","$","E","M","R","B"],"character_chosen":"DEFECT","items_purchased":["Streamline","Medical Kit","Lantern"],"campfire_rested":1,"item_purchase_floors":[4,4,12],"current_hp_per_floor":[63,63,63,63,44,44,24,24,24,17,36,36,24,30,30,8],"gold":72,"neow_bonus":"TWO_FIFTY_GOLD","is_prod":false,"is_daily":false,"chose_seed":false,"campfire_upgraded":3,"win_rate":0,"timestamp":1549362579,"path_taken":["M","?","?","$","?","R","E","R","T","M","R","$","E","M","R","BOSS"],"build_version":"2019-01-23","purchased_purges":2,"victory":false,"max_hp_per_floor":[64,64,64,64,64,64,64,64,64,64,64,64,64,64,64,64],"card_choices":[{"not_picked":["Redo","Compile Driver","Stack"],"picked":"SKIP","floor":1},{"not_picked":["Darkness","Scrape"],"picked":"Leap","floor":7},{"not_picked":["Go for the Eyes","Aggregate"],"picked":"Cold Snap","floor":10},{"not_picked":["Rip and Tear","Auto Shields","Go for the Eyes"],"picked":"SKIP","floor":13},{"not_picked":["Turbo","Beam Cell"],"picked":"Capacitor","floor":14}],"player_experience":1382013,"relics_obtained":[{"floor":7,"key":"Bird Faced Urn"},{"floor":13,"key":"Meat on the Bone"}],"event_choices":[{"damage_healed":0,"gold_gain":150,"player_choice":"AGREE","damage_taken":0,"max_hp_gain":0,"max_hp_loss":0,"event_name":"Liars Game","floor":2,"gold_loss":0,"cards_obtained":["Doubt"]},{"damage_healed":0,"gold_gain":0,"player_choice":"Box","damage_taken":0,"relics_obtained":["Pen Nib"],"max_hp_gain":0,"max_hp_loss":0,"event_name":"Big Fish","floor":3,"gold_loss":0,"cards_obtained":["Regret"]},{"damage_healed":0,"gold_gain":0,"player_choice":"Entered Light","damage_taken":19,"max_hp_gain":0,"max_hp_loss":0,"event_name":"Shining Light","floor":5,"gold_loss":0,"cards_upgraded":["Strike_B","Dualcast"]}],"is_beta":false,"boss_relics":[],"items_purged_floors":[4,12],"is_endless":false,"potions_floor_spawned":[7,10,14],"killed_by":"Hexaghost","ascension_level":20}