{"gold_per_floor":[18,34,47,47,62,62,90,90,90,104,134,148,160,178,178,252,252,264,283,283,42,57,57,67,81,156,156,173,186,186,186,186,186],"floor_reached":33,"playtime":1093,"items_purged":[],"score":555,"play_id":"f4b86d15-3305-45dc-af84-d8f4cf21a715","local_time":"20190415123952","is_ascension_mode":true,"campfire_choices":[{"floor":6.0,"key":"REST"},{"data":"Shockwave","floor":8.0,"key":"SMITH"},{"data":"Disarm","floor":15.0,"key":"SMITH"},{"data":"Armaments","floor":23.0,"key":"SMITH"},{"floor":27.0,"key":"REST"},{"data":"Shrug It Off","floor":32.0,"key":"SMITH"}],"neow_cost":"NO_GOLD","seed_source_timestamp":262351548492899,"circlet_count":0,"master_deck":["AscendersBane","Defend_R","Defend_R","Defend_R","Defend_R","Bash","Shockwave+1","Infernal Blade","Disarm+1","Inflame","Offering","Armaments+1","Offering","Sword Boomerang","Shrug It Off+1","Second Wind","Bite","Bite","Bite","Bite","Bite","Decay"],"special_seed":0,"relics":["Burning Blood","Bird Faced Urn","Bronze Scales","Gambling Chip","Shuriken","Lantern","Philosopher\u0027s Stone","Red Skull","Bottled Lightning"],"potions_floor_usage":[33],"damage_taken":[{"damage":1.0,"enemies":"Cultist","floor":1.0,"turns":3.0},{"damage":21.0,"enemies":"Small Slimes","floor":2.0,"turns":5.0},{"damage":9.0,"enemies":"Jaw Worm","floor":3.0,"turns":4.0},{"damage":24.0,"enemies":"Gremlin Gang","floor":5.0,"turns":7.0},{"damage":10.0,"enemies":"3 Sentries","floor":7.0,"turns":3.0},{"damage":20.0,"enemies":"Lots of Slimes","floor":10.0,"turns":4.0},{"damage":6.0,"enemies":"Gremlin Nob","floor":11.0,"turns":3.0},{"damage":14.0,"enemies":"3 Louse","floor":12.0,"turns":2.0},{"damage":5.0,"enemies":"Blue Slaver","floor":13.0,"turns":4.0},{"damage":1.0,"enemies":"Looter","floor":14.0,"turns":3.0},{"damage":7.0,"enemies":"The Guardian","floor":16.0,"turns":12.0},{"damage":11.0,"enemies":"Chosen","floor":18.0,"turns":5.0},{"damage":18.0,"enemies":"Shell Parasite","floor":19.0,"turns":4.0},{"damage":32.0,"enemies":"Centurion and Healer","floor":22.0,"turns":4.0},{"damage":17.0,"enemies":"Snake Plant","floor":24.0,"turns":3.0},{"damage":14.0,"enemies":"Cultist and Chosen","floor":25.0,"turns":3.0},{"damage":12.0,"enemies":"3 Cultists","floor":28.0,"turns":2.0},{"damage":26.0,"enemies":"Centurion and Healer","floor":29.0,"turns":5.0},{"damage":12,"enemies":"Automaton","floor":33,"turns":1}],"seed_played":"7573819495797206260","potions_obtained":[{"floor":1.0,"key":"SpeedPotion"},{"floor":2.0,"key":"Weak Potion"},{"floor":5.0,"key":"SteroidPotion"},{"floor":10.0,"key":"Poison Potion"},{"floor":13.0,"key":"EssenceOfSteel"},{"floor":16.0,"key":"Fire Potion"},{"floor":19.0,"key":"PowerPotion"},{"floor":28.0,"key":"Ancient Potion"}],"is_trial":false,"path_per_floor":["M","M","M","?","M","R","E","R","T","M","E","M","M","M","R","B",null,"M","M","?","$","M","R","M","M","T","R","M","M","?","?","R","B"],"character_chosen":"IRONCLAD","items_purchased":["Sword Boomerang","Red Skull","Shrug It Off"],"campfire_rested":2,"item_purchase_floors":[21,21,21],"current_hp_per_floor":[73,58,55,44,26,48,44,44,44,30,30,22,23,28,28,29,64,61,51,51,51,27,27,18,12,12,34,30,12,12,12,12,0],"gold":186,"neow_bonus":"ONE_RARE_RELIC","is_prod":false,"is_daily":false,"chose_seed":false,"campfire_upgraded":4,"win_rate":0,"timestamp":1555299592,"path_taken":["M","M","?","?","M","R","E","R","T","M","E","M","M","M","R","BOSS","M","M","?","$","M","R","M","?","T","R","M","?","?","?","R","BOSS"],"build_version":"2019-01-23","purchased_purges":0,"victory":false,"max_hp_per_floor":[75,75,75,75,75,75,75,75,75,75,75,75,75,75,75,75,75,75,75,75,75,75,75,75,75,75,75,75,75,52,52,52,52],"card_choices":[{"not_picked":["Intimidate","Body Slam"],"picked":"Shockwave","floor":1.0},{"not_picked":["Thunderclap","Rage","Sever Soul"],"picked":"SKIP","floor":2.0},{"not_picked":["Searing Blow","Twin Strike"],"picked":"Infernal Blade","floor":3.0},{"not_picked":["Twin Strike","Dropkick","Dual Wield"],"picked":"SKIP","floor":5.0},{"not_picked":["Pommel Strike","Headbutt","Flex"],"picked":"SKIP","floor":7.0},{"not_picked":["Wild Strike","Cleave","Iron Wave"],"picked":"SKIP","floor":10.0},{"not_picked":["Corruption","Anger","Headbutt"],"picked":"SKIP","floor":11.0},{"not_picked":["Clash","Iron Wave","Sword Boomerang"],"picked":"SKIP","floor":12.0},{"not_picked":["Shrug It Off","Clash"],"picked":"Disarm","floor":13.0},{"not_picked":["Evolve","Intimidate"],"picked":"Inflame","floor":14.0},{"not_picked":["Feed","Bludgeon"],"picked":"Offering","floor":16.0},{"not_picked":["Pummel","Sever Soul+1","Iron Wave"],"picked":"SKIP","floor":18.0},{"not_picked":["Armaments","Havoc","Perfected Strike"],"picked":"SKIP","floor":19.0},{"not_picked":["Havoc","Perfected Strike"],"picked":"Armaments","floor":19.0},{"not_picked":["Sword Boomerang","Wild Strike","Anger+1"],"picked":"SKIP","floor":22.0},{"not_picked":["Cleave","Clothesline","Twin Strike"],"picked":"SKIP","floor":24.0},{"not_picked":["Sword Boomerang","Spot Weakness","Dropkick"],"picked":"SKIP","floor":25.0},{"not_picked":["Infernal Blade","Pummel"],"picked":"Second Wind","floor":28.0},{"not_picked":["Cleave","Corruption","Wild Strike"],"picked":"SKIP","floor":29.0}],"player_experience":3149541,"relics_obtained":[{"floor":7.0,"key":"Gambling Chip"},{"floor":9.0,"key":"Shuriken"},{"floor":11.0,"key":"Lantern"},{"floor":26.0,"key":"Bottled Lightning"}],"event_choices":[{"damage_healed":0.0,"max_hp_gain":0.0,"max_hp_loss":0.0,"gold_gain":0.0,"event_name":"Scrap Ooze","player_choice":"Success","floor":4.0,"gold_loss":0.0,"damage_taken":11.0,"relics_obtained":["Bronze Scales"]},{"damage_healed":0.0,"max_hp_gain":0.0,"max_hp_loss":0.0,"gold_gain":0.0,"event_name":"Duplicator","player_choice":"Copied","floor":20.0,"gold_loss":0.0,"damage_taken":0.0,"cards_obtained":["Offering"]},{"damage_healed":0.0,"max_hp_gain":0.0,"max_hp_loss":23.0,"gold_gain":0.0,"event_name":"Vampires","player_choice":"Became a vampire","floor":30.0,"gold_loss":0.0,"damage_taken":0.0,"cards_obtained":["Bite","Bite","Bite","Bite","Bite"]},{"damage_healed":0.0,"max_hp_gain":0.0,"max_hp_loss":0.0,"gold_gain":0.0,"event_name":"Forgotten Altar","player_choice":"Smashed Altar","floor":31.0,"gold_loss":0.0,"damage_taken":0.0,"cards_obtained":["Decay"]}],"is_beta":false,"boss_relics":[{"not_picked":["Fusion Hammer","Busted Crown"],"picked":"Philosopher\u0027s Stone"}],"items_purged_floors":[],"is_endless":false,"potions_floor_spawned":[1,2,5,10,13,16,19,28,29],"killed_by":"Automaton","ascension_level":20}