{"path_per_floor":["M","M","M","$","M","R","E","?","T","R","?","M","R","M","R","B",null,"M","?","M","M","T","R","$","R","T","R","E","M","?","M","R","B",null,"M","M","M","$","M","R","?","R","T","M","M","M","R","E","R","B"],"character_chosen":"THE_SILENT","items_purchased":["Catalyst","Noxious Fumes","Deadly Poison","Footwork"],"gold_per_floor":[111,123,140,32,52,52,82,82,82,82,82,94,94,107,107,211,211,228,228,238,255,280,280,106,106,129,129,155,172,172,192,192,292,292,306,316,336,236,251,251,0,0,72,88,104,121,121,155,155,155],"floor_reached":51,"campfire_rested":1,"playtime":5190,"current_hp_per_floor":[68,66,64,64,49,49,18,18,18,18,18,18,18,18,18,17,70,67,67,67,67,67,67,67,67,67,67,57,49,49,49,49,15,70,65,65,63,63,47,47,47,47,47,43,37,37,37,36,56,45],"items_purged":["Doubt","Writhe"],"gold":155,"play_id":"9c78e938-3b5e-470c-910a-c74ea7e406ca","is_prod":false,"is_daily":false,"is_ascension_mode":false,"campfire_upgraded":10,"path_taken":["M","M","M","$","M","R","E","?","T","R","?","M","R","M","R","BOSS","M","?","M","M","?","R","$","R","T","R","E","?","?","M","R","BOSS","M","M","M","$","M","R","?","R","T","M","M","M","R","E","R","BOSS"],"build_version":"2018-02-01-PROD3","purchased_purges":2,"victory":true,"master_deck":["Defend_G+1","Defend_G+1","Defend_G+1","Defend_G+1","Defend_G+1","Strike_G+1","Strike_G+1","Survivor+1","Neutralize+1","Noxious Fumes+1","Escape Plan","Deadly Poison","Catalyst+1","Noxious Fumes+1","All Out Attack","Leg Sweep+1","Dagger Spray+1","Heel Hook","Sucker Punch+1","Adrenaline+1","Prepared+1","Blur+1","Sucker Punch+1","Deadly Poison","Footwork+1","Night Terror","Terror+1","Envenom+1","Crippling Poison+1","Deflect+1"],"max_hp_per_floor":[70,70,70,70,70,70,70,70,70,70,70,70,70,70,70,70,70,70,70,70,70,70,70,70,70,70,70,70,70,70,70,70,70,70,70,70,70,70,70,70,70,70,70,70,70,70,67,67,67,67],"relics":["Ring of the Snake","War Paint","Thread and Needle","Cursed Key","Vajra","Whetstone","Peace Pipe","Astrolabe","Red Mask","Meat on the Bone","Pen Nib"],"card_choices":[{"not_picked":["Quick Slash","Footwork"],"picked":"Noxious Fumes"},{"not_picked":["Quick Slash","Endless Agony"],"picked":"Escape Plan"},{"not_picked":["Backstab","Choke"],"picked":"Deadly Poison"},{"not_picked":["Deadly Poison","Poisoned Stab"],"picked":"All Out Attack"},{"not_picked":["Bouncing Flask","Dagger Throw"],"picked":"Leg Sweep"},{"not_picked":["Flying Knee","Masterful Stab"],"picked":"Heel Hook"},{"not_picked":["Slice","Dagger Spray"],"picked":"Sucker Punch"},{"not_picked":["A Thousand Cuts","Tools of the Trade"],"picked":"Adrenaline"},{"not_picked":["Underhanded Strike","Malaise"],"picked":"Prepared"},{"not_picked":["Quick Slash","Footwork"],"picked":"Blur"},{"not_picked":["Prepared","Endless Agony"],"picked":"Sucker Punch"},{"not_picked":["Adrenaline","Tactician"],"picked":"Night Terror"},{"not_picked":["Heel Hook","Caltrops"],"picked":"Crippling Poison"},{"not_picked":["Deadly Poison","Prepared"],"picked":"Deflect"}],"player_experience":95810,"potions_floor_usage":[7,28,33,33,33,37,50,50,50],"damage_taken":[{"damage":2,"enemies":"Small Slimes","floor":1,"turns":4},{"damage":2,"enemies":"Blue Slaver","floor":2,"turns":5},{"damage":2,"enemies":"Jaw Worm","floor":3,"turns":5},{"damage":15,"enemies":"Large Slime","floor":5,"turns":7},{"damage":31,"enemies":"Gremlin Nob","floor":7,"turns":6},{"damage":0,"enemies":"Red Slaver","floor":12,"turns":5},{"damage":0,"enemies":"2 Fungi Beasts","floor":14,"turns":2},{"damage":1,"enemies":"Hexaghost","floor":16,"turns":8},{"damage":3,"enemies":"Shell Parasite","floor":18,"turns":5},{"damage":0,"enemies":"2 Thieves","floor":20,"turns":5},{"damage":0,"enemies":"Centurion and Healer","floor":21,"turns":8},{"damage":10,"enemies":"Slavers","floor":28,"turns":5},{"damage":8,"enemies":"Chosen and Byrds","floor":29,"turns":4},{"damage":0,"enemies":"Snake Plant","floor":31,"turns":4},{"damage":34,"enemies":"Automaton","floor":33,"turns":8},{"damage":5,"enemies":"3 Darklings","floor":35,"turns":6},{"damage":0,"enemies":"Orb Walker","floor":36,"turns":4},{"damage":2,"enemies":"3 Darklings","floor":37,"turns":5},{"damage":16,"enemies":"Maw","floor":39,"turns":8},{"damage":4,"enemies":"4 Shapes","floor":44,"turns":6},{"damage":6,"enemies":"3 Darklings","floor":45,"turns":5},{"damage":0,"enemies":"Sphere and 2 Shapes","floor":46,"turns":6},{"damage":13,"enemies":"Giant Head","floor":48,"turns":8},{"damage":11,"enemies":"Time Eater","floor":50,"turns":13}],"event_choices":[{"event_name":"Purifier","player_choice":"One Purge","floor":8,"damage_taken":0},{"event_name":"Match and Keep!","player_choice":"1 cards matched","floor":11,"damage_taken":0},{"event_name":"Drug Dealer","player_choice":"Ignored","floor":19,"damage_taken":0},{"event_name":"Back to Basics","player_choice":"Simplicity","floor":30,"damage_taken":0},{"event_name":"Tomb of Lord Red Mask","player_choice":"Paid","floor":41,"damage_taken":0}],"boss_relics":[{"not_picked":["Velvet Choker","Calling Bell"],"picked":"Cursed Key"},{"not_picked":["Philosopher\u0027s Stone","Tiny House"],"picked":"Astrolabe"}],"potions_floor_spawned":[3,5,14,16,21,28,33,39,45,46],"seed_played":"1296401917445374761","ascension_level":0,"is_trial":false}