{"gold_per_floor":[119,119,119,119,119,119,134,134,134,134,148,148,158,178,178,178],"floor_reached":16,"playtime":380,"items_purged":[],"score":140,"play_id":"74aca4e5-4f8c-42fc-984c-6d8af5e03ab2","local_time":"20181229014202","is_ascension_mode":false,"campfire_choices":[{"data":"Bash","floor":6,"key":"SMITH"},{"data":"Spot Weakness","floor":8,"key":"SMITH"},{"data":"Shrug It Off","floor":10,"key":"SMITH"},{"data":"Thunderclap","floor":12,"key":"SMITH"},{"data":"Battle Trance","floor":15,"key":"SMITH"}],"neow_cost":"PERCENT_DAMAGE","seed_source_timestamp":124796123930815,"circlet_count":0,"master_deck":["Strike_R","Strike_R","Strike_R","Strike_R","Defend_R","Defend_R","Bash+1","Shrug It Off+1","Spot Weakness+1","Thunderclap+1","Flex","Battle Trance+1"],"relics":["Burning Blood","Turnip","Darkstone Periapt"],"potions_floor_usage":[],"damage_taken":[{"damage":0,"enemies":"Small Slimes","floor":1,"turns":3},{"damage":3,"enemies":"Jaw Worm","floor":7,"turns":3},{"damage":0,"enemies":"2 Louse","floor":11,"turns":2},{"damage":6,"enemies":"2 Fungi Beasts","floor":13,"turns":3},{"damage":0,"enemies":"3 Louse","floor":14,"turns":1}],"seed_played":"-5127878363854058579","potions_obtained":[{"floor":7,"key":"Strength Potion"}],"is_trial":false,"path_per_floor":["M","$","?","?","?","R","M","R","T","R","M","R","M","M","R","B"],"character_chosen":"IRONCLAD","items_purchased":[],"campfire_rested":0,"item_purchase_floors":[],"current_hp_per_floor":[62,62,59,64,57,57,60,60,60,60,66,66,66,72,72,0],"gold":178,"neow_bonus":"REMOVE_TWO","is_prod":false,"is_daily":false,"chose_seed":false,"campfire_upgraded":5,"win_rate":0,"timestamp":1546018922,"path_taken":["M","$","?","?","?","R","?","R","T","R","M","R","M","M","R","BOSS"],"build_version":"2018-12-25","purchased_purges":0,"victory":false,"max_hp_per_floor":[80,80,80,85,85,85,85,85,85,85,85,85,85,85,85,85],"card_choices":[{"not_picked":["Pommel Strike","Clash"],"picked":"Shrug It Off","floor":1},{"not_picked":["Shrug It Off","True Grit"],"picked":"Spot Weakness","floor":7},{"not_picked":["Second Wind","Heavy Blade"],"picked":"Thunderclap","floor":11},{"not_picked":["Burning Pact","Uppercut"],"picked":"Flex","floor":13},{"not_picked":["Clash","Headbutt"],"picked":"Battle Trance","floor":14}],"player_experience":695531,"relics_obtained":[{"floor":9,"key":"Darkstone Periapt"}],"event_choices":[{"damage_healed":0,"gold_gain":0,"player_choice":"Success","damage_taken":3,"relics_obtained":["Turnip"],"max_hp_gain":0,"max_hp_loss":0,"event_name":"Scrap Ooze","floor":3,"gold_loss":0},{"damage_healed":0,"gold_gain":0,"player_choice":"Donut","damage_taken":0,"max_hp_gain":5,"max_hp_loss":0,"event_name":"Big Fish","floor":4,"gold_loss":0},{"cards_removed":["Strike_R"],"damage_healed":0,"gold_gain":0,"player_choice":"Card Removal","damage_taken":7,"max_hp_gain":0,"max_hp_loss":0,"event_name":"Golden Wing","floor":5,"gold_loss":0}],"is_beta":true,"boss_relics":[],"items_purged_floors":[],"is_endless":false,"potions_floor_spawned":[7],"killed_by":"The Guardian","ascension_level":0}