{"gold_per_floor":[116,127,146,164,129,129,145,175,202,219,237,73,104,104,104,179,179,197,213,213,230,248,248,278,278,278,313,363,433,448,73,73,147,147,159,103,0,19,34,34,34],"floor_reached":41,"playtime":2565,"items_purged":["Shame"],"score":808,"play_id":"ea04c100-70a8-43be-b4d1-26773dbe7071","local_time":"20190320190139","is_ascension_mode":true,"campfire_choices":[{"data":"Static Discharge","floor":6,"key":"SMITH"},{"data":"White Noise","floor":15,"key":"SMITH"},{"floor":23,"key":"REST"},{"floor":25,"key":"REST"},{"data":"Defragment","floor":32,"key":"SMITH"},{"floor":40,"key":"REST"}],"neow_cost":"NONE","seed_source_timestamp":534054521298312,"circlet_count":0,"master_deck":["AscendersBane","Strike_B","Strike_B","Strike_B","Strike_B","Defend_B","Defend_B","Defend_B","Defend_B","Zap","Dualcast","Glacier","Static Discharge+1","Ball Lightning","Cold Snap","Static Discharge","Force Field","Static Discharge","Amplify","White Noise+1","Reboot","Streamline+1","Cold Snap","Chill","Cold Snap","Darkness+1","Glacier","Defragment+1","Electrodynamics","Ball Lightning+1","Conserve Battery"],"relics":["Cracked Core","Ancient Tea Set","Lantern","Centennial Puzzle","Tiny Chest","Blue Candle","Shuriken","Matryoshka","Lee\u0027s Waffle","Nuclear Battery","Red Mask"],"potions_floor_usage":[7,8,19,22,27,27,41],"damage_taken":[{"damage":7,"enemies":"Small Slimes","floor":1,"turns":3},{"damage":0,"enemies":"2 Louse","floor":2,"turns":4},{"damage":2,"enemies":"Cultist","floor":3,"turns":4},{"damage":0,"enemies":"Blue Slaver","floor":4,"turns":5},{"damage":0,"enemies":"2 Fungi Beasts","floor":7,"turns":2},{"damage":29,"enemies":"Gremlin Nob","floor":8,"turns":3},{"damage":0,"enemies":"Looter","floor":10,"turns":3},{"damage":11,"enemies":"Blue Slaver","floor":11,"turns":3},{"damage":9,"enemies":"Lagavulin","floor":13,"turns":5},{"damage":42,"enemies":"Hexaghost","floor":16,"turns":5},{"damage":11,"enemies":"Spheric Guardian","floor":18,"turns":5},{"damage":0,"enemies":"Chosen","floor":19,"turns":3},{"damage":10,"enemies":"Snake Plant","floor":21,"turns":4},{"damage":14,"enemies":"Chosen and Byrds","floor":22,"turns":6},{"damage":9,"enemies":"Gremlin Leader","floor":27,"turns":5},{"damage":6,"enemies":"Snecko","floor":30,"turns":6},{"damage":46,"enemies":"Collector","floor":33,"turns":7},{"damage":11,"enemies":"Orb Walker","floor":35,"turns":3},{"damage":7,"enemies":"3 Darklings","floor":38,"turns":4},{"damage":13,"enemies":"4 Shapes","floor":39,"turns":5},{"damage":68,"enemies":"Reptomancer","floor":41,"turns":6}],"seed_played":"-1251720341185013464","potions_obtained":[{"floor":3,"key":"SkillPotion"},{"floor":4,"key":"SkillPotion"},{"floor":8,"key":"Fire Potion"},{"floor":11,"key":"Explosive Potion"},{"floor":19,"key":"LiquidBronze"},{"floor":22,"key":"AttackPotion"},{"floor":38,"key":"SteroidPotion"}],"is_trial":false,"path_per_floor":["M","M","M","M","?","R","M","E","T","M","M","$","E","?","R","B",null,"M","M","?","M","M","R","?","R","T","E","?","T","M","$","R","B",null,"M","$","?","M","M","R","E"],"character_chosen":"DEFECT","items_purchased":["Static Discharge","Amplify","Defragment","Lee\u0027s Waffle","Block Potion"],"campfire_rested":3,"item_purchase_floors":[12,12,31,31,36],"current_hp_per_floor":[64,64,62,62,78,78,78,49,49,49,38,38,29,78,78,36,68,57,57,57,47,33,56,56,78,78,69,69,69,63,85,85,39,74,63,63,63,56,43,68,0],"gold":34,"neow_bonus":"TEN_PERCENT_HP_BONUS","is_prod":false,"is_daily":false,"chose_seed":false,"campfire_upgraded":3,"win_rate":0,"timestamp":1553101299,"path_taken":["M","M","M","M","?","R","M","E","T","M","M","$","E","?","R","BOSS","M","?","?","M","M","R","?","R","T","E","?","?","?","$","R","BOSS","M","$","?","M","M","R","E"],"build_version":"2019-01-23","purchased_purges":1,"victory":false,"max_hp_per_floor":[78,78,78,78,78,78,78,78,78,78,78,78,78,78,78,78,78,78,78,78,78,78,78,78,78,78,78,78,78,78,85,85,85,85,85,85,85,85,85,85,85],"card_choices":[{"not_picked":["Conserve Battery","Skim"],"picked":"Glacier","floor":1},{"not_picked":["Compile Driver","Auto Shields"],"picked":"Doom and Gloom","floor":2},{"not_picked":["Blizzard","FTL"],"picked":"Static Discharge","floor":3},{"not_picked":["Aggregate","Darkness"],"picked":"Ball Lightning","floor":4},{"not_picked":["Barrage","Coolheaded"],"picked":"Cold Snap","floor":7},{"not_picked":["Turbo","Melter"],"picked":"Static Discharge","floor":8},{"not_picked":["Hologram","Conserve Battery"],"picked":"Force Field","floor":10},{"not_picked":["Sweeping Beam","Compile Driver","Turbo"],"picked":"SKIP","floor":11},{"not_picked":["BootSequence","Rebound"],"picked":"White Noise","floor":13},{"not_picked":["Hyperbeam","Multi-Cast"],"picked":"Reboot","floor":16},{"not_picked":["Hologram","Gash"],"picked":"Streamline+1","floor":18},{"not_picked":["Go for the Eyes","Streamline"],"picked":"Cold Snap","floor":19},{"not_picked":["Reinforced Body","Redo"],"picked":"Chill","floor":21},{"not_picked":["Streamline+1","BootSequence"],"picked":"Cold Snap","floor":22},{"not_picked":["Streamline","Coolheaded"],"picked":"Darkness+1","floor":27},{"not_picked":["Consume","Machine Learning"],"picked":"Glacier","floor":30},{"not_picked":["Biased Cognition","Rainbow"],"picked":"Electrodynamics","floor":33},{"not_picked":["Compile Driver","Steam Power"],"picked":"Ball Lightning+1","floor":35},{"not_picked":["Skim","Sweeping Beam","Gash"],"picked":"SKIP","floor":38},{"not_picked":["Rebound+1","Aggregate"],"picked":"Conserve Battery","floor":39}],"player_experience":1113842,"relics_obtained":[{"floor":8,"key":"Ancient Tea Set"},{"floor":9,"key":"Lantern"},{"floor":13,"key":"Centennial Puzzle"},{"floor":26,"key":"Blue Candle"},{"floor":27,"key":"Shuriken"},{"floor":29,"key":"Matryoshka"}],"event_choices":[{"damage_healed":19,"gold_gain":0,"player_choice":"Healed","damage_taken":0,"max_hp_gain":0,"max_hp_loss":0,"event_name":"The Cleric","floor":5,"gold_loss":35},{"cards_removed":["Doom and Gloom"],"damage_healed":49,"gold_gain":0,"player_choice":"Offered Uncommon","damage_taken":0,"max_hp_gain":0,"max_hp_loss":0,"event_name":"Bonfire Elementals","floor":14,"gold_loss":0},{"damage_healed":0,"gold_gain":0,"player_choice":"Ignored","damage_taken":0,"max_hp_gain":0,"max_hp_loss":0,"event_name":"Vampires","floor":20,"gold_loss":0},{"damage_healed":0,"gold_gain":0,"player_choice":"Stole Relic","damage_taken":0,"relics_obtained":["Tiny Chest"],"max_hp_gain":0,"max_hp_loss":0,"event_name":"Addict","floor":24,"gold_loss":0,"cards_obtained":["Shame"]},{"damage_healed":0,"gold_gain":50,"player_choice":"Stole From Cult","damage_taken":0,"max_hp_gain":0,"max_hp_loss":0,"event_name":"Nest","floor":28,"gold_loss":0},{"damage_healed":0,"gold_gain":0,"player_choice":"Paid","damage_taken":0,"relics_obtained":["Red Mask"],"max_hp_gain":0,"max_hp_loss":0,"event_name":"Tomb of Lord Red Mask","floor":37,"gold_loss":103}],"is_beta":false,"boss_relics":[{"not_picked":["Sozu","Cursed Key","Snecko Eye"]},{"not_picked":["Calling Bell","Black Star"],"picked":"Nuclear Battery"}],"items_purged_floors":[31],"is_endless":false,"potions_floor_spawned":[3,4,8,11,13,19,21,22,38],"killed_by":"Reptomancer","ascension_level":18}