{"path_per_floor":["M","?","?","$","M","E","R","M","T","R","M","$","R","?","R","B",null,"M","?","?","?","M","R","E","R","T","M","M","R","$","M","R"],"character_chosen":"THE_SILENT","items_purchased":["Outmaneuver","Expertise","Infinite Blades","Blind"],"gold_per_floor":[109,109,109,83,96,121,121,134,157,157,171,15,15,90,90,189,189,200,200,200,200,220,220,246,246,246,266,282,282,5,20,20],"floor_reached":33,"campfire_rested":5,"playtime":3546,"current_hp_per_floor":[64,64,64,64,64,51,70,67,67,67,54,54,54,43,64,24,70,66,66,66,66,65,65,13,34,34,22,15,36,36,10,31],"items_purged":["Strike_G","Strike_G"],"gold":20,"score":263,"play_id":"380fc898-c588-4a7a-a436-4a7c2d823f8f","is_prod":false,"is_daily":false,"is_ascension_mode":false,"campfire_upgraded":3,"path_taken":["M","?","?","$","M","E","R","M","T","R","M","$","R","?","R","BOSS","M","?","?","?","?","R","E","R","T","M","M","R","$","M","R","BOSS"],"build_version":"2018-02-08-PROD1","purchased_purges":2,"victory":false,"master_deck":["Defend_G","Defend_G","Defend_G","Defend_G","Defend_G","Strike_G","Strike_G","Strike_G","Neutralize","Adrenaline+1","Flying Knee","Outmaneuver","Poisoned Stab","Dagger Throw","Slice+1","Slice+1","Expertise","Prepared","Deflect","Flying Knee","Slice","Infinite Blades","Blind","After Image"],"max_hp_per_floor":[70,70,70,70,70,70,70,70,70,70,70,70,70,70,70,70,70,70,70,70,70,70,70,70,70,70,70,70,70,70,70,70],"relics":["Ring of the Snake","Shuriken","Pen Nib","Sozu","Torii","Frozen Eye"],"card_choices":[{"not_picked":["Calculated Gamble","Dodge and Roll"],"picked":"Flying Knee"},{"not_picked":["Sucker Punch","Envenom"],"picked":"Poisoned Stab"},{"not_picked":["Prepared","Well Laid Plans"],"picked":"Dagger Throw"},{"not_picked":["Dodge and Roll","Quick Slash"],"picked":"Slice"},{"not_picked":["Flying Knee","Deflect"],"picked":"Slice"},{"not_picked":["Corpse Explosion","Glass Knife"],"picked":"After Image"},{"not_picked":["Prepared","Sucker Punch"],"picked":"Flying Knee"},{"not_picked":["Flying Knee","Venomology"],"picked":"Slice"},{"not_picked":["Dagger Throw","PiercingWail"],"picked":"After Image"}],"player_experience":117531,"potions_floor_usage":[6,16],"damage_taken":[{"damage":6,"enemies":"2 Louse","floor":1,"turns":5},{"damage":0,"enemies":"Cultist","floor":5,"turns":4},{"damage":13,"enemies":"3 Sentries","floor":6,"turns":10},{"damage":3,"enemies":"Jaw Worm","floor":8,"turns":2},{"damage":13,"enemies":"3 Louse","floor":11,"turns":4},{"damage":40,"enemies":"The Guardian","floor":16,"turns":8},{"damage":4,"enemies":"3 Byrds","floor":18,"turns":4},{"damage":1,"enemies":"Shell Parasite","floor":22,"turns":3},{"damage":52,"enemies":"Slavers","floor":24,"turns":6},{"damage":12,"enemies":"Snecko","floor":27,"turns":4},{"damage":7,"enemies":"Centurion and Healer","floor":28,"turns":4},{"damage":26,"enemies":"Slaver and Parasite","floor":31,"turns":5},{"damage":39,"enemies":"Automaton","floor":33,"turns":6}],"event_choices":[{"event_name":"The Cleric","player_choice":"Leave","floor":2,"damage_taken":0},{"event_name":"Bonfire Elementals","player_choice":"BASIC","floor":3,"damage_taken":0},{"event_name":"World of Goop","player_choice":"Gather Gold","floor":14,"damage_taken":0},{"event_name":"The Library","player_choice":"Read","floor":19,"damage_taken":0},{"event_name":"Transmorgrifier","player_choice":"Transform","floor":20,"damage_taken":0},{"event_name":"Vampires","player_choice":"Ignored","floor":21,"damage_taken":0}],"boss_relics":[{"not_picked":["Philosopher\u0027s Stone","Runic Dome"],"picked":"Sozu"}],"potions_floor_spawned":[1,11,16,22,27,31],"seed_played":"1702564394010755116","killed_by":"Automaton","ascension_level":0,"is_trial":false}