{"gold_per_floor":[114,189,29,29,47,47,79,79,79,109,121,121,121,121,121,195,195,206,206,39,39],"floor_reached":21,"playtime":379,"items_purged":[],"score":416,"play_id":"bcf7f393-0d1e-429c-ae32-432e99fc9448","local_time":"20190316123622","is_ascension_mode":true,"campfire_choices":[{"data":"Chaos","floor":6.0,"key":"SMITH"},{"data":"Biased Cognition","floor":8.0,"key":"SMITH"},{"floor":15.0,"key":"REST"}],"neow_cost":"NONE","seed_source_timestamp":181699695852400,"circlet_count":0,"master_deck":["AscendersBane","Strike_B","Strike_B","Strike_B","Defend_B","Defend_B+1","Defend_B","Defend_B","Zap","Dualcast","Gash+1","Biased Cognition+1","Chaos+1","Cold Snap","Double Energy","Rainbow","Necronomicurse"],"special_seed":0,"relics":["Cracked Core","NeowsBlessing","PreservedInsect","DataDisk","Happy Flower","Dodecahedron","White Beast Statue","Necronomicon","Regal Pillow"],"potions_floor_usage":[16,16,18],"damage_taken":[{"damage":0.0,"enemies":"Cultist","floor":1.0,"turns":1.0},{"damage":0.0,"enemies":"Jaw Worm","floor":5.0,"turns":1.0},{"damage":0.0,"enemies":"Lagavulin","floor":7.0,"turns":1.0},{"damage":12.0,"enemies":"3 Sentries","floor":10.0,"turns":6.0},{"damage":2.0,"enemies":"2 Louse","floor":11.0,"turns":2.0},{"damage":34,"enemies":"The Guardian","floor":16,"turns":11},{"damage":13,"enemies":"3 Byrds","floor":18,"turns":4},{"damage":0,"enemies":"Chosen","floor":21,"turns":1}],"seed_played":"1148164053767798181","potions_obtained":[{"floor":7.0,"key":"SpeedPotion"},{"floor":10.0,"key":"LiquidBronze"},{"floor":16,"key":"Explosive Potion"},{"floor":18,"key":"GamblersBrew"}],"is_trial":false,"path_per_floor":["M","?","$","?","M","R","E","R","T","E","M","?","T","?","R","B",null,"M","?","$","M"],"character_chosen":"DEFECT","items_purchased":["Biased Cognition","Regal Pillow"],"campfire_rested":1,"item_purchase_floors":[3,20],"current_hp_per_floor":[64,53,53,53,53,53,53,53,53,41,39,18,18,18,39,5,55,42,21,21,21],"gold":39,"neow_bonus":"THREE_ENEMY_KILL","is_prod":false,"is_daily":false,"chose_seed":false,"campfire_upgraded":2,"win_rate":0,"timestamp":1552707382,"path_taken":["M","?","$","?","M","R","E","R","T","E","?","?","?","?","R","BOSS","M","?","$","M"],"build_version":"2019-01-23","purchased_purges":0,"victory":false,"max_hp_per_floor":[71,71,71,71,71,71,71,71,71,71,71,71,71,71,71,71,71,71,71,71,71],"card_choices":[{"not_picked":["Rebound","Hologram"],"picked":"Gash","floor":1.0},{"not_picked":["Reprogram","Hologram"],"picked":"Chaos","floor":5.0},{"not_picked":["Lockon","Amplify"],"picked":"Cold Snap","floor":7.0},{"not_picked":["Ball Lightning","Tempest"],"picked":"Double Energy","floor":10.0},{"not_picked":["Go for the Eyes","Gash","FTL"],"picked":"SKIP","floor":11.0},{"not_picked":["Meteor Strike","Thunder Strike"],"picked":"Rainbow","floor":16},{"not_picked":["Undo","Gash","Barrage"],"picked":"SKIP","floor":18}],"player_experience":2300729,"relics_obtained":[{"floor":7.0,"key":"PreservedInsect"},{"floor":9.0,"key":"DataDisk"},{"floor":10.0,"key":"Happy Flower"},{"floor":13.0,"key":"Dodecahedron"},{"floor":19,"key":"Necronomicon"}],"event_choices":[{"damage_healed":0.0,"max_hp_gain":0.0,"max_hp_loss":0.0,"gold_gain":75.0,"event_name":"World of Goop","player_choice":"Gather Gold","floor":2.0,"gold_loss":0.0,"damage_taken":11.0},{"damage_healed":0.0,"max_hp_gain":0.0,"max_hp_loss":0.0,"gold_gain":0.0,"event_name":"The Cleric","player_choice":"Leave","floor":4.0,"gold_loss":0.0,"damage_taken":0.0},{"damage_healed":0.0,"max_hp_gain":0.0,"max_hp_loss":0.0,"gold_gain":0.0,"event_name":"Shining Light","player_choice":"Entered Light","floor":12.0,"gold_loss":0.0,"damage_taken":21.0,"cards_upgraded":["Defend_B","Gash"]},{"cards_removed":["Strike_B"],"damage_healed":0.0,"max_hp_gain":0.0,"max_hp_loss":0.0,"gold_gain":0.0,"event_name":"Living Wall","player_choice":"Forget","floor":14.0,"gold_loss":0.0,"damage_taken":0.0},{"damage_healed":0,"gold_gain":0,"player_choice":"Obtained Book","damage_taken":21,"max_hp_gain":0,"max_hp_loss":0,"event_name":"Cursed Tome","floor":19,"gold_loss":0}],"is_beta":false,"boss_relics":[{"not_picked":["Eternal Feather","Fusion Hammer"],"picked":"White Beast Statue"}],"items_purged_floors":[],"is_endless":false,"potions_floor_spawned":[7,10,16,18],"killed_by":"Chosen","ascension_level":20}