{"gold_per_floor":[359,375,48,48,68,97,116,116,116,128,153,165,177,203,215,305,317,342,366,378,23,23,23],"floor_reached":23,"playtime":871,"items_purged":["Writhe","Strike_R"],"score":502,"play_id":"bdd2b703-7d35-4bc7-8e0a-55bd04b6c3a5","local_time":"20190303131630","is_ascension_mode":true,"campfire_choices":[{"data":"Inflame","floor":8,"key":"SMITH"},{"data":"Bash","floor":12,"key":"SMITH"},{"data":"Whirlwind","floor":15,"key":"SMITH"}],"neow_cost":"CURSE","seed_source_timestamp":133388793584000,"circlet_count":0,"master_deck":["AscendersBane","Strike_R","Strike_R","Strike_R","Strike_R","Defend_R","Defend_R","Defend_R","Defend_R","Bash+1","Shrug It Off","Inflame+1","Entrench","Disarm","Exhume","Whirlwind+1","Barricade","Body Slam","True Grit","PanicButton"],"relics":["Burning Blood","Red Skull","Dream Catcher","Matryoshka","Boot","Bag of Preparation","MawBank","Velvet Choker"],"potions_floor_usage":[11,14,16,23],"damage_taken":[{"damage":2,"enemies":"Jaw Worm","floor":1,"turns":5},{"damage":4,"enemies":"Cultist","floor":2,"turns":4},{"damage":1,"enemies":"2 Louse","floor":5,"turns":4},{"damage":39,"enemies":"Lagavulin","floor":6,"turns":8},{"damage":16,"enemies":"Exordium Thugs","floor":7,"turns":5},{"damage":0,"enemies":"Exordium Wildlife","floor":10,"turns":2},{"damage":28,"enemies":"Gremlin Nob","floor":11,"turns":4},{"damage":0,"enemies":"Large Slime","floor":14,"turns":2},{"damage":0,"enemies":"Slime Boss","floor":16,"turns":5},{"damage":33,"enemies":"Spheric Guardian","floor":18,"turns":5},{"damage":7,"enemies":"2 Thieves","floor":19,"turns":2},{"damage":33,"enemies":"Book of Stabbing","floor":23,"turns":7}],"seed_played":"4292687389163679343","potions_obtained":[{"floor":5,"key":"Fire Potion"},{"floor":7,"key":"Fire Potion"},{"floor":11,"key":"AttackPotion"}],"is_trial":false,"path_per_floor":["M","M","$","?","M","E","M","R","T","M","E","R","?","M","R","B",null,"M","M","?","$","?","E"],"character_chosen":"IRONCLAD","items_purchased":["Inflame","Red Skull","FearPotion","True Grit","SpeedPotion","Strength Potion","PanicButton"],"campfire_rested":0,"item_purchase_floors":[3,3,3,21,21,21,21],"current_hp_per_floor":[72,74,74,74,75,42,32,32,32,38,16,16,16,22,22,28,63,36,35,35,35,35,2],"gold":23,"neow_bonus":"TWO_FIFTY_GOLD","is_prod":false,"is_daily":false,"chose_seed":false,"campfire_upgraded":3,"win_rate":0,"timestamp":1551586590,"path_taken":["M","M","$","?","M","E","M","R","T","?","E","R","?","M","R","BOSS","M","M","?","$","?","E"],"build_version":"2019-01-23","purchased_purges":2,"victory":false,"max_hp_per_floor":[75,75,75,75,75,75,75,75,75,75,75,75,75,75,75,75,75,75,75,75,75,75,75],"card_choices":[{"not_picked":["Pommel Strike","Bloodletting"],"picked":"Shrug It Off","floor":1},{"not_picked":["Blood for Blood","Dual Wield","Iron Wave"],"picked":"SKIP","floor":2},{"not_picked":["Havoc","Sever Soul","Clash"],"picked":"SKIP","floor":5},{"not_picked":["Rampage","Rage","Warcry"],"picked":"SKIP","floor":6},{"not_picked":["Thunderclap","Sever Soul"],"picked":"Entrench","floor":7},{"not_picked":["Cleave","True Grit"],"picked":"Disarm","floor":10},{"not_picked":["Body Slam","Twin Strike"],"picked":"Exhume","floor":11},{"not_picked":["Body Slam","Rupture"],"picked":"Whirlwind","floor":14},{"not_picked":["Brutality","Reaper"],"picked":"Barricade","floor":16},{"not_picked":["Armaments","Perfected Strike","Warcry"],"picked":"SKIP","floor":18},{"not_picked":["Searing Blow","Carnage"],"picked":"Body Slam","floor":19}],"player_experience":1961492,"relics_obtained":[{"floor":6,"key":"Matryoshka"},{"floor":9,"key":"Boot"},{"floor":9,"key":"Bag of Preparation"},{"floor":11,"key":"MawBank"}],"event_choices":[{"damage_healed":0,"gold_gain":0,"player_choice":"Gave Potion","damage_taken":0,"relics_obtained":["Dream Catcher"],"max_hp_gain":0,"max_hp_loss":0,"event_name":"WeMeetAgain","floor":4,"gold_loss":0},{"damage_healed":0,"gold_gain":0,"player_choice":"Fled","damage_taken":0,"max_hp_gain":0,"max_hp_loss":0,"event_name":"Scrap Ooze","floor":13,"gold_loss":0},{"damage_healed":0,"gold_gain":0,"player_choice":"0 cards matched","damage_taken":0,"max_hp_gain":0,"max_hp_loss":0,"event_name":"Match and Keep!","floor":20,"gold_loss":0,"cards_obtained":[]},{"damage_healed":0,"gold_gain":0,"player_choice":"Ignored","damage_taken":0,"max_hp_gain":0,"max_hp_loss":0,"event_name":"The Mausoleum","floor":22,"gold_loss":0}],"is_beta":false,"boss_relics":[{"not_picked":["Mark of Pain","Tiny House"],"picked":"Velvet Choker"}],"items_purged_floors":[3,21],"is_endless":false,"potions_floor_spawned":[5,7,10,11],"killed_by":"Book of Stabbing","ascension_level":20}