{"gold_per_floor":[217,236,236,251,176,212,232,257,257,269,304,359,371,396,408,518,530,565,596,325,339,35,35,54,154,154,154,189,189,207,207,207,207],"floor_reached":33,"playtime":2157,"items_purged":["Injury"],"score":460,"play_id":"4356300a-93db-47d3-a230-0224fc3b4234","local_time":"20180915163302","is_ascension_mode":true,"campfire_choices":[{"floor":10,"key":"REST"},{"floor":13,"key":"REST"},{"floor":15,"key":"REST"},{"floor":23,"key":"REST"},{"floor":27,"key":"REST"},{"floor":29,"key":"REST"},{"floor":32,"key":"REST"}],"neow_cost":"NONE","seed_source_timestamp":77916542863797,"circlet_count":0,"master_deck":["Strike_B+1","Strike_B+1","Strike_B+1","Strike_B+1","Defend_B+1","Defend_B+1","Defend_B+1","Defend_B+1","Zap","Dualcast","AscendersBane","Doom and Gloom","Ball Lightning","BootSequence","Melter","Ball Lightning","Lockon","Stack","Static Discharge","Creative AI","Cold Snap","Cold Snap","Rainbow","Steam","Storm","Jack Of All Trades","Redo","Cold Snap","Steam","Barrage","Barrage"],"relics":["Cracked Core","Golden Idol","Gremlin Horn","MawBank","PreservedInsect","Nuclear Battery","Orichalcum","Girya","Question Card"],"potions_floor_usage":[4,21,21,24,30,30],"damage_taken":[{"damage":0,"enemies":"Cultist","floor":1,"turns":4},{"damage":2,"enemies":"Jaw Worm","floor":2,"turns":3},{"damage":0,"enemies":"Small Slimes","floor":4,"turns":2},{"damage":30,"enemies":"Lagavulin","floor":6,"turns":4},{"damage":0,"enemies":"Blue Slaver","floor":7,"turns":3},{"damage":0,"enemies":"2 Fungi Beasts","floor":8,"turns":2},{"damage":4,"enemies":"Red Slaver","floor":11,"turns":3},{"damage":24,"enemies":"Gremlin Nob","floor":12,"turns":4},{"damage":8,"enemies":"Large Slime","floor":14,"turns":4},{"damage":52,"enemies":"Hexaghost","floor":16,"turns":9},{"damage":0,"enemies":"Chosen","floor":18,"turns":3},{"damage":28,"enemies":"Spheric Guardian","floor":19,"turns":3},{"damage":20,"enemies":"Centurion and Healer","floor":21,"turns":7},{"damage":12,"enemies":"Snecko","floor":24,"turns":4},{"damage":32,"enemies":"Gremlin Leader","floor":28,"turns":7},{"damage":45,"enemies":"Shelled Parasite and Fungi","floor":30,"turns":6},{"damage":50,"enemies":"Collector","floor":33,"turns":3}],"seed_played":"-7629696925845933611","potions_obtained":[{"floor":1,"key":"Block Potion"},{"floor":8,"key":"Explosive Potion"},{"floor":12,"key":"SkillPotion"},{"floor":21,"key":"PowerPotion"},{"floor":28,"key":"Regen Potion"}],"is_trial":false,"path_per_floor":["M","M","?","M","$","E","M","M","T","R","M","E","R","M","R","B",null,"M","M","$","M","$","R","M","?","T","R","E","R","M","?","R"],"character_chosen":"DEFECT","items_purchased":["Rainbow","Orichalcum","AttackPotion","Storm","Jack Of All Trades","Redo","Cold Snap"],"campfire_rested":7,"item_purchase_floors":[20,20,22,22,22,22,22],"current_hp_per_floor":[68,66,66,66,66,36,36,36,36,58,54,30,52,44,66,14,60,60,32,32,12,12,34,22,22,22,44,12,34,11,11,33,0],"gold":207,"neow_bonus":"HUNDRED_GOLD","is_prod":false,"is_daily":false,"chose_seed":false,"campfire_upgraded":0,"win_rate":0,"timestamp":1537018382,"path_taken":["M","?","?","M","$","E","M","M","T","R","M","E","R","M","R","BOSS","M","M","$","M","$","R","?","?","T","R","E","R","M","?","R","BOSS"],"build_version":"2018-09-06","purchased_purges":1,"victory":false,"max_hp_per_floor":[75,75,75,75,75,75,75,75,75,75,75,75,75,75,75,75,75,75,75,75,75,75,75,75,75,75,75,75,75,75,75,75,75],"card_choices":[{"not_picked":["Sweeping Beam","Steam"],"picked":"Doom and Gloom","floor":1},{"not_picked":["Hologram","Sweeping Beam"],"picked":"Ball Lightning","floor":2},{"not_picked":["Hologram","Coolheaded","Blizzard"],"picked":"SKIP","floor":4},{"not_picked":["Streamline","Skim"],"picked":"BootSequence","floor":6},{"not_picked":["Beam Cell","Streamline"],"picked":"Melter","floor":7},{"not_picked":["Cold Snap","Beam Cell"],"picked":"Ball Lightning","floor":8},{"not_picked":["Skim","Genetic Algorithm"],"picked":"Lockon","floor":11},{"not_picked":["Compile Driver","Sweeping Beam"],"picked":"Stack","floor":12},{"not_picked":["BootSequence","Redo"],"picked":"Static Discharge","floor":14},{"not_picked":["All For One","Hyperbeam"],"picked":"Creative AI","floor":16},{"not_picked":["Streamline","Hologram"],"picked":"Cold Snap","floor":18},{"not_picked":["Compile Driver","Rebound"],"picked":"Cold Snap","floor":19},{"not_picked":["Rebound","Hologram+1"],"picked":"Steam","floor":21},{"not_picked":["Stack","Sunder+1"],"picked":"Steam","floor":24},{"not_picked":["Steam","Cold Snap"],"picked":"Barrage","floor":28},{"not_picked":["Beam Cell","Go for the Eyes","Gash"],"picked":"Barrage","floor":30}],"player_experience":701644,"relics_obtained":[{"floor":6,"key":"Gremlin Horn"},{"floor":9,"key":"MawBank"},{"floor":12,"key":"PreservedInsect"},{"floor":26,"key":"Girya"},{"floor":28,"key":"Question Card"}],"event_choices":[{"event_name":"Golden Idol","player_choice":"Take Wound","floor":3,"damage_taken":0},{"event_name":"Golden Shrine","player_choice":"Pray","floor":25,"damage_taken":0},{"event_name":"Back to Basics","player_choice":"Simplicity","floor":31,"damage_taken":0}],"is_beta":false,"boss_relics":[{"not_picked":["Orrery","Coffee Dripper"],"picked":"Nuclear Battery"}],"items_purged_floors":[5],"is_endless":false,"potions_floor_spawned":[1,8,12,14,21,28],"killed_by":"Collector","ascension_level":13}