{"gold_per_floor":[113,127,127,127,74,74,84,84,84,84,94,128,128,157,157,228,228,245,32,32,44,4,4,4,4,4,4],"floor_reached":27,"playtime":668,"items_purged":[],"score":434,"play_id":"f789f826-32f4-4a33-8d3f-2e32f9599c4b","local_time":"20190226155749","is_ascension_mode":true,"campfire_choices":[{"data":"Streamline","floor":6,"key":"SMITH"},{"data":"Zap","floor":8,"key":"SMITH"},{"data":"Dualcast","floor":10,"key":"SMITH"},{"data":"Conserve Battery","floor":15,"key":"SMITH"},{"data":"Defragment","floor":23,"key":"SMITH"},{"data":"Hologram","floor":25,"key":"SMITH"}],"neow_cost":"NONE","seed_source_timestamp":26333234421000,"circlet_count":0,"master_deck":["AscendersBane","Strike_B","Strike_B","Strike_B","Defend_B","Defend_B","Defend_B","Zap+1","Dualcast+1","Streamline+1","Rebound","Gash","Gash","Conserve Battery+1","Hologram+1","Steam","Defragment+1"],"relics":["Cracked Core","NeowsBlessing","Centennial Puzzle","Pear","DataDisk","Juzu Bracelet","Inserter","Membership Card","Shovel"],"potions_floor_usage":[12,18,27,27],"damage_taken":[{"damage":0,"enemies":"Jaw Worm","floor":1,"turns":1},{"damage":0,"enemies":"Cultist","floor":2,"turns":1},{"damage":0,"enemies":"Small Slimes","floor":7,"turns":1},{"damage":6,"enemies":"Blue Slaver","floor":11,"turns":4},{"damage":15,"enemies":"3 Sentries","floor":12,"turns":5},{"damage":4,"enemies":"Gremlin Nob","floor":14,"turns":3},{"damage":12,"enemies":"The Guardian","floor":16,"turns":10},{"damage":26,"enemies":"2 Thieves","floor":18,"turns":5},{"damage":0,"enemies":"Spheric Guardian","floor":21,"turns":3},{"damage":28,"enemies":"Book of Stabbing","floor":27,"turns":4}],"seed_played":"3722497935678227884","potions_obtained":[{"floor":7,"key":"Energy Potion"},{"floor":11,"key":"SneckoOil"},{"floor":16,"key":"Regen Potion"},{"floor":21,"key":"FocusPotion"}],"is_trial":false,"path_per_floor":["M","M","?","?","$","R","M","R","T","R","M","E","?","E","R","B",null,"M","$","?","M","$","R","?","R","T","E"],"character_chosen":"DEFECT","items_purchased":["Gash","Membership Card","Defragment"],"campfire_rested":0,"item_purchase_floors":[5,19,22],"current_hp_per_floor":[64,64,46,46,46,46,46,46,56,56,50,35,35,31,31,19,66,52,52,52,52,52,52,52,52,52,24],"gold":4,"neow_bonus":"THREE_ENEMY_KILL","is_prod":false,"is_daily":false,"chose_seed":false,"campfire_upgraded":6,"win_rate":0,"timestamp":1551164269,"path_taken":["M","M","?","?","$","R","M","R","T","R","?","E","?","E","R","BOSS","M","$","?","M","$","R","?","R","T","E"],"build_version":"2019-01-23","purchased_purges":0,"victory":false,"max_hp_per_floor":[71,71,71,71,71,71,71,71,81,81,81,81,81,81,81,81,81,81,81,81,81,81,81,81,81,81,81],"card_choices":[{"not_picked":["Steam","Beam Cell"],"picked":"Streamline","floor":1},{"not_picked":["Steam","Stack","Redo"],"picked":"SKIP","floor":2},{"not_picked":["Steam","Steam Power","Streamline"],"picked":"SKIP","floor":7},{"not_picked":["Compile Driver","Steam"],"picked":"Gash","floor":11},{"not_picked":["Redo","Hyperbeam"],"picked":"Conserve Battery","floor":12},{"not_picked":["Recycle","Streamline","Compile Driver"],"picked":"SKIP","floor":14},{"not_picked":["Ball Lightning","Stack"],"picked":"Hologram","floor":18},{"not_picked":["Barrage","Redo"],"picked":"Steam","floor":21}],"player_experience":1840113,"relics_obtained":[{"floor":9,"key":"Pear"},{"floor":12,"key":"DataDisk"},{"floor":14,"key":"Juzu Bracelet"},{"floor":26,"key":"Shovel"}],"event_choices":[{"damage_healed":0,"gold_gain":0,"player_choice":"Success","damage_taken":18,"relics_obtained":["Centennial Puzzle"],"max_hp_gain":0,"max_hp_loss":0,"event_name":"Scrap Ooze","floor":3,"gold_loss":0},{"damage_healed":0,"gold_gain":0,"cards_transformed":["Defend_B"],"player_choice":"Transformed","damage_taken":0,"max_hp_gain":0,"max_hp_loss":0,"event_name":"Transmorgrifier","floor":4,"gold_loss":0,"cards_obtained":["Rebound"]},{"cards_removed":["Strike_B"],"damage_healed":0,"gold_gain":0,"player_choice":"Forget","damage_taken":0,"max_hp_gain":0,"max_hp_loss":0,"event_name":"Living Wall","floor":13,"gold_loss":0},{"damage_healed":0,"gold_gain":0,"player_choice":"0 cards matched","damage_taken":0,"max_hp_gain":0,"max_hp_loss":0,"event_name":"Match and Keep!","floor":20,"gold_loss":0,"cards_obtained":[]},{"damage_healed":0,"gold_gain":0,"player_choice":"Ignored","damage_taken":0,"max_hp_gain":0,"max_hp_loss":0,"event_name":"Beggar","floor":24,"gold_loss":0}],"is_beta":false,"boss_relics":[{"not_picked":["White Beast Statue","Ectoplasm"],"picked":"Inserter"}],"items_purged_floors":[],"is_endless":false,"potions_floor_spawned":[7,11,16,21],"killed_by":"Book of Stabbing","ascension_level":20}