{"gold_per_floor":[113,113,113,38,54,54,68,101,177,177,210,210,226,241,241,314,314,326,326,337,356,271,271],"floor_reached":23,"playtime":569,"items_purged":["Decay"],"score":402,"play_id":"9ea7bb9c-ed71-4431-b35a-9789c34581f1","local_time":"20190424192544","is_ascension_mode":true,"campfire_choices":[{"data":"Carnage","floor":6,"key":"SMITH"},{"floor":10,"key":"REST"},{"data":"Bash","floor":12,"key":"SMITH"},{"floor":15,"key":"REST"}],"neow_cost":"PERCENT_DAMAGE","seed_source_timestamp":200089234768700,"circlet_count":0,"master_deck":["AscendersBane","Strike_R","Defend_R","Defend_R+1","Defend_R","Defend_R","Bash+1","Twin Strike","Anger","Shrug It Off+1","Carnage+1","Feel No Pain","Carnage","Evolve","Offering","True Grit","Rupture","Feel No Pain","Armaments+1"],"relics":["Burning Blood","PreservedInsect","Question Card","Darkstone Periapt","Cursed Key","Gremlin Horn"],"potions_floor_usage":[16,18,18,21],"damage_taken":[{"damage":6,"enemies":"Small Slimes","floor":1,"turns":4},{"damage":0,"enemies":"Jaw Worm","floor":5,"turns":3},{"damage":0,"enemies":"Cultist","floor":7,"turns":2},{"damage":8,"enemies":"Gremlin Nob","floor":8,"turns":3},{"damage":20,"enemies":"Lagavulin","floor":11,"turns":5},{"damage":14,"enemies":"Exordium Thugs","floor":13,"turns":5},{"damage":24,"enemies":"Exordium Wildlife","floor":14,"turns":4},{"damage":37,"enemies":"Slime Boss","floor":16,"turns":11},{"damage":20,"enemies":"3 Byrds","floor":18,"turns":3},{"damage":18,"enemies":"Shell Parasite","floor":20,"turns":4},{"damage":23,"enemies":"Shelled Parasite and Fungi","floor":21,"turns":7},{"damage":17,"enemies":"Gremlin Leader","floor":23,"turns":2}],"seed_played":"-3212355539139151052","potions_obtained":[{"floor":8,"key":"LiquidBronze"},{"floor":13,"key":"EssenceOfSteel"},{"floor":16,"key":"Explosive Potion"},{"floor":18,"key":"Ancient Potion"},{"floor":20,"key":"SteroidPotion"}],"is_trial":false,"path_per_floor":["M","?","?","$","M","R","M","E","T","R","E","R","M","M","R","B",null,"M","?","M","M","?","E"],"character_chosen":"IRONCLAD","items_purchased":[],"campfire_rested":2,"item_purchase_floors":[],"current_hp_per_floor":[50,27,27,27,33,33,39,37,37,59,45,45,37,19,41,10,59,45,45,33,16,16,0],"gold":271,"neow_bonus":"TRANSFORM_TWO_CARDS","is_prod":false,"is_daily":false,"chose_seed":false,"campfire_upgraded":2,"win_rate":0,"timestamp":1556101544,"path_taken":["M","?","?","$","M","R","?","E","T","R","E","R","M","M","R","BOSS","M","?","M","M","?","E"],"build_version":"2019-01-23","purchased_purges":1,"victory":false,"max_hp_per_floor":[75,75,75,75,75,75,75,75,75,75,75,75,75,75,75,75,75,75,75,75,75,75,75],"card_choices":[{"not_picked":["Wild Strike","Reckless Charge"],"picked":"Shrug It Off","floor":1},{"not_picked":["Reckless Charge","Clothesline"],"picked":"Carnage","floor":5},{"not_picked":["Clothesline","Anger","Hemokinesis"],"picked":"SKIP","floor":7},{"not_picked":["Headbutt","Fire Breathing","Thunderclap"],"picked":"SKIP","floor":8},{"not_picked":["Cleave","Metallicize","Clash"],"picked":"Feel No Pain","floor":11},{"not_picked":["Bloodletting","Sword Boomerang","Iron Wave"],"picked":"Carnage","floor":13},{"not_picked":["Armaments","Perfected Strike","Cleave"],"picked":"Evolve","floor":14},{"not_picked":["Demon Form","Reaper","Brutality"],"picked":"Offering","floor":16},{"not_picked":["Shrug It Off","Twin Strike","Evolve"],"picked":"True Grit","floor":18},{"not_picked":["Sentinel","Bloodletting+1","Warcry"],"picked":"Armaments+1","floor":20},{"not_picked":["Evolve","Clothesline","Thunderclap","Reckless Charge"],"picked":"SKIP","floor":21}],"player_experience":3348014,"relics_obtained":[{"floor":8,"key":"PreservedInsect"},{"floor":9,"key":"Question Card"},{"floor":11,"key":"Darkstone Periapt"}],"event_choices":[{"damage_healed":0,"gold_gain":0,"player_choice":"Entered Light","damage_taken":23,"max_hp_gain":0,"max_hp_loss":0,"event_name":"Shining Light","floor":2,"gold_loss":0,"cards_upgraded":["Shrug It Off","Defend_R"]},{"damage_healed":0,"gold_gain":0,"player_choice":"Cursed","damage_taken":0,"max_hp_gain":0,"max_hp_loss":0,"event_name":"Wheel of Change","floor":3,"gold_loss":0,"cards_obtained":["Decay"]},{"damage_healed":0,"gold_gain":0,"cards_transformed":["Strike_R","Strike_R"],"player_choice":"Became Test Subject","damage_taken":0,"max_hp_gain":0,"max_hp_loss":0,"event_name":"Drug Dealer","floor":19,"gold_loss":0,"cards_obtained":["Rupture","Feel No Pain"]},{"damage_healed":0,"gold_gain":0,"player_choice":"Obtained Relic","damage_taken":0,"relics_obtained":["Gremlin Horn"],"max_hp_gain":0,"max_hp_loss":0,"event_name":"Addict","floor":22,"gold_loss":85}],"is_beta":false,"boss_relics":[{"not_picked":["Black Blood","Fusion Hammer"],"picked":"Cursed Key"}],"items_purged_floors":[4],"is_endless":false,"potions_floor_spawned":[8,13,16,18,20],"killed_by":"Gremlin Leader","ascension_level":20}