{"gold_per_floor":[119,194,207,207,207,242,19,19,19,53,64,64],"floor_reached":12,"playtime":197,"items_purged":[],"score":150,"play_id":"10db8289-8aad-4c24-bbbb-662e6284eb7f","local_time":"20190216143635","is_ascension_mode":true,"campfire_choices":[{"data":"Consume","floor":8,"key":"SMITH"}],"neow_cost":"NONE","seed_source_timestamp":190072989591800,"circlet_count":0,"master_deck":["Strike_B","Strike_B","Strike_B+1","Strike_B","Defend_B","Defend_B","Defend_B","Zap+1","Dualcast","Consume+1","Tempest","Coolheaded","Loop","Glacier"],"relics":["Cracked Core","NeowsBlessing","Cables","PreservedInsect","Kunai"],"potions_floor_usage":[12],"damage_taken":[{"damage":0,"enemies":"2 Louse","floor":1,"turns":1},{"damage":0,"enemies":"Small Slimes","floor":3,"turns":1},{"damage":0,"enemies":"3 Sentries","floor":6,"turns":1},{"damage":16,"enemies":"Gremlin Nob","floor":10,"turns":3},{"damage":6,"enemies":"Cultist","floor":11,"turns":3},{"damage":22,"enemies":"Gremlin Gang","floor":12,"turns":2}],"seed_played":"-4365854916434667080","potions_obtained":[{"floor":3,"key":"Dexterity Potion"},{"floor":11,"key":"EssenceOfSteel"}],"is_trial":false,"path_per_floor":["M","?","M","?","?","E","$","R","T","E","M","M"],"character_chosen":"DEFECT","items_purchased":["Loop","PreservedInsect"],"campfire_rested":0,"item_purchase_floors":[7,7],"current_hp_per_floor":[68,57,57,42,42,42,42,42,42,26,20,0],"gold":64,"neow_bonus":"THREE_ENEMY_KILL","is_prod":false,"is_daily":false,"chose_seed":false,"campfire_upgraded":1,"win_rate":0,"timestamp":1550295395,"path_taken":["M","?","M","?","?","E","$","R","T","E","?","M"],"build_version":"2019-01-23","purchased_purges":0,"victory":false,"max_hp_per_floor":[75,75,75,75,75,75,75,75,75,75,75,75],"card_choices":[{"not_picked":["Hologram","Leap","Steam"],"picked":"SKIP","floor":1},{"not_picked":["Blizzard","Sweeping Beam"],"picked":"Consume","floor":3},{"not_picked":["Hello World","Core Surge"],"picked":"Coolheaded","floor":6},{"not_picked":["Storm","Seek"],"picked":"Glacier","floor":10},{"not_picked":["Steam","Hello World","Compile Driver"],"picked":"SKIP","floor":11}],"player_experience":76978,"relics_obtained":[{"floor":6,"key":"Cables"},{"floor":9,"key":"Kunai"}],"event_choices":[{"damage_healed":0,"gold_gain":75,"player_choice":"Gather Gold","damage_taken":11,"max_hp_gain":0,"max_hp_loss":0,"event_name":"World of Goop","floor":2,"gold_loss":0},{"damage_healed":0,"gold_gain":0,"player_choice":"Entered Light","damage_taken":15,"max_hp_gain":0,"max_hp_loss":0,"event_name":"Shining Light","floor":4,"gold_loss":0,"cards_upgraded":["Strike_B","Zap"]},{"damage_healed":0,"gold_gain":0,"cards_transformed":["Defend_B"],"player_choice":"Transformed","damage_taken":0,"max_hp_gain":0,"max_hp_loss":0,"event_name":"Transmorgrifier","floor":5,"gold_loss":0,"cards_obtained":["Tempest"]}],"is_beta":false,"boss_relics":[],"items_purged_floors":[],"is_endless":false,"potions_floor_spawned":[3,11],"killed_by":"Gremlin Gang","ascension_level":7}