{"path_per_floor":["M","M","M","M","?","R","E","M","T","T","$","R","?","E","R","B",null,"M","$","$","?","?","E","R","?","T","R","?","E","M","E","R","B",null,"M","?","?","M","$","R","$"],"character_chosen":"DEFECT","items_purchased":["Lantern","Regen Potion","Reboot"],"gold_per_floor":[111,127,144,157,157,157,189,199,224,249,174,174,174,206,206,305,305,318,67,67,67,67,93,93,93,93,93,93,125,137,167,167,272,272,290,290,336,356,181,181,27,27],"floor_reached":42,"campfire_rested":0,"playtime":2488,"current_hp_per_floor":[75,74,58,58,46,46,23,23,23,23,23,23,23,10,10,10,75,75,75,75,75,75,75,75,75,75,75,75,75,72,59,59,73,75,75,75,58,49,49,49,49,0],"items_purged":["Strike_B","Strike_B","Zap"],"gold":27,"score":642,"play_id":"7c3dd513-c97a-4e47-8e98-a30a8204ee63","local_time":"20180503220837","is_prod":false,"is_daily":false,"chose_seed":false,"is_ascension_mode":true,"campfire_upgraded":7,"timestamp":1525356517,"path_taken":["M","M","M","M","?","R","E","M","T","?","$","R","?","E","R","BOSS","M","?","$","?","?","E","R","?","T","R","?","E","M","E","R","BOSS","M","?","?","M","?","R","$","E"],"build_version":"2018-05-02","seed_source_timestamp":561765607991068,"purchased_purges":3,"victory":false,"master_deck":["Strike_B+1","Strike_B+1","Defend_B","Defend_B","Dualcast+1","Darkness+1","Glacier","Doom and Gloom+1","Capacitor+1","Impulse+1","Go for the Eyes","Multi-Cast+1","Glacier","Blizzard+1","Self Repair+1","Conserve Battery","Reboot"],"max_hp_per_floor":[75,75,75,75,75,75,75,75,75,75,75,75,75,75,75,75,75,75,75,75,75,75,75,75,75,75,75,75,75,75,75,75,75,75,75,75,75,75,75,75,75,75],"relics":["Cracked Core","Dodecahedron","DataDisk","Juzu Bracelet","Omamori","Orichalcum","Cursed Key","Lantern","Pantograph","Toolbox","Pen Nib","Whetstone","Runic Pyramid","Gambling Chip"],"card_choices":[{"not_picked":["Reprogram","Beam Cell"],"picked":"Darkness","floor":1},{"not_picked":["Go for the Eyes","Double Energy"],"picked":"Glacier","floor":3},{"not_picked":["Stack","White Noise"],"picked":"Doom and Gloom","floor":4},{"not_picked":["Turbo","Barrage"],"picked":"Capacitor","floor":7},{"not_picked":["Streamline","Skim"],"picked":"Impulse","floor":8},{"not_picked":["Fission","Nova"],"picked":"Multi-Cast","floor":16},{"not_picked":["Go for the Eyes","FTL"],"picked":"Glacier","floor":18},{"not_picked":["Melter","Beam Cell"],"picked":"Blizzard","floor":23},{"not_picked":["Consume","Beam Cell"],"picked":"Self Repair","floor":31},{"not_picked":["Tempest","Genetic Algorithm"],"picked":"Conserve Battery","floor":37}],"player_experience":337813,"potions_floor_usage":[4,14,16,23,23,23,37,38,42],"damage_taken":[{"damage":0,"enemies":"2 Louse","floor":1,"turns":1},{"damage":1,"enemies":"Cultist","floor":2,"turns":4},{"damage":16,"enemies":"Jaw Worm","floor":3,"turns":4},{"damage":0,"enemies":"Lots of Slimes","floor":4,"turns":4},{"damage":23,"enemies":"Lagavulin","floor":7,"turns":5},{"damage":0,"enemies":"2 Fungi Beasts","floor":8,"turns":3},{"damage":13,"enemies":"Gremlin Nob","floor":14,"turns":5},{"damage":0,"enemies":"Slime Boss","floor":16,"turns":5},{"damage":0,"enemies":"Spheric Guardian","floor":18,"turns":3},{"damage":0,"enemies":"Gremlin Leader","floor":23,"turns":7},{"damage":0,"enemies":"Book of Stabbing","floor":29,"turns":4},{"damage":3,"enemies":"Shell Parasite","floor":30,"turns":5},{"damage":13,"enemies":"Slavers","floor":31,"turns":4},{"damage":12,"enemies":"Automaton","floor":33,"turns":8},{"damage":3,"enemies":"Orb Walker","floor":35,"turns":5},{"damage":28,"enemies":"Mysterious Sphere","floor":37,"turns":5},{"damage":16,"enemies":"Flame Bruiser 1 Orb","floor":38,"turns":4},{"damage":66,"enemies":"2 Orb Walkers","floor":42,"turns":4}],"event_choices":[{"event_name":"Scrap Ooze","player_choice":"success","floor":5,"damage_taken":12},{"event_name":"Transmorgrifier","player_choice":"Transform","floor":13,"damage_taken":0},{"event_name":"Vampires","player_choice":"Ignored","floor":21,"damage_taken":0},{"event_name":"The Lab","player_choice":"Got Potions","floor":22,"damage_taken":0},{"event_name":"Drug Dealer","player_choice":"Ignored","floor":25,"damage_taken":0},{"event_name":"The Woman in Blue","player_choice":"Bought 0 Potions","floor":28,"damage_taken":0},{"event_name":"Bonfire Elementals","player_choice":"BASIC","floor":36,"damage_taken":0},{"event_name":"Mysterious Sphere","player_choice":"Fight","floor":37,"damage_taken":0}],"boss_relics":[{"not_picked":["Sozu","Tiny House"],"picked":"Cursed Key"},{"not_picked":["Inserter","Snecko Eye"],"picked":"Runic Pyramid"}],"potions_floor_spawned":[1,2,8,14,31,35],"seed_played":"-1730469337621310278","killed_by":"2 Orb Walkers","ascension_level":3,"is_trial":false}