{"gold_per_floor":[114,134,409,15,32,32,59,76,100,117,146,146,158,173,173,247,247,260,52,52,72,72,72,90,110,140,140,154,154,154,189,189,260,260,277,289,289,308,308],"floor_reached":39,"playtime":1307,"items_purged":["Regret"],"score":880,"play_id":"cbb1301e-78f7-47c6-a524-409b0538e803","local_time":"20190425132100","is_ascension_mode":true,"campfire_choices":[{"data":"Zap","floor":6,"key":"SMITH"},{"data":"Loop","floor":12,"key":"SMITH"},{"floor":15,"key":"REST"},{"data":"Recycle","floor":23,"key":"SMITH"},{"floor":29,"key":"REST"},{"data":"Biased Cognition","floor":32,"key":"SMITH"}],"neow_cost":"NONE","seed_source_timestamp":263867141068300,"circlet_count":0,"master_deck":["AscendersBane","Strike_B","Defend_B+1","Defend_B","Defend_B","Defend_B","Zap+1","Dualcast","Ball Lightning","Gash","Double Energy+1","Glacier","Biased Cognition+1","Loop+1","Coolheaded","White Noise","Rainbow","Recycle+1","Genetic Algorithm","Tempest","Thunder Strike","Storm","Self Repair","Hologram","Chill+1","Core Surge","Double Energy+1"],"relics":["Cracked Core","NeowsBlessing","Ice Cream","Happy Flower","War Paint","Bag of Marbles","Runic Dome","Art of War","Tiny Chest","Toxic Egg 2","Nuclear Battery"],"potions_floor_usage":[11,16,33],"damage_taken":[{"damage":0,"enemies":"Cultist","floor":1,"turns":1},{"damage":0,"enemies":"Jaw Worm","floor":2,"turns":1},{"damage":0,"enemies":"Small Slimes","floor":5,"turns":1},{"damage":25,"enemies":"3 Sentries","floor":7,"turns":7},{"damage":1,"enemies":"2 Fungi Beasts","floor":8,"turns":3},{"damage":19,"enemies":"Exordium Thugs","floor":10,"turns":5},{"damage":0,"enemies":"Lagavulin","floor":11,"turns":7},{"damage":0,"enemies":"Lots of Slimes","floor":13,"turns":3},{"damage":0,"enemies":"Blue Slaver","floor":14,"turns":2},{"damage":12,"enemies":"Slime Boss","floor":16,"turns":12},{"damage":9,"enemies":"3 Byrds","floor":18,"turns":5},{"damage":0,"enemies":"Spheric Guardian","floor":21,"turns":5},{"damage":22,"enemies":"Snake Plant","floor":24,"turns":4},{"damage":1,"enemies":"Sentry and Sphere","floor":25,"turns":7},{"damage":14,"enemies":"Snecko","floor":28,"turns":4},{"damage":24,"enemies":"Book of Stabbing","floor":31,"turns":4},{"damage":10,"enemies":"Champ","floor":33,"turns":7},{"damage":29,"enemies":"3 Darklings","floor":35,"turns":3},{"damage":10,"enemies":"3 Shapes","floor":36,"turns":5},{"damage":26,"enemies":"Jaw Worm Horde","floor":38,"turns":5},{"damage":39,"enemies":"Spire Growth","floor":39,"turns":4}],"seed_played":"6654437494649796903","potions_obtained":[{"floor":2,"key":"Energy Potion"},{"floor":5,"key":"FearPotion"},{"floor":13,"key":"Weak Potion"},{"floor":21,"key":"Ancient Potion"}],"is_trial":false,"path_per_floor":["M","M","?","$","M","R","E","M","T","M","E","R","M","M","R","B",null,"M","$","?","M","?","R","M","M","T","$","M","R","$","E","R","B",null,"M","M","?","M","M"],"character_chosen":"DEFECT","items_purchased":["Ice Cream","Recycle","Art of War"],"campfire_rested":2,"item_purchase_floors":[4,19,19],"current_hp_per_floor":[64,64,64,64,64,64,39,38,38,19,19,19,19,19,40,28,60,51,51,51,51,51,51,29,35,35,35,28,49,49,32,32,29,61,39,36,36,17,0],"gold":308,"neow_bonus":"THREE_ENEMY_KILL","is_prod":false,"is_daily":false,"chose_seed":false,"campfire_upgraded":4,"win_rate":0,"timestamp":1556166060,"path_taken":["M","?","?","?","M","R","E","?","T","M","E","R","M","M","R","BOSS","M","$","?","?","?","R","M","M","T","?","?","R","$","E","R","BOSS","M","M","?","?","M"],"build_version":"2019-01-23","purchased_purges":1,"victory":false,"max_hp_per_floor":[71,71,71,71,71,71,71,71,71,71,71,71,71,71,71,71,71,71,71,71,71,71,71,71,71,71,71,71,71,71,71,71,71,71,71,71,71,71,71],"card_choices":[{"not_picked":["Steam","Rebound"],"picked":"Ball Lightning","floor":1},{"not_picked":["Sweeping Beam","Rebound"],"picked":"Gash","floor":2},{"not_picked":["Rebound","Compile Driver","Sweeping Beam"],"picked":"SKIP","floor":5},{"not_picked":["Rebound","Compile Driver","Sweeping Beam"],"picked":"SKIP","floor":5},{"not_picked":["Rebound","Compile Driver","Sweeping Beam"],"picked":"SKIP","floor":5},{"not_picked":["Beam Cell","Loop"],"picked":"Double Energy","floor":7},{"not_picked":["Beam Cell","Rebound"],"picked":"Glacier","floor":8},{"not_picked":["BootSequence","Loop"],"picked":"Biased Cognition","floor":10},{"not_picked":["Darkness","Redo"],"picked":"Loop","floor":11},{"not_picked":["Compile Driver","Cold Snap"],"picked":"Coolheaded","floor":13},{"not_picked":["Storm","Stack"],"picked":"White Noise","floor":14},{"not_picked":["Multi-Cast","Thunder Strike"],"picked":"Rainbow","floor":16},{"not_picked":["Barrage","Stack","Ball Lightning"],"picked":"SKIP","floor":18},{"not_picked":["Barrage","Rebound","Tempest"],"picked":"SKIP","floor":21},{"not_picked":["Barrage","Rebound"],"picked":"Tempest","floor":21},{"not_picked":["Redo+1","Aggregate"],"picked":"Self Repair","floor":24},{"not_picked":["Conserve Battery","Go for the Eyes","Rebound"],"picked":"SKIP","floor":25},{"not_picked":["Skim","Steam"],"picked":"Hologram","floor":28},{"not_picked":["Hyperbeam","Redo"],"picked":"Chill","floor":31},{"not_picked":["Multi-Cast+1","Hyperbeam"],"picked":"Core Surge","floor":33},{"not_picked":["Hologram+1","Cold Snap"],"picked":"Double Energy+1","floor":35},{"not_picked":["Go for the Eyes","Steam+1","Turbo+1"],"picked":"SKIP","floor":36},{"not_picked":["Streamline","Redo+1","Turbo+1"],"picked":"SKIP","floor":38}],"player_experience":3362231,"relics_obtained":[{"floor":7,"key":"Happy Flower"},{"floor":9,"key":"War Paint"},{"floor":11,"key":"Bag of Marbles"},{"floor":26,"key":"Tiny Chest"},{"floor":31,"key":"Toxic Egg 2"}],"event_choices":[{"damage_healed":0,"gold_gain":275,"player_choice":"Desecrate","damage_taken":0,"max_hp_gain":0,"max_hp_loss":0,"event_name":"Golden Shrine","floor":3,"gold_loss":0,"cards_obtained":["Regret"]},{"damage_healed":0,"gold_gain":0,"cards_transformed":["Strike_B"],"player_choice":"Transformed","damage_taken":0,"max_hp_gain":0,"max_hp_loss":0,"event_name":"Transmorgrifier","floor":20,"gold_loss":0,"cards_obtained":["Genetic Algorithm"]},{"damage_healed":0,"gold_gain":0,"cards_transformed":["Strike_B","Strike_B"],"player_choice":"Became Test Subject","damage_taken":0,"max_hp_gain":0,"max_hp_loss":0,"event_name":"Drug Dealer","floor":22,"gold_loss":0,"cards_obtained":["Thunder Strike","Storm"]},{"damage_healed":0,"gold_gain":0,"player_choice":"Ignored","damage_taken":0,"max_hp_gain":0,"max_hp_loss":0,"event_name":"SecretPortal","floor":37,"gold_loss":0}],"is_beta":false,"boss_relics":[{"not_picked":["Snecko Eye","Fusion Hammer"],"picked":"Runic Dome"},{"not_picked":["Lizard Tail","White Beast Statue"],"picked":"Nuclear Battery"}],"items_purged_floors":[4],"is_endless":false,"potions_floor_spawned":[2,5,8,13,21,25,28],"killed_by":"Spire Growth","ascension_level":20}