{"gold_per_floor":[111,130,144,144,144,176,176,195,219,250,261,261,277,49,49,154,154,172,172,72,85,0,0,27,27,27,56,56,66,76,76,76,179,179,192,192,43,43,43,43,72,72,97,97,97,114,114,140,140,140],"floor_reached":51,"playtime":1868,"items_purged":["Defend_R","Defend_R"],"score":809,"play_id":"1b69fe13-fb12-4c58-ac59-a60b1f7ece69","local_time":"20181126213345","is_ascension_mode":true,"campfire_choices":[{"floor":7,"key":"REST"},{"data":"Fire Breathing","floor":15,"key":"SMITH"},{"data":"Inflame","floor":23,"key":"SMITH"},{"data":"Fire Breathing","floor":28,"key":"SMITH"},{"data":"Inflame","floor":32,"key":"SMITH"},{"data":"Limit Break","floor":40,"key":"SMITH"},{"floor":42,"key":"REST"},{"data":"Inflame","floor":44,"key":"SMITH"},{"data":"Limit Break","floor":47,"key":"SMITH"},{"data":"Flex","floor":49,"key":"SMITH"}],"neow_cost":"NONE","seed_source_timestamp":203895452881918,"circlet_count":0,"master_deck":["Strike_R","Strike_R","Strike_R","Strike_R","Strike_R","Defend_R","Defend_R","Bash","Clash","Iron Wave","Clash","Clash","Flex+1","Fire Breathing+1","Inflame+1","Inflame+1","Fire Breathing+1","Inflame+1","Limit Break+1","Clash","Swift Strike","Limit Break+1","Sword Boomerang+1"],"relics":["Burning Blood","Orichalcum","Lantern","Blood Vial","Juzu Bracelet","Vajra","Eternal Feather","Potion Belt","Bronze Scales","Pear","Centennial Puzzle","Lizard Tail","Bag of Marbles","Darkstone Periapt","Champion Belt","Oddly Smooth Stone","PreservedInsect"],"potions_floor_usage":[6,10,18,24,27,29,41,41,48,48],"damage_taken":[{"damage":0,"enemies":"2 Louse","floor":1,"turns":3},{"damage":10,"enemies":"Jaw Worm","floor":2,"turns":4},{"damage":4,"enemies":"Small Slimes","floor":3,"turns":4},{"damage":26,"enemies":"Lagavulin","floor":6,"turns":6},{"damage":0,"enemies":"Exordium Thugs","floor":8,"turns":4},{"damage":7,"enemies":"3 Sentries","floor":10,"turns":6},{"damage":5,"enemies":"Looter","floor":11,"turns":2},{"damage":3,"enemies":"3 Louse","floor":13,"turns":2},{"damage":42,"enemies":"Hexaghost","floor":16,"turns":7},{"damage":4,"enemies":"3 Byrds","floor":18,"turns":3},{"damage":19,"enemies":"2 Thieves","floor":21,"turns":3},{"damage":30,"enemies":"Book of Stabbing","floor":24,"turns":4},{"damage":12,"enemies":"Slavers","floor":27,"turns":5},{"damage":2,"enemies":"Centurion and Healer","floor":29,"turns":2},{"damage":16,"enemies":"Cultist and Chosen","floor":30,"turns":5},{"damage":69,"enemies":"Automaton","floor":33,"turns":8},{"damage":37,"enemies":"3 Darklings","floor":35,"turns":5},{"damage":32,"enemies":"Giant Head","floor":41,"turns":6},{"damage":8,"enemies":"Orb Walker","floor":46,"turns":3},{"damage":28,"enemies":"Reptomancer","floor":48,"turns":4},{"damage":80,"enemies":"Donu and Deca","floor":50,"turns":6}],"seed_played":"6814028804717003618","potions_obtained":[{"floor":0,"key":"Swift Potion"},{"floor":0,"key":"BloodPotion"},{"floor":0,"key":"Weak Potion"},{"floor":1,"key":"Explosive Potion"},{"floor":10,"key":"LiquidBronze"},{"floor":16,"key":"Fire Potion"},{"floor":27,"key":"AttackPotion"},{"floor":29,"key":"SpeedPotion"},{"floor":33,"key":"Strength Potion"},{"floor":35,"key":"SkillPotion"},{"floor":46,"key":"Energy Potion"}],"is_trial":false,"path_per_floor":["M","M","M","?","?","E","R","M","T","E","M","?","M","$","R","B",null,"M","?","$","M","?","R","E","$","T","E","R","M","M","?","R","B",null,"M","?","$","T","?","R","E","R","T","R","?","M","R","E","R","B",null],"character_chosen":"IRONCLAD","items_purchased":["Vajra","Bag of Marbles"],"campfire_rested":2,"item_purchase_floors":[14,37],"current_hp_per_floor":[80,76,78,66,66,46,70,76,76,77,80,80,80,80,80,44,80,80,80,80,67,67,76,62,62,72,68,77,83,75,75,84,23,90,59,59,59,59,59,71,47,86,86,90,90,88,90,68,80,8],"gold":140,"neow_bonus":"THREE_SMALL_POTIONS","is_prod":false,"is_daily":false,"chose_seed":false,"campfire_upgraded":8,"win_rate":0,"timestamp":1543260825,"path_taken":["M","M","M","?","?","E","R","M","T","E","M","?","M","$","R","BOSS","M","?","$","M","?","R","E","$","T","E","R","M","M","?","R","BOSS","M","?","$","?","?","R","E","R","T","R","?","M","R","E","R","BOSS"],"build_version":"2018-11-15","purchased_purges":2,"victory":true,"max_hp_per_floor":[80,80,80,80,80,80,80,80,80,80,80,80,80,80,80,80,80,80,80,80,80,80,80,80,80,90,90,90,90,90,90,90,90,90,90,90,90,90,90,90,90,90,90,90,90,90,90,90,90,90],"card_choices":[{"not_picked":["Heavy Blade","Body Slam","Cleave"],"picked":"SKIP","floor":1},{"not_picked":["Bludgeon","Spot Weakness"],"picked":"Clash","floor":2},{"not_picked":["Wild Strike","Flex"],"picked":"Iron Wave","floor":3},{"not_picked":["Anger","Thunderclap"],"picked":"Clash","floor":6},{"not_picked":["Power Through","Clothesline"],"picked":"Clash","floor":8},{"not_picked":["Sever Soul","Flame Barrier"],"picked":"Flex","floor":10},{"not_picked":["Uppercut","Carnage"],"picked":"Fire Breathing","floor":11},{"not_picked":["Second Wind","Power Through"],"picked":"Inflame","floor":13},{"not_picked":["Sword Boomerang","Burning Pact","Thunderclap"],"picked":"SKIP","floor":18},{"not_picked":["Havoc","Power Through+1","Headbutt"],"picked":"SKIP","floor":21},{"not_picked":["Havoc","Twin Strike"],"picked":"Fire Breathing","floor":24},{"not_picked":["Carnage+1","Seeing Red","Uppercut"],"picked":"SKIP","floor":27},{"not_picked":["Cleave","Body Slam+1"],"picked":"Inflame","floor":29},{"not_picked":["Feel No Pain+1","True Grit+1","Offering"],"picked":"SKIP","floor":30},{"not_picked":["Immolate","Barricade"],"picked":"Limit Break","floor":33},{"not_picked":["Armaments+1","True Grit","Twin Strike+1"],"picked":"SKIP","floor":35},{"not_picked":["Finesse","Enlightenment"],"picked":"Swift Strike","floor":39},{"not_picked":["Rupture","Armaments","Sword Boomerang+1"],"picked":"SKIP","floor":41},{"not_picked":["Armaments+1","Iron Wave+1"],"picked":"Limit Break","floor":46},{"not_picked":["Shrug It Off","Rupture+1"],"picked":"Sword Boomerang+1","floor":48}],"player_experience":801576,"relics_obtained":[{"floor":6,"key":"Lantern"},{"floor":9,"key":"Blood Vial"},{"floor":10,"key":"Juzu Bracelet"},{"floor":24,"key":"Bronze Scales"},{"floor":26,"key":"Pear"},{"floor":27,"key":"Centennial Puzzle"},{"floor":38,"key":"Darkstone Periapt"},{"floor":41,"key":"Champion Belt"},{"floor":43,"key":"Oddly Smooth Stone"},{"floor":48,"key":"PreservedInsect"}],"event_choices":[{"damage_healed":0,"gold_gain":0,"player_choice":"Success","damage_taken":12,"relics_obtained":["Orichalcum"],"max_hp_gain":0,"max_hp_loss":0,"event_name":"Scrap Ooze","floor":4,"gold_loss":0},{"damage_healed":0,"gold_gain":0,"player_choice":"Ignored","damage_taken":0,"max_hp_gain":0,"max_hp_loss":0,"event_name":"Shining Light","floor":5,"gold_loss":0},{"damage_healed":0,"gold_gain":0,"player_choice":"1 cards matched","damage_taken":0,"max_hp_gain":0,"max_hp_loss":0,"event_name":"Match and Keep!","floor":12,"gold_loss":0,"cards_obtained":["Inflame"]},{"damage_healed":0,"gold_gain":0,"player_choice":"Ignored","damage_taken":0,"max_hp_gain":0,"max_hp_loss":0,"event_name":"Cursed Tome","floor":19,"gold_loss":0},{"damage_healed":0,"gold_gain":0,"player_choice":"Obtained Relic","damage_taken":0,"relics_obtained":["Potion Belt"],"max_hp_gain":0,"max_hp_loss":0,"event_name":"Addict","floor":22,"gold_loss":85},{"damage_healed":0,"gold_gain":0,"player_choice":"Ignored","damage_taken":0,"max_hp_gain":0,"max_hp_loss":0,"event_name":"Ghosts","floor":31,"gold_loss":0},{"damage_healed":0,"gold_gain":0,"player_choice":"Copied","damage_taken":0,"max_hp_gain":0,"max_hp_loss":0,"event_name":"Duplicator","floor":36,"gold_loss":0,"cards_obtained":["Clash"]},{"damage_healed":0,"gold_gain":0,"player_choice":"Memory 1","damage_taken":0,"max_hp_gain":0,"max_hp_loss":0,"event_name":"SensoryStone","floor":39,"gold_loss":0},{"damage_healed":0,"gold_gain":0,"player_choice":"0 cards matched","damage_taken":0,"max_hp_gain":0,"max_hp_loss":0,"event_name":"Match and Keep!","floor":45,"gold_loss":0,"cards_obtained":[]}],"is_beta":false,"boss_relics":[{"not_picked":["Sozu","Busted Crown"],"picked":"Eternal Feather"},{"not_picked":["Black Star","Fusion Hammer"],"picked":"Lizard Tail"}],"items_purged_floors":[14,20],"is_endless":false,"potions_floor_spawned":[1,3,10,16,27,29,33,35,46],"ascension_level":1}