{"path_per_floor":["M","?","M","M","M","E","M","$","T","$","E","M","E","M","R","B",null,"M","?","$","M","?","$","R","E","T","?","E","M","?","M","R","B",null,"M","?","?","M","M","E","M","E","T","T","M","M","E"],"character_chosen":"THE_SILENT","items_purchased":["Apotheosis","Noxious Fumes","Sadistic Nature","Gremlin Horn","Footwork"],"gold_per_floor":[118,193,213,227,246,273,291,24,24,24,50,63,398,416,416,519,519,535,535,75,92,124,52,52,84,138,63,98,108,108,126,126,222,222,237,217,217,233,246,274,288,318,318,318,337,347,372],"floor_reached":48,"campfire_rested":0,"playtime":5339,"current_hp_per_floor":[35,24,23,23,23,16,10,10,10,10,24,23,9,9,9,8,84,84,84,84,79,59,59,59,43,43,43,32,32,16,16,16,15,84,84,84,73,73,64,48,20,20,20,20,18,12,4],"items_purged":["Strike_G"],"gold":372,"score":634,"play_id":"2ddcc2aa-e76f-4134-a290-70110c2fd3ea","is_prod":false,"is_daily":false,"is_ascension_mode":false,"campfire_upgraded":3,"path_taken":["M","?","?","M","M","E","M","?","T","$","E","M","E","M","R","BOSS","M","?","$","M","?","?","R","E","T","?","E","M","?","?","R","BOSS","M","?","?","M","M","E","M","E","T","?","M","M","E","M"],"build_version":"2018-02-15-BETA1","purchased_purges":1,"victory":false,"master_deck":["Defend_G","Defend_G","Defend_G","Defend_G","Strike_G","Strike_G","Strike_G","Survivor","Neutralize","Adrenaline","Dash","Infinite Blades+1","Footwork","Dagger Spray","Apotheosis+1","Blade Dance","Footwork","Dodge and Roll","Envenom","Catalyst","Noxious Fumes+1","Sadistic Nature","Backstab+1","Footwork","Adrenaline+1","Prepared+1","Necronomicurse","Escape Plan+1","Madness+1","Madness+1","Choke+1","Sucker Punch+1","Prepared+1","Predator","Clumsy","Pain","After Image"],"max_hp_per_floor":[70,70,70,70,70,70,70,70,70,70,84,84,84,84,84,84,84,84,84,84,84,84,84,84,84,84,84,84,84,84,84,84,84,84,84,84,84,84,84,84,84,84,84,84,84,84,84],"relics":["Ring of the Snake","Calipers","Lantern","Mango","Old Coin","The Specimen","Gremlin Horn","Red Mask","Toxic Egg 2","Tiny Chest","Bottled Lightning","Necronomicon","Cursed Key","Ancient Tea Set","Happy Flower","Ice Cream","Peace Pipe","Girya"],"card_choices":[{"not_picked":["Corpse Explosion","Unload"],"picked":"Adrenaline"},{"not_picked":["Endless Agony","Flying Knee"],"picked":"Dash"},{"not_picked":["Dodge and Roll","Backstab"],"picked":"Infinite Blades"},{"not_picked":["Poisoned Stab","Dodge and Roll"],"picked":"Footwork"},{"not_picked":["Poisoned Stab","Caltrops"],"picked":"Dagger Spray"},{"not_picked":["Backstab","Die Die Die"],"picked":"Blade Dance"},{"not_picked":["Dagger Spray","Dagger Throw"],"picked":"Footwork"},{"not_picked":["Slice","Outmaneuver"],"picked":"Dodge and Roll"},{"not_picked":["Die Die Die","Adrenaline"],"picked":"Envenom"},{"not_picked":["Footwork","Calculated Gamble"],"picked":"Catalyst"},{"not_picked":["Deflect","Caltrops"],"picked":"Backstab"},{"not_picked":["Dagger Spray","Poisoned Stab"],"picked":"Adrenaline"},{"not_picked":["Slice","Deadly Poison"],"picked":"Prepared"},{"not_picked":["Outmaneuver","Quick Slash"],"picked":"Escape Plan"},{"not_picked":["Footwork","PiercingWail"],"picked":"Choke"},{"not_picked":["Poisoned Stab","Footwork"],"picked":"Sucker Punch"},{"not_picked":["Quick Slash","Backflip"],"picked":"Prepared"},{"not_picked":["Glass Knife","Heel Hook"],"picked":"Predator"},{"not_picked":["Reflex","Dagger Throw"],"picked":"After Image"}],"player_experience":42626,"potions_floor_usage":[6,6,13,16,21,22,28,40,47,47],"damage_taken":[{"damage":0,"enemies":"2 Louse","floor":1,"turns":2},{"damage":1,"enemies":"Jaw Worm","floor":3,"turns":3},{"damage":0,"enemies":"Cultist","floor":4,"turns":4},{"damage":0,"enemies":"Red Slaver","floor":5,"turns":4},{"damage":7,"enemies":"Lagavulin","floor":6,"turns":11},{"damage":6,"enemies":"Large Slime","floor":7,"turns":7},{"damage":0,"enemies":"3 Sentries","floor":11,"turns":9},{"damage":1,"enemies":"Blue Slaver","floor":12,"turns":3},{"damage":14,"enemies":"Lagavulin","floor":13,"turns":9},{"damage":0,"enemies":"2 Fungi Beasts","floor":14,"turns":4},{"damage":1,"enemies":"The Guardian","floor":16,"turns":13},{"damage":0,"enemies":"3 Byrds","floor":18,"turns":4},{"damage":5,"enemies":"Spheric Guardian","floor":21,"turns":5},{"damage":20,"enemies":"Masked Bandits","floor":22,"turns":4},{"damage":16,"enemies":"Book of Stabbing","floor":25,"turns":6},{"damage":11,"enemies":"Slavers","floor":28,"turns":4},{"damage":0,"enemies":"Centurion and Healer","floor":29,"turns":5},{"damage":0,"enemies":"3 Cultists","floor":31,"turns":4},{"damage":1,"enemies":"Champ","floor":33,"turns":8},{"damage":0,"enemies":"Flame Bruiser 1 Orb","floor":35,"turns":4},{"damage":0,"enemies":"3 Darklings","floor":38,"turns":5},{"damage":9,"enemies":"Sphere and 2 Shapes","floor":39,"turns":6},{"damage":16,"enemies":"2 Orb Walkers","floor":40,"turns":4},{"damage":28,"enemies":"Maw","floor":41,"turns":6},{"damage":0,"enemies":"Giant Head","floor":42,"turns":7},{"damage":2,"enemies":"Spire Growth","floor":45,"turns":4},{"damage":6,"enemies":"Flame Bruiser 2 Orb","floor":46,"turns":4},{"damage":8,"enemies":"Nemesis","floor":47,"turns":5},{"damage":4,"enemies":"Maw","floor":48,"turns":5}],"event_choices":[{"event_name":"World of Goop","player_choice":"Gather Gold","floor":2,"damage_taken":0},{"event_name":"Back to Basics","player_choice":"Elegance","floor":19,"damage_taken":0},{"event_name":"Masked Bandits","player_choice":"Fought over 92 gold","floor":22,"damage_taken":0},{"event_name":"Beggar","player_choice":"Gave Gold","floor":27,"damage_taken":0},{"event_name":"Cursed Tome","player_choice":"Obtained Book","floor":30,"damage_taken":0},{"event_name":"The Woman in Blue","player_choice":"Bought 1 Potion","floor":36,"damage_taken":0},{"event_name":"Winding Halls","player_choice":"Embrace Madness","floor":37,"damage_taken":0}],"boss_relics":[{"not_picked":["Orrery","Astrolabe"],"picked":"The Specimen"},{"not_picked":["Black Star","Calling Bell"],"picked":"Cursed Key"}],"potions_floor_spawned":[1,3,12,13,14,16,18,25,31,35,41,46,47],"seed_played":"7958626644854247408","killed_by":"Maw","ascension_level":0,"is_trial":false}