{"path_per_floor":["M","?","M","M","M","R","E","M","T","$","R","M","M","M","R","B",null,"M","M","M","M","?","R","E","R","T","M","$","M","M","?","R","B",null,"M","M","M","M","$","R"],"character_chosen":"IRONCLAD","items_purchased":["Jack Of All Trades","Torii","Inflame","Meat on the Bone"],"gold_per_floor":[14,14,35,51,69,69,110,125,149,44,44,67,88,112,112,236,236,255,275,290,314,314,314,354,354,377,390,49,74,87,87,87,217,217,233,257,276,290,38,38],"floor_reached":41,"campfire_rested":4,"playtime":5596,"current_hp_per_floor":[80,80,83,85,86,86,90,90,90,90,90,94,92,98,98,67,102,80,88,80,79,79,114,97,118,118,107,107,92,97,97,118,79,118,101,100,74,39,39,74],"items_purged":[],"gold":38,"play_id":"e94e433e-b415-490a-afde-65eef53d395d","is_prod":false,"is_daily":false,"is_ascension_mode":false,"campfire_upgraded":3,"path_taken":["M","?","M","M","M","R","E","M","T","$","R","M","M","M","R","BOSS","M","M","M","M","?","R","E","R","T","M","$","M","M","?","R","BOSS","M","M","M","M","$","R","E"],"build_version":"2018-02-01-PROD3","purchased_purges":0,"victory":false,"master_deck":["Strike_R+1","Strike_R+1","Strike_R+1","Strike_R+1","Strike_R+1","Defend_R+1","Defend_R+1","Defend_R+1","Defend_R+1","Bash","Feed+1","Uppercut","Injury","Twin Strike","Flame Barrier","Inflame","Anger","Spot Weakness+1","Jack Of All Trades+1","Warcry","Perfected Strike","Clothesline","Double Tap","Pommel Strike","Whirlwind","Armaments+1","Shrug It Off","Heavy Blade","Seeing Red","Inflame","Dropkick+1","Rampage","Immolate","Thunderclap","Cleave+1","Spot Weakness","Heavy Blade+1"],"max_hp_per_floor":[83,83,83,86,86,86,90,90,90,90,90,94,94,98,98,102,102,106,110,114,118,118,118,118,118,118,118,118,118,118,118,118,118,118,118,118,118,118,118,118],"relics":["Burning Blood","Golden Idol","Blue Candle","Bronze Scales","Sozu","Pen Nib","Lantern","Torii","Velvet Choker","Meat on the Bone"],"card_choices":[{"not_picked":["Barricade","Bludgeon"],"picked":"Feed"},{"not_picked":["Rupture","Sentinel"],"picked":"Uppercut"},{"not_picked":["Body Slam","Offering"],"picked":"Twin Strike"},{"not_picked":["Twin Strike","Armaments"],"picked":"Flame Barrier"},{"not_picked":["Clash","Reckless Charge"],"picked":"Inflame"},{"not_picked":["Warcry","Disarm"],"picked":"Anger"},{"not_picked":["Flex","Pommel Strike"],"picked":"Spot Weakness"},{"not_picked":["Heavy Blade","Berserk"],"picked":"Warcry"},{"not_picked":["Seeing Red","Iron Wave"],"picked":"Perfected Strike"},{"not_picked":["Body Slam","Twin Strike"],"picked":"Clothesline"},{"not_picked":["Juggernaut","Bludgeon"],"picked":"Double Tap"},{"not_picked":["Clothesline","Spot Weakness"],"picked":"Pommel Strike"},{"not_picked":["Rage","Anger"],"picked":"Whirlwind"},{"not_picked":["Combust","Bloodletting"],"picked":"Armaments"},{"not_picked":["Reckless Charge","Sentinel"],"picked":"Shrug It Off"},{"not_picked":["Spot Weakness","Blood for Blood"],"picked":"Heavy Blade"},{"not_picked":["Clash","Disarm"],"picked":"Seeing Red"},{"not_picked":["Power Through","Warcry"],"picked":"Dropkick"},{"not_picked":["Warcry","Combust"],"picked":"Rampage"},{"not_picked":["Juggernaut","Offering"],"picked":"Immolate"},{"not_picked":["Heavy Blade","Shrug It Off"],"picked":"Thunderclap"},{"not_picked":["Warcry","Sever Soul"],"picked":"Cleave"},{"not_picked":["Disarm","Dual Wield"],"picked":"Spot Weakness"},{"not_picked":["Sword Boomerang","Reckless Charge"],"picked":"Heavy Blade"}],"player_experience":87978,"potions_floor_usage":[5,7,12,12],"damage_taken":[{"damage":9,"enemies":"Small Slimes","floor":1,"turns":4},{"damage":1,"enemies":"Cultist","floor":3,"turns":3},{"damage":7,"enemies":"2 Louse","floor":4,"turns":2},{"damage":3,"enemies":"Looter","floor":5,"turns":4},{"damage":5,"enemies":"3 Sentries","floor":7,"turns":7},{"damage":5,"enemies":"2 Fungi Beasts","floor":8,"turns":3},{"damage":5,"enemies":"Exordium Thugs","floor":12,"turns":3},{"damage":8,"enemies":"3 Louse","floor":13,"turns":2},{"damage":0,"enemies":"Large Slime","floor":14,"turns":5},{"damage":41,"enemies":"The Guardian","floor":16,"turns":8},{"damage":32,"enemies":"2 Thieves","floor":18,"turns":4},{"damage":2,"enemies":"3 Byrds","floor":19,"turns":4},{"damage":18,"enemies":"Cultist and Chosen","floor":20,"turns":5},{"damage":11,"enemies":"Snake Plant","floor":21,"turns":3},{"damage":23,"enemies":"Gremlin Leader","floor":24,"turns":4},{"damage":17,"enemies":"Snecko","floor":27,"turns":5},{"damage":21,"enemies":"Sentry and Sphere","floor":29,"turns":4},{"damage":1,"enemies":"Centurion and Healer","floor":30,"turns":3},{"damage":45,"enemies":"Champ","floor":33,"turns":9},{"damage":23,"enemies":"3 Shapes","floor":35,"turns":2},{"damage":7,"enemies":"3 Darklings","floor":36,"turns":4},{"damage":36,"enemies":"Maw","floor":37,"turns":9},{"damage":41,"enemies":"Sphere and 2 Shapes","floor":38,"turns":3},{"damage":76,"enemies":"Giant Head","floor":41,"turns":7}],"event_choices":[{"event_name":"Golden Idol","player_choice":"Take Wound","floor":2,"damage_taken":0},{"event_name":"Back to Basics","player_choice":"Simplicity","floor":22,"damage_taken":0},{"event_name":"Vampires","player_choice":"Ignored","floor":31,"damage_taken":0}],"boss_relics":[{"not_picked":["Eternal Feather","Calling Bell"],"picked":"Sozu"},{"not_picked":["White Beast Statue","Black Star"],"picked":"Velvet Choker"}],"potions_floor_spawned":[1,3,4,8,20,24,29,33,35,38],"seed_played":"-2449110731953150270","killed_by":"Giant Head","ascension_level":0,"is_trial":false}