{"path_per_floor":["M","?","$","M","M","E","R","M","T","M","R","M","E","M","R","B",null,"M","?","$","M","?","R","M","$","T","$","M","?","M","M","R","B",null,"M","$","M","$","?","R","E","R","T","R","E","?","T","?","R","B"],"character_chosen":"DEFECT","items_purchased":["Static Discharge","Ice Cream","BootSequence","Hello World","Defragment","DataDisk","Redo"],"gold_per_floor":[111,111,77,97,111,143,143,160,160,177,177,196,221,238,238,333,333,353,353,10,27,177,177,191,120,120,120,135,135,152,169,169,272,272,287,210,221,17,17,17,50,50,50,50,84,84,152,152,152,152],"floor_reached":51,"campfire_rested":5,"playtime":3018,"item_purchase_floors":[3,20,20,25,36,38,38],"current_hp_per_floor":[75,60,60,59,59,29,54,43,43,39,64,64,53,41,66,39,85,66,50,50,50,50,77,65,65,65,65,60,90,78,70,90,49,90,87,87,87,87,87,87,90,90,90,90,90,79,79,79,79,13],"items_purged":[],"gold":152,"score":1118,"play_id":"131c1a76-9491-4c6c-8cd3-93bc659d8bbb","local_time":"20180609161720","is_prod":false,"is_daily":false,"chose_seed":false,"is_ascension_mode":true,"campfire_upgraded":4,"win_rate":0,"timestamp":1528550240,"campfire_choices":[{"floor":7,"key":"REST"},{"floor":11,"key":"REST"},{"floor":15,"key":"REST"},{"floor":23,"key":"REST"},{"floor":32,"key":"REST"},{"data":"Amplify","floor":40,"key":"SMITH"},{"data":"Defragment","floor":42,"key":"SMITH"},{"data":"Storm","floor":44,"key":"SMITH"},{"data":"Storm","floor":49,"key":"SMITH"}],"path_taken":["M","?","$","M","?","E","R","M","T","?","R","M","E","M","R","BOSS","M","?","$","M","?","R","M","$","T","?","M","?","?","M","R","BOSS","M","?","M","$","?","R","E","R","T","R","E","?","?","?","R","BOSS"],"build_version":"2018-06-07v3","seed_source_timestamp":59548156267361,"purchased_purges":0,"victory":true,"master_deck":["Strike_B","Strike_B","Strike_B","Defend_B","Defend_B","Defend_B","Defend_B","Zap","Dualcast","Core Surge+1","Redo","Static Discharge","Capacitor","Gash+1","Cold Snap+1","Glacier","Loop","Conserve Battery","Storm+1","Amplify+1","Compile Driver+1","BootSequence","Glacier","Hello World","Storm+1","Biased Cognition","Hologram+1","Buffer","Conserve Battery+1","Defragment+1","Self Repair+1","Redo","Chaos","Conserve Battery+1"],"max_hp_per_floor":[75,85,85,85,85,85,85,85,85,85,85,85,85,85,85,85,85,85,90,90,90,90,90,90,90,90,90,90,90,90,90,90,90,90,90,90,90,90,90,90,90,90,90,90,90,90,90,90,90,90],"relics":["Cracked Core","Pear","Molten Egg 2","Symbiotic Virus","Happy Flower","Nuclear Battery","Ice Cream","Vajra","Sozu","DataDisk","Mercury Hourglass","Bag of Preparation","Matryoshka","Juzu Bracelet","Torii","Whetstone","Toolbox"],"card_choices":[{"not_picked":["Undo","Hologram"],"picked":"Redo","floor":1},{"not_picked":["Rebound","Hologram","Coolheaded"],"picked":"SKIP","floor":4},{"not_picked":["Beam Cell","Compile Driver"],"picked":"Capacitor","floor":5},{"not_picked":["Leap","Chill"],"picked":"Gash","floor":6},{"not_picked":["Reinforced Body","Rebound+1"],"picked":"Cold Snap+1","floor":8},{"not_picked":["Chaos","Conserve Battery"],"picked":"Glacier","floor":10},{"not_picked":["Sunder+1","Streamline+1"],"picked":"Loop","floor":12},{"not_picked":["Hyperbeam+1","Stack"],"picked":"Conserve Battery","floor":13},{"not_picked":["Leap","Rip and Tear+1"],"picked":"Storm","floor":14},{"not_picked":["Meteor Strike+1","All For One+1"],"picked":"Amplify","floor":16},{"not_picked":["Cold Snap+1","Go for the Eyes+1"],"picked":"Compile Driver+1","floor":18},{"not_picked":["Sunder+1","Leap+1","Compile Driver+1"],"picked":"SKIP","floor":21},{"not_picked":["Reinforced Body","Beam Cell+1"],"picked":"Glacier","floor":24},{"not_picked":["Rip and Tear+1","Rebound+1"],"picked":"Storm","floor":28},{"not_picked":["Barrage+1","Steam+1"],"picked":"Biased Cognition","floor":30},{"not_picked":["Scrape+1","Rebound+1"],"picked":"Hologram+1","floor":31},{"not_picked":["All For One+1","Fission"],"picked":"Buffer","floor":33},{"not_picked":["Barrage+1","Doom and Gloom+1"],"picked":"Conserve Battery+1","floor":35},{"not_picked":["Stack+1","Sweeping Beam+1"],"picked":"Self Repair+1","floor":37},{"not_picked":["Compile Driver+1","Ball Lightning+1"],"picked":"Chaos","floor":41},{"not_picked":["Fission","Go for the Eyes+1"],"picked":"Conserve Battery+1","floor":45}],"player_experience":498797,"potions_floor_usage":[6,16,16,28,30,35],"damage_taken":[{"damage":0,"enemies":"2 Louse","floor":1,"turns":1},{"damage":1,"enemies":"Cultist","floor":4,"turns":3},{"damage":0,"enemies":"Small Slimes","floor":5,"turns":2},{"damage":30,"enemies":"Lagavulin","floor":6,"turns":7},{"damage":11,"enemies":"Blue Slaver","floor":8,"turns":3},{"damage":4,"enemies":"Looter","floor":10,"turns":2},{"damage":0,"enemies":"2 Fungi Beasts","floor":12,"turns":3},{"damage":11,"enemies":"3 Sentries","floor":13,"turns":7},{"damage":12,"enemies":"Large Slime","floor":14,"turns":4},{"damage":27,"enemies":"Hexaghost","floor":16,"turns":8},{"damage":19,"enemies":"2 Thieves","floor":18,"turns":4},{"damage":0,"enemies":"Chosen","floor":21,"turns":3},{"damage":12,"enemies":"Snake Plant","floor":24,"turns":2},{"damage":5,"enemies":"Cultist and Chosen","floor":28,"turns":6},{"damage":12,"enemies":"Centurion and Healer","floor":30,"turns":6},{"damage":8,"enemies":"Sentry and Sphere","floor":31,"turns":3},{"damage":41,"enemies":"Collector","floor":33,"turns":8},{"damage":3,"enemies":"3 Darklings","floor":35,"turns":5},{"damage":0,"enemies":"3 Shapes","floor":37,"turns":4},{"damage":3,"enemies":"Giant Head","floor":41,"turns":6},{"damage":0,"enemies":"Nemesis","floor":45,"turns":3},{"damage":11,"floor":46,"turns":5},{"damage":76,"enemies":"Awakened One","floor":50,"turns":9}],"relics_obtained":[{"floor":6,"key":"Molten Egg 2"},{"floor":9,"key":"Symbiotic Virus"},{"floor":13,"key":"Happy Flower"},{"floor":26,"key":"Vajra"},{"floor":41,"key":"Bag of Preparation"},{"floor":43,"key":"Matryoshka"},{"floor":45,"key":"Juzu Bracelet"},{"floor":46,"key":"Torii"},{"floor":47,"key":"Whetstone"},{"floor":47,"key":"Toolbox"}],"event_choices":[{"event_name":"Scrap Ooze","player_choice":"success","floor":2,"damage_taken":25},{"event_name":"Forgotten Altar","player_choice":"Shed Blood","floor":19,"damage_taken":0},{"event_name":"Nest","player_choice":"Stole From Cult","floor":22,"damage_taken":0},{"event_name":"The Library","player_choice":"Heal","floor":29,"damage_taken":0},{"event_name":"Wheel of Change","player_choice":"Relic","floor":39,"damage_taken":0},{"event_name":"MindBloom","player_choice":"Fight","floor":46,"damage_taken":0},{"event_name":"Bonfire Elementals","player_choice":"BASIC","floor":48,"damage_taken":0}],"boss_relics":[{"not_picked":["Cursed Key","Lizard Tail"],"picked":"Nuclear Battery"},{"not_picked":["Tiny House","Astrolabe"],"picked":"Sozu"}],"items_purged_floors":[],"potions_floor_spawned":[5,8,12,14,16,18,24,31,41,46],"seed_played":"8710137232393610772","ascension_level":4,"potions_obtained":[{"floor":5,"key":"Weak Potion"},{"floor":8,"key":"Strength Potion"},{"floor":12,"key":"Ancient Potion"},{"floor":14,"key":"FearPotion"},{"floor":16,"key":"FairyPotion"},{"floor":18,"key":"FocusPotion"},{"floor":31,"key":"GamblersBrew"}],"is_trial":false}