{"gold_per_floor":[110,8,8,8,32,32,32,32,58,58,101,176,176],"floor_reached":13,"playtime":265,"items_purged":[],"score":158,"play_id":"0b3fbbe5-77f4-438f-8c02-2b6845b7818d","local_time":"20190421192032","is_ascension_mode":true,"campfire_choices":[{"data":"Discovery","floor":6,"key":"SMITH"},{"floor":8,"key":"REST"},{"data":"Zap","floor":10,"key":"SMITH"}],"neow_cost":"NONE","seed_source_timestamp":487590477391100,"circlet_count":0,"master_deck":["AscendersBane","Strike_B","Strike_B","Strike_B","Strike_B","Defend_B","Defend_B","Defend_B+1","Defend_B+1","Zap+1","Dualcast","Discovery+1","Cold Snap"],"relics":["Black Star","Golden Idol","Pen Nib","Ancient Tea Set","War Paint"],"potions_floor_usage":[],"damage_taken":[{"damage":14,"enemies":"Jaw Worm","floor":1,"turns":6},{"damage":9,"enemies":"2 Louse","floor":5,"turns":4},{"damage":45,"enemies":"Lagavulin","floor":11,"turns":9},{"damage":0,"enemies":"3 Sentries","floor":13,"turns":1}],"seed_played":"-2231387895058147944","potions_obtained":[{"floor":11,"key":"Strength Potion"}],"is_trial":false,"path_per_floor":["M","$","?","?","M","R","$","R","T","R","E","?","E"],"character_chosen":"DEFECT","items_purchased":["Discovery"],"campfire_rested":1,"item_purchase_floors":[2],"current_hp_per_floor":[50,50,50,50,41,41,41,60,60,60,15,4,4],"gold":176,"neow_bonus":"BOSS_RELIC","is_prod":false,"is_daily":false,"chose_seed":false,"campfire_upgraded":2,"win_rate":0,"timestamp":1555842032,"path_taken":["M","$","?","?","M","R","$","R","T","R","E","?","E"],"build_version":"2019-01-23","purchased_purges":0,"victory":false,"max_hp_per_floor":[71,71,64,64,64,64,64,64,64,64,64,64,64],"card_choices":[{"not_picked":["Streamline","Blizzard","Stack"],"picked":"SKIP","floor":1},{"not_picked":["Sweeping Beam","BootSequence"],"picked":"Cold Snap","floor":5},{"not_picked":["Streamline","Stack","Barrage"],"picked":"SKIP","floor":11}],"player_experience":3282415,"relics_obtained":[{"floor":9,"key":"Pen Nib"},{"floor":11,"key":"Ancient Tea Set"},{"floor":11,"key":"War Paint"}],"event_choices":[{"damage_healed":0,"gold_gain":0,"player_choice":"Lose Max HP","damage_taken":0,"relics_obtained":["Golden Idol"],"max_hp_gain":0,"max_hp_loss":7,"event_name":"Golden Idol","floor":3,"gold_loss":0},{"damage_healed":0,"gold_gain":0,"player_choice":"Leave","damage_taken":0,"max_hp_gain":0,"max_hp_loss":0,"event_name":"The Cleric","floor":4,"gold_loss":0},{"damage_healed":0,"gold_gain":75,"player_choice":"Gather Gold","damage_taken":11,"max_hp_gain":0,"max_hp_loss":0,"event_name":"World of Goop","floor":12,"gold_loss":0}],"is_beta":false,"boss_relics":[],"items_purged_floors":[],"is_endless":false,"potions_floor_spawned":[11],"killed_by":"3 Sentries","ascension_level":20}