{"gold_per_floor":[110,125,225,225,236,236,267,267,290,306,326,29,63,77,77,182,182,202,212,212,232,232,262,18,45,70,70,87,87,122,136,136,240,240,258,258,17,17,28,58,73,73,73,73,90,90,20,39,39,39],"floor_reached":50,"playtime":2975,"items_purged":[],"score":762,"play_id":"1b6fd337-8625-4a8a-a4a2-0b4ef62f6542","local_time":"20180707183444","is_ascension_mode":true,"campfire_choices":[{"data":"White Noise","floor":6.0,"key":"SMITH"},{"data":"Consume","floor":8.0,"key":"SMITH"},{"floor":15.0,"key":"REST"},{"floor":27.0,"key":"REST"},{"floor":29.0,"key":"REST"},{"floor":32,"key":"REST"},{"floor":44,"key":"REST"},{"floor":46,"key":"REST"},{"floor":49,"key":"REST"}],"neow_cost":"NONE","seed_source_timestamp":0,"circlet_count":0,"master_deck":["Strike_B","Strike_B","Strike_B","Strike_B","Defend_B","Defend_B","Defend_B","Defend_B","Zap","Dualcast","Core Surge","White Noise+1","Chill","Consume+1","Redo","Force Field","Storm","Amplify","Chill","Self Repair","Electrodynamics","Redo","Capacitor","Capacitor","Recycle+1","Redo+1","White Noise","Amplify","Echo Form","Panacea","Beam Cell","Auto Shields+1","Hello World","Panache","Loop","Chill+1","Hello World"],"special_seed":0,"relics":["Cracked Core","Pen Nib","Strawberry","Cables","Black Star","Mummified Hand","Bottled Tornado","Anchor","DataDisk","Bag of Preparation","Bag of Marbles","Centennial Puzzle","Dream Catcher","Fusion Hammer","Dodecahedron","Ancient Tea Set","Orichalcum","Bottled Lightning"],"potions_floor_usage":[40,50,50,50],"damage_taken":[{"damage":2.0,"enemies":"Jaw Worm","floor":1.0,"turns":2.0},{"damage":0.0,"enemies":"Cultist","floor":2.0,"turns":3.0},{"damage":0.0,"enemies":"Small Slimes","floor":5.0,"turns":3.0},{"damage":1.0,"enemies":"Lagavulin","floor":7.0,"turns":5.0},{"damage":11.0,"enemies":"Blue Slaver","floor":10.0,"turns":3.0},{"damage":8.0,"enemies":"Red Slaver","floor":11.0,"turns":3.0},{"damage":35.0,"enemies":"Gremlin Nob","floor":13.0,"turns":5.0},{"damage":7.0,"enemies":"3 Louse","floor":14.0,"turns":3.0},{"damage":24.0,"enemies":"Slime Boss","floor":16.0,"turns":11.0},{"damage":4.0,"enemies":"Spheric Guardian","floor":18.0,"turns":3.0},{"damage":11.0,"enemies":"2 Thieves","floor":19.0,"turns":2.0},{"damage":0.0,"enemies":"Snake Plant","floor":21.0,"turns":2.0},{"damage":66.0,"enemies":"Slavers","floor":23.0,"turns":5.0},{"damage":0.0,"enemies":"Gremlin Leader","floor":25.0,"turns":6.0},{"damage":0.0,"enemies":"Centurion and Healer","floor":28.0,"turns":3.0},{"damage":16,"enemies":"Book of Stabbing","floor":30,"turns":3},{"damage":0,"enemies":"Snecko","floor":31,"turns":3},{"damage":9,"enemies":"Automaton","floor":33,"turns":5},{"damage":28,"enemies":"3 Darklings","floor":35,"turns":3},{"damage":0,"enemies":"Orb Walker","floor":39,"turns":3},{"damage":51,"enemies":"Giant Head","floor":40,"turns":6},{"damage":0,"enemies":"4 Shapes","floor":41,"turns":2},{"damage":0,"enemies":"Sphere and 2 Shapes","floor":45,"turns":3},{"damage":12,"enemies":"3 Darklings","floor":48,"turns":2},{"damage":94,"enemies":"Awakened One","floor":50,"turns":6}],"seed_played":"-5759570910274824097","potions_obtained":[{"floor":2.0,"key":"Block Potion"},{"floor":4.0,"key":"Explosive Potion"},{"floor":4.0,"key":"Block Potion"},{"floor":7.0,"key":"Fruit Juice"},{"floor":14.0,"key":"EntropicBrew"},{"floor":18.0,"key":"Explosive Potion"},{"floor":19.0,"key":"Dexterity Potion"},{"floor":30,"key":"Fire Potion"},{"floor":31,"key":"Fire Potion"},{"floor":40,"key":"Dexterity Potion"}],"is_trial":false,"path_per_floor":["M","M","?","?","M","R","E","R","T","M","M","$","E","M","R","B",null,"M","M","?","M","?","E","$","E","T","R","M","R","E","M","R","B",null,"M","?","$","?","M","E","M","?","T","R","M","R","$","M","R"],"character_chosen":"DEFECT","items_purchased":["Storm","Amplify","Chill","Anchor","Fire Potion","Capacitor","Dodecahedron","Loop"],"campfire_rested":7,"item_purchase_floors":[12,12,12,24,24,24,37,47],"current_hp_per_floor":[66,66,66,66,66,66,65,70,77,66,58,58,23,16,42,32,73,76,65,65,72,72,13,13,20,20,46,46,72,63,70,87,85,87,66,87,87,87,87,43,43,43,43,69,76,87,87,75,87,0],"gold":39,"neow_bonus":"ONE_RANDOM_RARE_CARD","is_prod":false,"is_daily":false,"chose_seed":false,"campfire_upgraded":2,"win_rate":0,"timestamp":1530977684,"path_taken":["M","M","?","?","M","R","E","R","T","M","?","$","E","M","R","BOSS","M","M","?","?","?","E","$","E","T","R","M","R","E","M","R","BOSS","M","?","?","?","?","E","M","?","T","R","M","R","?","M","R","BOSS"],"build_version":"2018-07-05","purchased_purges":0,"victory":false,"max_hp_per_floor":[75,75,75,75,75,75,75,80,87,87,87,87,87,87,87,87,87,87,87,87,87,87,87,87,87,87,87,87,87,87,87,87,87,87,87,87,87,87,87,87,87,87,87,87,87,87,87,87,87,87],"card_choices":[{"not_picked":["Steam","Aggregate"],"picked":"White Noise","floor":1.0},{"not_picked":["Barrage","Steam"],"picked":"Chill","floor":2.0},{"not_picked":["Steam Power","Hologram","Compile Driver"],"picked":"SKIP","floor":5.0},{"not_picked":["Rebound","Gash"],"picked":"Consume","floor":7.0},{"not_picked":["Stack","Go for the Eyes"],"picked":"Redo","floor":10.0},{"not_picked":["Reprogram","Go for the Eyes"],"picked":"Force Field","floor":11.0},{"not_picked":["Glacier","Compile Driver","Aggregate"],"picked":"SKIP","floor":13.0},{"not_picked":["Echo Form","Leap"],"picked":"Self Repair","floor":14.0},{"not_picked":["Fission","Rainbow"],"picked":"Electrodynamics","floor":16.0},{"not_picked":["Hologram","Steam"],"picked":"Redo","floor":18.0},{"not_picked":["Barrage","Cold Snap","Go for the Eyes"],"picked":"SKIP","floor":19.0},{"not_picked":["Skim+1","Sweeping Beam+1","Rebound"],"picked":"SKIP","floor":21.0},{"not_picked":["Stack","Heatsinks+1"],"picked":"Capacitor","floor":23.0},{"not_picked":["Double Energy","Beam Cell"],"picked":"Recycle+1","floor":25.0},{"not_picked":["Go for the Eyes","Sweeping Beam","Sunder+1"],"picked":"SKIP","floor":28.0},{"not_picked":["Tempest","Compile Driver+1"],"picked":"Redo+1","floor":30},{"not_picked":["Stack","Leap"],"picked":"White Noise","floor":31},{"not_picked":["Barrage+1","Defragment+1"],"picked":"Amplify","floor":32},{"not_picked":["Biased Cognition","Seek"],"picked":"Echo Form","floor":33},{"not_picked":["Beam Cell+1","FTL+1","Conserve Battery+1"],"picked":"SKIP","floor":35},{"not_picked":["Compile Driver","Conserve Battery+1","Sweeping Beam+1"],"picked":"SKIP","floor":39},{"not_picked":["Ball Lightning+1","Go for the Eyes+1"],"picked":"Auto Shields+1","floor":40},{"not_picked":["Ball Lightning+1","Glacier"],"picked":"Hello World","floor":41},{"not_picked":["Swift Strike","Sadistic Nature"],"picked":"Panache","floor":42},{"not_picked":["Leap","Stack+1","Beam Cell"],"picked":"SKIP","floor":45},{"not_picked":["Rebound","Rip and Tear+1"],"picked":"Chill+1","floor":48},{"not_picked":["Turbo","Stack"],"picked":"Hello World","floor":49}],"player_experience":543976,"relics_obtained":[{"floor":7.0,"key":"Pen Nib"},{"floor":9.0,"key":"Strawberry"},{"floor":13.0,"key":"Cables"},{"floor":23.0,"key":"Mummified Hand"},{"floor":23.0,"key":"Bottled Tornado"},{"floor":25.0,"key":"DataDisk"},{"floor":25.0,"key":"Bag of Preparation"},{"floor":26.0,"key":"Bag of Marbles"},{"floor":30,"key":"Centennial Puzzle"},{"floor":30,"key":"Dream Catcher"},{"floor":40,"key":"Ancient Tea Set"},{"floor":40,"key":"Orichalcum"},{"floor":43,"key":"Bottled Lightning"}],"event_choices":[{"event_name":"Golden Shrine","player_choice":"Pray","floor":3.0,"damage_taken":0.0},{"event_name":"The Lab","player_choice":"Got Potions","floor":4.0,"damage_taken":0.0},{"event_name":"Beggar","player_choice":"Ignored","floor":20.0,"damage_taken":0.0},{"event_name":"Vampires","player_choice":"Ignored","floor":22.0,"damage_taken":0.0},{"event_name":"Wheel of Change","player_choice":"Full Heal","floor":36,"damage_taken":0},{"event_name":"Match and Keep!","player_choice":"2 cards matched","floor":38,"damage_taken":0},{"event_name":"SensoryStone","player_choice":"Memory 1","floor":42,"damage_taken":0}],"boss_relics":[{"not_picked":["Runic Dome","Ectoplasm"],"picked":"Black Star"},{"not_picked":["Philosopher\u0027s Stone","Orrery"],"picked":"Fusion Hammer"}],"items_purged_floors":[],"is_endless":false,"potions_floor_spawned":[2,5,7,14,18,19,30,31,39,40],"killed_by":"Awakened One","ascension_level":6}