{"gold_per_floor":[110,125,125,29,49,49,83,83,83,83,3,20,20,43,43,146,146,166,25,40,53,53,53,83,83,83,83,96,0,0,15,15,111,111,123,123,26,26,45,45,76,86,111,124,124,0,16,32,32,32],"floor_reached":51,"playtime":4742,"items_purged":[],"score":988,"play_id":"51d8130d-f599-4489-88c8-3a8617f2eb35","local_time":"20180624232943","is_ascension_mode":true,"campfire_choices":[{"floor":6.0,"key":"REST"},{"floor":13.0,"key":"REST"},{"floor":15.0,"key":"REST"},{"floor":23.0,"key":"REST"},{"data":"Seeing Red","floor":25.0,"key":"SMITH"},{"data":"Jack Of All Trades","floor":27.0,"key":"SMITH"},{"data":"Sentinel","floor":32.0,"key":"SMITH"},{"floor":40,"key":"REST"},{"floor":45,"key":"REST"},{"floor":49,"key":"REST"}],"neow_cost":"","seed_source_timestamp":129155799956403,"circlet_count":0,"master_deck":["Strike_R+1","Strike_R","Strike_R","Strike_R","Strike_R","Defend_R","Defend_R","Defend_R+1","Defend_R","Bash","Sentinel+1","Intimidate+1","Swift Strike","Iron Wave","Seeing Red+1","Second Wind","Iron Wave","Feed","Flex","Jack Of All Trades+1","Clash","Disarm","Disarm","Warcry","Carnage+1","Feed","Rage","Jack Of All Trades+1","Metallicize+1","True Grit+1","Flex","Feel No Pain+1","Infernal Blade","Feel No Pain+1","Fiend Fire"],"special_seed":0,"relics":["Black Blood","NeowsBlessing","Dead Branch","Torii","Odd Mushroom","Ancient Tea Set","Darkstone Periapt","Anchor","Orichalcum","Bronze Scales"],"potions_floor_usage":[33,33,39,50,50],"damage_taken":[{"damage":0.0,"enemies":"2 Louse","floor":1.0,"turns":1.0},{"damage":0.0,"enemies":"Small Slimes","floor":2.0,"turns":2.0},{"damage":0.0,"enemies":"Jaw Worm","floor":5.0,"turns":1.0},{"damage":51.0,"enemies":"Lagavulin","floor":7.0,"turns":6.0},{"damage":1.0,"enemies":"2 Fungi Beasts","floor":12.0,"turns":3.0},{"damage":14.0,"floor":14.0,"turns":3.0},{"damage":28.0,"enemies":"The Guardian","floor":16.0,"turns":15.0},{"damage":17.0,"enemies":"3 Byrds","floor":18.0,"turns":8.0},{"damage":6.0,"enemies":"Spheric Guardian","floor":20.0,"turns":3.0},{"damage":24.0,"enemies":"Cultist and Chosen","floor":21.0,"turns":8.0},{"damage":10.0,"enemies":"Book of Stabbing","floor":24.0,"turns":7.0},{"damage":10.0,"enemies":"Sentry and Sphere","floor":28.0,"turns":8.0},{"damage":0.0,"enemies":"Centurion and Healer","floor":31.0,"turns":2.0},{"damage":71,"enemies":"Champ","floor":33,"turns":12},{"damage":50,"enemies":"3 Darklings","floor":35,"turns":9},{"damage":35,"enemies":"3 Shapes","floor":39,"turns":7},{"damage":7,"enemies":"Nemesis","floor":41,"turns":9},{"damage":12,"enemies":"Sphere and 2 Shapes","floor":42,"turns":5},{"damage":38,"enemies":"Maw","floor":44,"turns":9},{"damage":1,"enemies":"3 Darklings","floor":47,"turns":3},{"damage":3,"enemies":"Sphere and 2 Shapes","floor":48,"turns":6},{"damage":60,"enemies":"Awakened One","floor":50,"turns":19}],"seed_played":"4096476390190901756","potions_obtained":[{"floor":1.0,"key":"FearPotion"},{"floor":2.0,"key":"FearPotion"},{"floor":7.0,"key":"FearPotion"},{"floor":14.0,"key":"EssenceOfSteel"},{"floor":20.0,"key":"SpeedPotion"},{"floor":21.0,"key":"Ancient Potion"},{"floor":24.0,"key":"Block Potion"},{"floor":35,"key":"Regen Potion"},{"floor":44,"key":"Explosive Potion"},{"floor":47,"key":"Ancient Potion"}],"is_trial":false,"path_per_floor":["M","M","?","$","M","R","E","?","T","?","$","M","R","?","R","B",null,"M","$","M","M","?","R","E","R","T","R","M","$","?","M","R","B",null,"M","?","$","?","M","R","E","M","T","M","R","$","M","M","R","B"],"character_chosen":"IRONCLAD","items_purchased":["Swift Strike","Seeing Red","Jack Of All Trades","PowerPotion","Warcry","FearPotion","Jack Of All Trades","Infernal Blade","SpeedPotion"],"campfire_rested":7,"item_purchase_floors":[],"current_hp_per_floor":[78,80,64,64,70,80,35,35,35,35,35,40,64,56,80,58,75,67,67,67,52,52,77,73,73,73,73,72,72,78,84,84,19,76,36,36,36,36,29,58,61,62,62,34,64,64,73,83,104,54],"gold":32,"neow_bonus":"","is_prod":false,"is_daily":false,"chose_seed":false,"campfire_upgraded":3,"win_rate":0,"timestamp":1529872183,"path_taken":["M","M","?","$","M","R","E","?","T","?","$","M","R","?","R","BOSS","M","$","?","M","?","R","E","R","T","R","M","?","?","M","R","BOSS","M","?","$","?","M","R","E","?","T","M","R","?","M","M","R","BOSS"],"build_version":"2018-06-21v2","purchased_purges":0,"victory":true,"max_hp_per_floor":[80,80,80,80,80,80,80,80,80,80,80,80,80,80,80,80,80,83,83,83,86,86,86,86,86,86,86,89,89,95,95,95,95,95,95,95,95,95,98,98,98,101,101,101,101,101,101,104,104,104],"card_choices":[{"not_picked":["Flame Barrier","Havoc"],"picked":"Sentinel","floor":1.0},{"not_picked":["Clothesline","Seeing Red"],"picked":"Intimidate","floor":2.0},{"not_picked":["True Grit","Armaments","Sword Boomerang"],"picked":"SKIP","floor":5.0},{"not_picked":["Headbutt","Body Slam"],"picked":"Iron Wave","floor":7.0},{"not_picked":["Rage","Cleave"],"picked":"Second Wind","floor":12.0},{"not_picked":["Twin Strike","Dual Wield"],"picked":"Iron Wave","floor":14.0},{"not_picked":["Impervious","Bludgeon"],"picked":"Feed","floor":16.0},{"not_picked":["Spot Weakness","Reckless Charge"],"picked":"Flex","floor":18.0},{"not_picked":["Shrug It Off","Evolve+1"],"picked":"Clash","floor":20.0},{"not_picked":["Rampage+1","Wild Strike"],"picked":"Disarm","floor":21.0},{"not_picked":["Bludgeon","Clothesline","Heavy Blade"],"picked":"SKIP","floor":24.0},{"not_picked":["Dropkick","Flex"],"picked":"Disarm","floor":28.0},{"not_picked":["Evolve","Power Through+1"],"picked":"Carnage+1","floor":31.0},{"not_picked":["Fiend Fire","Barricade"],"picked":"Feed","floor":33},{"not_picked":["Armaments","Wild Strike"],"picked":"Rage","floor":35},{"not_picked":["Evolve+1","Hemokinesis"],"picked":"Metallicize+1","floor":39},{"not_picked":["Pummel","Pommel Strike+1"],"picked":"True Grit+1","floor":41},{"not_picked":["Wild Strike","Searing Blow+1"],"picked":"Flex","floor":42},{"not_picked":["Carnage","Perfected Strike+1"],"picked":"Feel No Pain+1","floor":44},{"not_picked":["True Grit","Second Wind+1"],"picked":"Feel No Pain+1","floor":47},{"not_picked":["Thunderclap+1","Pommel Strike+1"],"picked":"Fiend Fire","floor":48}],"player_experience":524980,"relics_obtained":[{"floor":7.0,"key":"Dead Branch"},{"floor":9.0,"key":"Torii"},{"floor":14.0,"key":"Odd Mushroom"},{"floor":24.0,"key":"Ancient Tea Set"},{"floor":26.0,"key":"Darkstone Periapt"},{"floor":41,"key":"Orichalcum"},{"floor":43,"key":"Bronze Scales"}],"event_choices":[{"event_name":"Shining Light","player_choice":"Entered Light","floor":3.0,"damage_taken":0.0},{"event_name":"Golden Wing","player_choice":"Ignored","floor":8.0,"damage_taken":0.0},{"event_name":"Living Wall","player_choice":"Grow","floor":10.0,"damage_taken":0.0},{"event_name":"Mushrooms","player_choice":"Fought Mushrooms","floor":14.0,"damage_taken":0.0},{"event_name":"Drug Dealer","player_choice":"Ignored","floor":22.0,"damage_taken":0.0},{"event_name":"The Mausoleum","player_choice":"Yes","floor":30.0,"damage_taken":0.0},{"event_name":"Fountain of Cleansing","player_choice":"Removed Curse","floor":36,"damage_taken":0},{"event_name":"Upgrade Shrine","player_choice":"Upgraded","floor":38,"damage_taken":0}],"boss_relics":[{"not_picked":["Busted Crown","Runic Pyramid","Velvet Choker"]},{"not_picked":["Sozu","Tiny House"],"picked":"Black Blood"}],"items_purged_floors":[],"is_endless":false,"potions_floor_spawned":[1,2,7,14,20,21,24,35,44,47,48],"ascension_level":8}