{"path_per_floor":["M","M","?","?","$","E","M","M","T","?","$","M","R","M","R","B",null,"M","M","M","?","$","R","E","?","T"],"character_chosen":"IRONCLAD","items_purchased":["Anger","Toolbox","Flash of Steel","Good Instincts"],"gold_per_floor":[210,228,228,403,328,354,364,384,407,407,36,52,52,70,70,173,173,185,196,212,212,21,21,53,53,53,53],"floor_reached":27,"campfire_rested":2,"playtime":1633,"current_hp_per_floor":[75,80,64,64,64,49,50,42,42,42,42,48,72,78,78,23,66,47,59,37,37,37,61,11,11,11,0],"items_purged":["Doubt","Strike_R"],"gold":53,"score":315,"play_id":"4b89dfd9-44db-433d-b2f9-a489f349bdfc","local_time":"20180323221246","is_prod":false,"is_daily":false,"is_ascension_mode":true,"campfire_upgraded":1,"timestamp":1521835966,"path_taken":["M","M","?","?","$","E","M","M","T","?","$","M","R","M","R","BOSS","M","M","?","?","$","R","E","?","T","M"],"build_version":"2018-03-22v2","purchased_purges":2,"victory":false,"master_deck":["Strike_R","Strike_R","Strike_R+1","Strike_R","Defend_R","Defend_R","Defend_R","Defend_R","Bash","Shockwave+1","Cleave","Flex","Anger","Exhume+1","Anger","Flash of Steel+1","Dropkick","Fire Breathing+1","Clash","Warcry+1","Good Instincts","Infernal Blade+1","Infernal Blade+1"],"max_hp_per_floor":[80,80,80,80,80,80,80,80,80,80,80,80,80,80,80,80,80,80,80,80,80,80,80,80,80,80,80],"relics":["Black Blood","Gremlin Horn","Happy Flower","Toolbox","Girya","Art of War"],"card_choices":[{"not_picked":["Sever Soul","Cleave"],"picked":"Shockwave","floor":1},{"not_picked":["Evolve","Armaments"],"picked":"Cleave","floor":2},{"not_picked":["Warcry","Headbutt"],"picked":"Flex","floor":6},{"not_picked":["Hemokinesis","Flex"],"picked":"Anger","floor":7},{"not_picked":["Hemokinesis","True Grit"],"picked":"Exhume","floor":8},{"not_picked":["Flex","Dual Wield"],"picked":"Dropkick","floor":12},{"not_picked":["Cleave","Corruption"],"picked":"Fire Breathing","floor":18},{"not_picked":["Shrug It Off","Havoc"],"picked":"Clash","floor":19},{"not_picked":["Shrug It Off","Disarm"],"picked":"Warcry","floor":20},{"not_picked":["Anger","Heavy Blade"],"picked":"Infernal Blade","floor":24}],"player_experience":316818,"potions_floor_usage":[2,6,12,16,19],"damage_taken":[{"damage":3,"enemies":"Small Slimes","floor":1,"turns":5},{"damage":0,"enemies":"2 Louse","floor":2,"turns":1},{"damage":21,"enemies":"3 Sentries","floor":6,"turns":9},{"damage":5,"enemies":"Jaw Worm","floor":7,"turns":4},{"damage":14,"enemies":"Exordium Wildlife","floor":8,"turns":4},{"damage":0,"enemies":"2 Fungi Beasts","floor":12,"turns":3},{"damage":0,"enemies":"Large Slime","floor":14,"turns":5},{"damage":61,"enemies":"Hexaghost","floor":16,"turns":10},{"damage":29,"enemies":"2 Thieves","floor":18,"turns":3},{"damage":1,"enemies":"3 Byrds","floor":19,"turns":2},{"damage":32,"enemies":"Centurion and Healer","floor":20,"turns":7},{"damage":60,"enemies":"Slavers","floor":24,"turns":6},{"damage":25,"enemies":"Slaver and Parasite","floor":27,"turns":2}],"event_choices":[{"event_name":"Shining Light","player_choice":"Entered Light","floor":3,"damage_taken":0},{"event_name":"Liars Game","player_choice":"agreed","floor":4,"damage_taken":0},{"event_name":"Golden Wing","player_choice":"Ignored","floor":10,"damage_taken":0},{"event_name":"Upgrade Shrine","player_choice":"Upgraded","floor":21,"damage_taken":0},{"event_name":"Duplicator","player_choice":"One dupe","floor":25,"damage_taken":0}],"boss_relics":[{"not_picked":["Runic Dome","Ectoplasm"],"picked":"Black Blood"}],"potions_floor_spawned":[1,2,8,14,18,24],"seed_played":"2733931389080356696","killed_by":"Slaver and Parasite","ascension_level":7,"is_trial":false}