{"path_per_floor":["M","M","M","M","?","R","M","?","T","$","M","M","M","E","R","B",null,"M","M","?","M"],"character_chosen":"IRONCLAD","items_purchased":["Armaments"],"gold_per_floor":[117,137,151,163,163,163,176,176,176,124,139,152,169,201,201,299,299,317,327,242,262],"floor_reached":22,"campfire_rested":1,"playtime":4017,"current_hp_per_floor":[67,73,76,80,85,85,83,83,83,83,85,82,71,37,77,26,85,68,49,49,19],"items_purged":[],"gold":262,"play_id":"bcdbbc39-017b-4a49-bbe9-29ccb0dbc52c","is_prod":false,"is_daily":false,"is_ascension_mode":false,"campfire_upgraded":1,"path_taken":["M","M","?","M","?","R","M","?","T","$","M","M","?","E","R","BOSS","M","?","?","M","M"],"build_version":"2018-01-25-PROD3","purchased_purges":1,"victory":false,"master_deck":["Strike_R","Strike_R","Strike_R","Strike_R","Strike_R","Defend_R","Defend_R","Defend_R","Defend_R","Bash","Anger+1","Perfected Strike","Iron Wave","Double Tap","Flex","Armaments","Shrug It Off","Headbutt","Reckless Charge","Juggernaut","Shrug It Off","Berserk","Power Through+1","Armaments+1","Flame Barrier"],"max_hp_per_floor":[80,80,80,80,85,85,85,85,85,85,85,85,85,85,85,85,85,85,85,85,85],"relics":["Black Blood","Regal Pillow","Dream Catcher","Calipers","Magic Flower"],"card_choices":[{"not_picked":["Hemokinesis","Sword Boomerang"],"picked":"Anger"},{"not_picked":["Searing Blow","Clash"],"picked":"Perfected Strike"},{"not_picked":["Shrug It Off","Clothesline"],"picked":"Iron Wave"},{"not_picked":["Clothesline","Infernal Blade"],"picked":"Double Tap"},{"not_picked":["Burning Pact","Pommel Strike"],"picked":"Flex"},{"not_picked":["Anger","Sword Boomerang"],"picked":"Shrug It Off"},{"not_picked":["Disarm","Anger"],"picked":"Headbutt"},{"not_picked":["Anger","Warcry"],"picked":"Reckless Charge"},{"not_picked":["Armaments","True Grit"],"picked":"Juggernaut"},{"not_picked":["Headbutt","Flex"],"picked":"Shrug It Off"},{"not_picked":["Brutality","Dark Embrace"],"picked":"Berserk"},{"not_picked":["Dropkick","Thunderclap"],"picked":"Power Through"},{"not_picked":["Cleave","Clash"],"picked":"Armaments"},{"not_picked":["Power Through","True Grit"],"picked":"Flame Barrier"}],"player_experience":0,"potions_floor_usage":[2,16,19],"damage_taken":[{"damage":19,"enemies":"Blue Slaver","floor":1,"turns":3},{"damage":0,"enemies":"Cultist","floor":2,"turns":3},{"damage":3,"enemies":"2 Louse","floor":3,"turns":2},{"damage":2,"enemies":"Large Slime","floor":4,"turns":5},{"damage":8,"enemies":"Red Slaver","floor":7,"turns":2},{"damage":3,"enemies":"Exordium Wildlife","floor":11,"turns":3},{"damage":9,"enemies":"Exordium Thugs","floor":12,"turns":5},{"damage":17,"enemies":"Gremlin Gang","floor":13,"turns":5},{"damage":40,"enemies":"Lagavulin","floor":14,"turns":4},{"damage":72,"enemies":"The Guardian","floor":16,"turns":12},{"damage":27,"enemies":"Shell Parasite","floor":18,"turns":8},{"damage":29,"enemies":"Spheric Guardian","floor":19,"turns":7},{"damage":45,"enemies":"Centurion and Healer","floor":21,"turns":11},{"damage":19,"enemies":"Snake Plant","floor":22,"turns":5}],"event_choices":[{"event_name":"Big Fish","player_choice":"Donut","floor":5,"damage_taken":0},{"event_name":"Accursed Blacksmith","player_choice":"Rummage","floor":8,"damage_taken":0},{"event_name":"Addict","player_choice":"Obtained Relic","floor":20,"damage_taken":0}],"boss_relics":[{"not_picked":["Tiny House","Eternal Feather"],"picked":"Black Blood"}],"potions_floor_spawned":[1,4,13,14],"seed_played":"8754798496631733174","killed_by":"Snake Plant","ascension_level":0,"is_trial":false}