{"gold_per_floor":[118,118,137,137,31,31,74,87,140,158,158,181,206,227,227,323,323,339,254,278,127,127,127,38,63,112,112,147,166,181,181,181,181],"floor_reached":33,"playtime":1724,"items_purged":[],"score":508,"play_id":"0d1b6e6b-8dab-44fa-9320-3870608f27c3","local_time":"20181201115502","is_ascension_mode":true,"campfire_choices":[{"floor":6,"key":"REST"},{"floor":11,"key":"REST"},{"floor":15,"key":"REST"},{"floor":23,"key":"REST"},{"floor":27,"key":"REST"},{"floor":32,"key":"REST"}],"neow_cost":"NONE","seed_source_timestamp":601319605716838,"circlet_count":0,"master_deck":["AscendersBane","Strike_B","Strike_B","Strike_B","Strike_B","Defend_B","Defend_B","Defend_B","Defend_B","Zap","Dualcast","Chaos","Capacitor","Heatsinks","Cold Snap","Ball Lightning","Cold Snap","Steam","Defragment","Barrage","Biased Cognition","Darkness","Capacitor","Static Discharge","Chill","Seek","Chill","Ball Lightning+1"],"relics":["Cracked Core","Golden Idol","Spirit Poop","Orichalcum","Boot","Bird Faced Urn","Bronze Scales","Mango","MutagenicStrength"],"potions_floor_usage":[14,16,20,25,25,29,30],"damage_taken":[{"damage":0,"enemies":"Cultist","floor":1,"turns":3},{"damage":12,"enemies":"Jaw Worm","floor":3,"turns":3},{"damage":37,"enemies":"3 Sentries","floor":7,"turns":9},{"damage":5,"enemies":"Small Slimes","floor":8,"turns":3},{"damage":7,"enemies":"3 Louse","floor":10,"turns":4},{"damage":4,"enemies":"Looter","floor":12,"turns":3},{"damage":8,"enemies":"Blue Slaver","floor":13,"turns":3},{"damage":0,"enemies":"3 Louse","floor":14,"turns":1},{"damage":38,"enemies":"Hexaghost","floor":16,"turns":11},{"damage":10,"enemies":"Chosen","floor":18,"turns":6},{"damage":35,"enemies":"2 Thieves","floor":20,"turns":5},{"damage":32,"enemies":"3 Cultists","floor":25,"turns":5},{"damage":41,"enemies":"Book of Stabbing","floor":28,"turns":5},{"damage":24,"enemies":"Chosen and Byrds","floor":29,"turns":5},{"damage":12,"enemies":"Snake Plant","floor":30,"turns":4},{"damage":65,"enemies":"Collector","floor":33,"turns":6}],"seed_played":"-433508723322918366","potions_obtained":[{"floor":10,"key":"Explosive Potion"},{"floor":13,"key":"Swift Potion"},{"floor":16,"key":"Poison Potion"},{"floor":28,"key":"Swift Potion"},{"floor":29,"key":"FocusPotion"}],"is_trial":false,"path_per_floor":["M","?","M","?","$","R","E","M","T","M","R","M","M","M","R","B",null,"M","?","M","$","?","R","$","M","T","R","E","M","M","?","R","B"],"character_chosen":"DEFECT","items_purchased":["Heatsinks","Cold Snap","Capacitor","Block Potion","Block Potion","Static Discharge"],"campfire_rested":6,"item_purchase_floors":[5,5,21,21,21,24],"current_hp_per_floor":[71,71,59,59,59,78,41,36,36,29,52,48,40,40,63,25,65,55,55,24,24,40,63,63,41,41,64,43,27,25,25,52,0],"gold":181,"neow_bonus":"TEN_PERCENT_HP_BONUS","is_prod":false,"is_daily":false,"chose_seed":false,"campfire_upgraded":0,"win_rate":0,"timestamp":1543658102,"path_taken":["M","?","M","?","$","R","E","M","T","M","R","M","?","M","R","BOSS","M","?","M","$","?","R","$","M","T","R","E","M","M","?","R","BOSS"],"build_version":"2018-11-15","purchased_purges":0,"victory":false,"max_hp_per_floor":[78,78,78,78,78,78,78,78,78,78,78,78,78,78,78,78,78,78,78,78,78,78,78,78,78,78,78,92,92,92,92,92,92],"card_choices":[{"not_picked":["Stack","Streamline"],"picked":"Chaos","floor":1},{"not_picked":["Genetic Algorithm","Sweeping Beam"],"picked":"Capacitor","floor":3},{"not_picked":["Steam Power","Auto Shields"],"picked":"Ball Lightning","floor":7},{"not_picked":["Chill","Compile Driver"],"picked":"Cold Snap","floor":8},{"not_picked":["Rebound","Streamline"],"picked":"Steam","floor":10},{"not_picked":["Doom and Gloom","Barrage"],"picked":"Defragment","floor":12},{"not_picked":["Reprogram","Steam"],"picked":"Barrage","floor":13},{"not_picked":["Hologram","Streamline","Reprogram"],"picked":"SKIP","floor":14},{"not_picked":["Buffer","Amplify"],"picked":"Biased Cognition","floor":16},{"not_picked":["Steam Power","Beam Cell","Steam"],"picked":"SKIP","floor":18},{"not_picked":["Leap+1","Turbo"],"picked":"Darkness","floor":20},{"not_picked":["Streamline","Blizzard+1"],"picked":"Chill","floor":25},{"not_picked":["Capacitor","Turbo"],"picked":"Seek","floor":28},{"not_picked":["Redo","Skim"],"picked":"Chill","floor":29},{"not_picked":["Turbo","Darkness"],"picked":"Ball Lightning+1","floor":30}],"player_experience":811601,"relics_obtained":[{"floor":7,"key":"Orichalcum"},{"floor":9,"key":"Boot"},{"floor":26,"key":"Bronze Scales"},{"floor":28,"key":"Mango"}],"event_choices":[{"damage_healed":0,"gold_gain":0,"player_choice":"Take Wound","damage_taken":0,"relics_obtained":["Golden Idol"],"max_hp_gain":0,"max_hp_loss":0,"event_name":"Golden Idol","floor":2,"gold_loss":0,"cards_obtained":["Injury"]},{"cards_removed":["Injury"],"damage_healed":0,"gold_gain":0,"player_choice":"Offered Curse","damage_taken":0,"relics_obtained":["Spirit Poop"],"max_hp_gain":0,"max_hp_loss":0,"event_name":"Bonfire Elementals","floor":4,"gold_loss":0},{"damage_healed":0,"gold_gain":0,"player_choice":"Obtained Relic","damage_taken":0,"relics_obtained":["Bird Faced Urn"],"max_hp_gain":0,"max_hp_loss":0,"event_name":"Addict","floor":19,"gold_loss":85},{"damage_healed":16,"gold_gain":0,"player_choice":"Heal","damage_taken":0,"max_hp_gain":0,"max_hp_loss":0,"event_name":"The Library","floor":22,"gold_loss":0},{"damage_healed":0,"gold_gain":0,"player_choice":"Inject Mutagens","damage_taken":0,"relics_obtained":["MutagenicStrength"],"max_hp_gain":0,"max_hp_loss":0,"event_name":"Drug Dealer","floor":31,"gold_loss":0}],"is_beta":false,"boss_relics":[{"not_picked":["Coffee Dripper","Busted Crown","Runic Dome"]}],"items_purged_floors":[],"is_endless":false,"potions_floor_spawned":[10,13,16,28,29],"killed_by":"Collector","ascension_level":16}