{"gold_per_floor":[117,117,135,153,169,169,194,194,194,219,69,69,69,96,96,96],"floor_reached":16,"playtime":529,"items_purged":["Strike_R"],"score":236,"play_id":"686d1c8e-c206-4837-8f95-bddb98b158ec","local_time":"20190305131141","is_ascension_mode":true,"campfire_choices":[{"data":"Rampage","floor":6,"key":"SMITH"},{"data":"Corruption","floor":8,"key":"SMITH"},{"data":"Fiend Fire","floor":12,"key":"SMITH"},{"data":"Entrench","floor":15,"key":"SMITH"}],"neow_cost":"NONE","seed_source_timestamp":41713855506200,"circlet_count":0,"master_deck":["AscendersBane","Strike_R","Strike_R","Strike_R","Defend_R","Defend_R","Defend_R","Defend_R","Bash","Feel No Pain","Corruption+1","Rampage+1","Power Through","Fiend Fire+1","Ghostly Armor","Entrench+1"],"relics":["Burning Blood","NeowsBlessing","Boot","Calipers","Vajra"],"potions_floor_usage":[5,14],"damage_taken":[{"damage":0,"enemies":"Jaw Worm","floor":1,"turns":1},{"damage":0,"enemies":"Cultist","floor":3,"turns":1},{"damage":0,"enemies":"Small Slimes","floor":4,"turns":2},{"damage":17,"enemies":"Gremlin Gang","floor":5,"turns":7},{"damage":32,"enemies":"Gremlin Nob","floor":7,"turns":4},{"damage":16,"enemies":"Lagavulin","floor":10,"turns":7},{"damage":3,"enemies":"Gremlin Nob","floor":14,"turns":4},{"damage":21,"enemies":"The Guardian","floor":16,"turns":13}],"seed_played":"4162607716007625649","potions_obtained":[{"floor":3,"key":"AttackPotion"},{"floor":5,"key":"SmokeBomb"},{"floor":7,"key":"Strength Potion"},{"floor":10,"key":"Explosive Potion"}],"is_trial":false,"path_per_floor":["M","?","M","M","M","R","E","R","T","E","$","R","?","E","R","B"],"character_chosen":"IRONCLAD","items_purchased":["Fiend Fire"],"campfire_rested":0,"item_purchase_floors":[11],"current_hp_per_floor":[74,74,75,75,64,64,38,38,38,28,28,28,28,31,31,10],"gold":96,"neow_bonus":"THREE_ENEMY_KILL","is_prod":false,"is_daily":false,"chose_seed":false,"campfire_upgraded":4,"win_rate":0,"timestamp":1551759101,"path_taken":["M","?","M","M","?","R","E","R","T","E","$","R","?","E","R","BOSS"],"build_version":"2019-01-23","purchased_purges":1,"victory":false,"max_hp_per_floor":[75,75,75,75,75,75,75,75,75,75,75,75,75,75,75,75],"card_choices":[{"not_picked":["Havoc","Pommel Strike","Thunderclap"],"picked":"SKIP","floor":1},{"not_picked":["Thunderclap","Double Tap"],"picked":"Feel No Pain","floor":3},{"not_picked":["Thunderclap","Burning Pact"],"picked":"Corruption","floor":4},{"not_picked":["Clothesline","Spot Weakness"],"picked":"Rampage","floor":5},{"not_picked":["Clash","Clothesline","Warcry"],"picked":"SKIP","floor":7},{"not_picked":["Corruption","Rupture"],"picked":"Power Through","floor":10},{"not_picked":["Iron Wave","Perfected Strike"],"picked":"Entrench","floor":14}],"player_experience":2018585,"relics_obtained":[{"floor":7,"key":"Boot"},{"floor":10,"key":"Calipers"},{"floor":14,"key":"Vajra"}],"event_choices":[{"cards_removed":["Strike_R"],"damage_healed":0,"gold_gain":0,"player_choice":"Purged","damage_taken":0,"max_hp_gain":0,"max_hp_loss":0,"event_name":"Purifier","floor":2,"gold_loss":0},{"damage_healed":0,"gold_gain":0,"player_choice":"1 cards matched","damage_taken":0,"max_hp_gain":0,"max_hp_loss":0,"event_name":"Match and Keep!","floor":13,"gold_loss":0,"cards_obtained":["Ghostly Armor"]}],"is_beta":false,"boss_relics":[],"items_purged_floors":[11],"is_endless":false,"potions_floor_spawned":[3,5,7,10],"killed_by":"The Guardian","ascension_level":20}