{"gold_per_floor":[363,363,154,229,249,249,266,266,266,266,280,309,39,65,65,136,136,152,163,183,18,35,35,35,70,70,70],"floor_reached":27,"playtime":825,"items_purged":[],"score":562,"play_id":"683dc499-dafd-492b-a604-b155793b82b0","local_time":"20190326182646","is_ascension_mode":true,"campfire_choices":[{"data":"Apotheosis","floor":6,"key":"SMITH"},{"data":"Inflame","floor":8,"key":"SMITH"},{"data":"1","floor":10,"key":"LIFT"},{"data":"2","floor":15,"key":"LIFT"},{"data":"3","floor":23,"key":"LIFT"}],"neow_cost":"TEN_PERCENT_HP_LOSS","seed_source_timestamp":170572252689800,"circlet_count":0,"master_deck":["AscendersBane","Strike_R","Strike_R","Strike_R","Strike_R","Defend_R","Defend_R","Defend_R","Defend_R","Bash","Apotheosis+1","Inflame+1","Battle Trance","Immolate","Shrug It Off","Shrug It Off","Feel No Pain","Entrench","Dual Wield+1","Shrug It Off","Ghostly Armor+1","Corruption"],"relics":["Burning Blood","Girya","Paper Frog","Sundial","Bronze Scales","Orrery","Art of War","Lantern","Bag of Marbles"],"potions_floor_usage":[16,18,25],"damage_taken":[{"damage":16,"enemies":"Jaw Worm","floor":1,"turns":5},{"damage":3,"enemies":"Cultist","floor":5,"turns":4},{"damage":9,"enemies":"Small Slimes","floor":7,"turns":4},{"damage":13,"enemies":"Blue Slaver","floor":11,"turns":5},{"damage":16,"enemies":"Lagavulin","floor":12,"turns":7},{"damage":0,"enemies":"Slime Boss","floor":16,"turns":3},{"damage":10,"enemies":"3 Byrds","floor":18,"turns":4},{"damage":18,"enemies":"Chosen","floor":19,"turns":7},{"damage":4,"enemies":"Centurion and Healer","floor":20,"turns":8},{"damage":0,"enemies":"Snake Plant","floor":22,"turns":5},{"damage":20,"enemies":"Slavers","floor":25,"turns":4},{"damage":41,"enemies":"Book of Stabbing","floor":27,"turns":4}],"seed_played":"-2675667333256935047","potions_obtained":[{"floor":1,"key":"Dexterity Potion"},{"floor":5,"key":"SkillPotion"},{"floor":16,"key":"Dexterity Potion"},{"floor":18,"key":"Energy Potion"}],"is_trial":false,"path_per_floor":["M","?","$","?","M","R","M","R","T","R","M","E","$","T","R","B",null,"M","M","M","$","M","R","$","E","T","E"],"character_chosen":"IRONCLAD","items_purchased":["Apotheosis","Sundial","Art of War"],"campfire_rested":0,"item_purchase_floors":[3,13,21],"current_hp_per_floor":[58,58,58,47,50,50,47,47,47,47,40,30,30,30,30,36,60,56,44,46,46,52,52,52,38,38,0],"gold":70,"neow_bonus":"TWO_FIFTY_GOLD","is_prod":false,"is_daily":false,"chose_seed":false,"campfire_upgraded":2,"win_rate":0,"timestamp":1553592406,"path_taken":["M","?","$","?","M","R","M","R","T","R","M","E","$","?","R","BOSS","M","M","M","?","?","R","?","E","T","E"],"build_version":"2019-01-23","purchased_purges":0,"victory":false,"max_hp_per_floor":[68,68,68,68,68,68,68,68,68,68,68,68,68,68,68,68,68,68,68,68,68,68,68,68,68,68,68],"card_choices":[{"not_picked":["Iron Wave","Rupture","Wild Strike"],"picked":"SKIP","floor":1},{"not_picked":["Infernal Blade","Clothesline"],"picked":"Inflame","floor":5},{"not_picked":["Blood for Blood","Disarm"],"picked":"Battle Trance","floor":7},{"not_picked":["Combust","Havoc","Thunderclap"],"picked":"SKIP","floor":11},{"not_picked":["Anger","Heavy Blade","Wild Strike"],"picked":"SKIP","floor":12},{"not_picked":["Anger","Heavy Blade","Wild Strike"],"picked":"SKIP","floor":12},{"not_picked":["Double Tap","Barricade"],"picked":"Immolate","floor":16},{"not_picked":["Clothesline","Armaments"],"picked":"Shrug It Off","floor":17},{"not_picked":["Combust","Sever Soul"],"picked":"Shrug It Off","floor":17},{"not_picked":["Wild Strike","Heavy Blade"],"picked":"Feel No Pain","floor":17},{"not_picked":["Wild Strike","Feel No Pain"],"picked":"Entrench","floor":17},{"not_picked":["Thunderclap","Warcry"],"picked":"Dual Wield+1","floor":18},{"not_picked":["Clash","Anger","Infernal Blade"],"picked":"SKIP","floor":19},{"not_picked":["Dark Embrace","Flex"],"picked":"Shrug It Off","floor":20},{"not_picked":["Reckless Charge","Iron Wave"],"picked":"Ghostly Armor+1","floor":22},{"not_picked":["Twin Strike","Flex+1"],"picked":"Corruption","floor":25}],"player_experience":2605934,"relics_obtained":[{"floor":9,"key":"Girya"},{"floor":12,"key":"Paper Frog"},{"floor":14,"key":"Bronze Scales"},{"floor":25,"key":"Lantern"},{"floor":26,"key":"Bag of Marbles"}],"event_choices":[{"cards_removed":["Strike_R"],"damage_healed":0,"gold_gain":0,"player_choice":"Forget","damage_taken":0,"max_hp_gain":0,"max_hp_loss":0,"event_name":"Living Wall","floor":2,"gold_loss":0},{"damage_healed":0,"gold_gain":75,"player_choice":"Gather Gold","damage_taken":11,"max_hp_gain":0,"max_hp_loss":0,"event_name":"World of Goop","floor":4,"gold_loss":0}],"is_beta":false,"boss_relics":[{"not_picked":["Black Star","Eternal Feather"],"picked":"Orrery"}],"items_purged_floors":[],"is_endless":false,"potions_floor_spawned":[1,5,16,18,19,22],"killed_by":"Book of Stabbing","ascension_level":20}