{"gold_per_floor":[109,209,224,236,39,72,84,140,140,154,154,189,204,236,236,313,313,329,329,344,344],"floor_reached":21,"playtime":1081,"items_purged":[],"score":402,"play_id":"ee2245a4-48ba-400b-a8d0-2fd46285c99a","local_time":"20190125154702","is_ascension_mode":true,"campfire_choices":[{"data":"Immolate","floor":11,"key":"SMITH"},{"data":"True Grit","floor":15,"key":"SMITH"}],"neow_cost":"NONE","seed_source_timestamp":9079104336115,"circlet_count":0,"master_deck":["AscendersBane","Strike_R","Strike_R","Defend_R","Defend_R","Defend_R","Defend_R","Bash","Iron Wave","Clothesline","Feed","Shrug It Off","Immolate+1","True Grit+1","Headbutt","Evolve","Shrug It Off","Feed","Juggernaut+1","Flex+1","Bloodletting+1","Power Through"],"relics":["Burning Blood","NeowsBlessing","Bag of Marbles","Happy Flower","Darkstone Periapt","Smiling Mask","Oddly Smooth Stone","Charon\u0027s Ashes","Astrolabe","Nilry\u0027s Codex"],"potions_floor_usage":[8,12,20],"damage_taken":[{"damage":0,"enemies":"Jaw Worm","floor":1,"turns":1},{"damage":0,"enemies":"Cultist","floor":3,"turns":1},{"damage":0,"enemies":"Small Slimes","floor":4,"turns":1},{"damage":47,"enemies":"3 Sentries","floor":6,"turns":10},{"damage":0,"enemies":"3 Louse","floor":7,"turns":1},{"damage":6,"enemies":"Gremlin Nob","floor":8,"turns":3},{"damage":5,"enemies":"Blue Slaver","floor":10,"turns":4},{"damage":3,"enemies":"Gremlin Nob","floor":12,"turns":3},{"damage":0,"enemies":"2 Fungi Beasts","floor":13,"turns":1},{"damage":5,"enemies":"3 Sentries","floor":14,"turns":4},{"damage":55,"enemies":"The Guardian","floor":16,"turns":15},{"damage":21,"enemies":"Shell Parasite","floor":18,"turns":5},{"damage":17,"enemies":"2 Thieves","floor":20,"turns":4},{"damage":19,"enemies":"Snake Plant","floor":21,"turns":3}],"seed_played":"-2847851180170191135","potions_obtained":[{"floor":6,"key":"SkillPotion"},{"floor":10,"key":"SteroidPotion"},{"floor":12,"key":"GamblersBrew"},{"floor":14,"key":"GamblersBrew"},{"floor":18,"key":"Block Potion"}],"is_trial":false,"path_per_floor":["M","?","M","M","$","E","M","?","T","M","R","E","M","E","R","B",null,"M","?","M","M"],"character_chosen":"IRONCLAD","items_purchased":["Shrug It Off","Bag of Marbles"],"campfire_rested":0,"item_purchase_floors":[5,5],"current_hp_per_floor":[74,74,75,75,75,37,43,43,43,44,44,47,53,57,57,8,63,48,27,19,0],"gold":344,"neow_bonus":"THREE_ENEMY_KILL","is_prod":false,"is_daily":false,"chose_seed":false,"campfire_upgraded":2,"win_rate":0,"timestamp":1548402422,"path_taken":["M","?","?","M","$","E","M","?","T","M","R","E","M","E","R","BOSS","M","?","M","M"],"build_version":"2019-01-23","purchased_purges":0,"victory":false,"max_hp_per_floor":[75,75,75,75,75,78,78,78,78,78,78,78,78,81,81,81,81,81,81,84,84],"card_choices":[{"not_picked":["Sword Boomerang","Flex"],"picked":"Iron Wave","floor":1},{"not_picked":["Clash","Reckless Charge"],"picked":"Clothesline","floor":3},{"not_picked":["Iron Wave","Headbutt"],"picked":"Feed","floor":4},{"not_picked":["Power Through","Uppercut"],"picked":"Immolate","floor":6},{"not_picked":["Heavy Blade","Clash"],"picked":"True Grit","floor":7},{"not_picked":["Flame Barrier","Combust"],"picked":"Headbutt","floor":8},{"not_picked":["Armaments","Pommel Strike","Anger"],"picked":"SKIP","floor":10},{"not_picked":["Bloodletting","Iron Wave","Evolve"],"picked":"SKIP","floor":12},{"not_picked":["Bloodletting","Iron Wave"],"picked":"Evolve","floor":12},{"not_picked":["Fire Breathing","Perfected Strike","Anger"],"picked":"SKIP","floor":13},{"not_picked":["Pummel","Clash"],"picked":"Shrug It Off","floor":14},{"not_picked":["Brutality","Barricade"],"picked":"Feed","floor":16},{"not_picked":["Headbutt","Dual Wield","Flex"],"picked":"SKIP","floor":18},{"not_picked":["Sword Boomerang","Rampage"],"picked":"Power Through","floor":20}],"player_experience":728082,"relics_obtained":[{"floor":6,"key":"Happy Flower"},{"floor":8,"key":"Darkstone Periapt"},{"floor":9,"key":"Smiling Mask"},{"floor":12,"key":"Oddly Smooth Stone"},{"floor":14,"key":"Charon\u0027s Ashes"},{"floor":19,"key":"Nilry\u0027s Codex"}],"event_choices":[{"damage_healed":0,"gold_gain":100,"player_choice":"Gold","damage_taken":0,"max_hp_gain":0,"max_hp_loss":0,"event_name":"Wheel of Change","floor":2,"gold_loss":0},{"damage_healed":0,"gold_gain":0,"player_choice":"Searched \u00272\u0027 times","damage_taken":0,"max_hp_gain":0,"max_hp_loss":0,"event_name":"Dead Adventurer","floor":8,"gold_loss":0},{"damage_healed":0,"gold_gain":0,"player_choice":"Obtained Book","damage_taken":21,"max_hp_gain":0,"max_hp_loss":0,"event_name":"Cursed Tome","floor":19,"gold_loss":0}],"is_beta":true,"boss_relics":[{"not_picked":["Pandora\u0027s Box","Orrery"],"picked":"Astrolabe"}],"items_purged_floors":[],"is_endless":false,"potions_floor_spawned":[6,10,12,14,18],"killed_by":"Snake Plant","ascension_level":20}