{"gold_per_floor":[16,26,26,26,44,44,79,93,93,31],"floor_reached":10,"playtime":251,"items_purged":[],"score":136,"play_id":"3b31882f-eff7-4a84-b518-2c844d8bda3e","local_time":"20190317210223","is_ascension_mode":true,"campfire_choices":[{"data":"Creative AI","floor":6,"key":"SMITH"}],"neow_cost":"NO_GOLD","seed_source_timestamp":36845055854000,"circlet_count":0,"master_deck":["AscendersBane","Strike_B","Strike_B","Strike_B","Strike_B","Defend_B","Defend_B","Defend_B","Defend_B","Zap","Dualcast","Creative AI+1","White Noise","Coolheaded","Reboot"],"relics":["Cracked Core","Question Card","Lantern","Matryoshka","MawBank","Bottled Lightning"],"potions_floor_usage":[],"damage_taken":[{"damage":0,"enemies":"2 Louse","floor":1,"turns":2},{"damage":2,"enemies":"Cultist","floor":2,"turns":4},{"damage":7,"enemies":"Jaw Worm","floor":5,"turns":4},{"damage":32,"enemies":"Lagavulin","floor":7,"turns":10},{"damage":7,"enemies":"Looter","floor":8,"turns":4}],"seed_played":"3307288075953283989","potions_obtained":[{"floor":1,"key":"Block Potion"},{"floor":8,"key":"LiquidBronze"}],"is_trial":false,"path_per_floor":["M","M","?","?","M","R","E","M","T","?"],"character_chosen":"DEFECT","items_purchased":[],"campfire_rested":0,"item_purchase_floors":[],"current_hp_per_floor":[64,62,51,51,44,44,12,5,5,5],"gold":31,"neow_bonus":"THREE_RARE_CARDS","is_prod":false,"is_daily":false,"chose_seed":false,"campfire_upgraded":1,"win_rate":0,"timestamp":1552824143,"path_taken":["M","M","?","?","M","R","E","?","T","?"],"build_version":"2019-01-23","purchased_purges":0,"victory":false,"max_hp_per_floor":[71,71,71,71,71,71,71,71,71,71],"card_choices":[{"not_picked":["Amplify","Multi-Cast"],"picked":"Creative AI","floor":0},{"not_picked":["Hello World","Rebound"],"picked":"White Noise","floor":1},{"not_picked":["Barrage","Beam Cell","Go for the Eyes"],"picked":"SKIP","floor":2},{"not_picked":["Double Energy","All For One","Rebound"],"picked":"Coolheaded","floor":5},{"not_picked":["Doom and Gloom","FTL","Blizzard"],"picked":"Reboot","floor":7},{"not_picked":["Beam Cell","Ball Lightning","Stack","Aggregate"],"picked":"SKIP","floor":8}],"player_experience":2332897,"relics_obtained":[{"floor":7,"key":"Matryoshka"},{"floor":9,"key":"MawBank"},{"floor":9,"key":"Bottled Lightning"}],"event_choices":[{"damage_healed":0,"gold_gain":0,"player_choice":"Success","damage_taken":11,"relics_obtained":["Question Card"],"max_hp_gain":0,"max_hp_loss":0,"event_name":"Scrap Ooze","floor":3,"gold_loss":0},{"damage_healed":0,"gold_gain":0,"player_choice":"Gave Potion","damage_taken":0,"relics_obtained":["Lantern"],"max_hp_gain":0,"max_hp_loss":0,"event_name":"WeMeetAgain","floor":4,"gold_loss":0},{"damage_healed":0,"gold_gain":0,"player_choice":"Left Gold","damage_taken":0,"max_hp_gain":0,"max_hp_loss":0,"event_name":"World of Goop","floor":10,"gold_loss":74}],"is_beta":false,"boss_relics":[],"items_purged_floors":[],"is_endless":false,"potions_floor_spawned":[1,8],"ascension_level":20}