{"gold_per_floor":[114,114,114,125,125,125,158,158,158,184,184,109,136,50,50,127,127,145,158,158,73,85,118,118,144,168,168,268,268,302,320,320,396,396,409,459,485,125,145,171,171,171,171,2,18,53,66,101,101,101,101,101,101,6,34,34],"floor_reached":56,"playtime":3819,"items_purged":["Defend_B","Injury","Regret"],"score":2510,"play_id":"40be93bf-5d1b-41c0-b172-bb5dbc770429","local_time":"20190206113118","is_ascension_mode":true,"campfire_choices":[{"data":"Coolheaded","floor":6,"key":"SMITH"},{"data":"Defragment","floor":11,"key":"SMITH"},{"data":"Blizzard","floor":15,"key":"SMITH"},{"data":"Defragment","floor":24,"key":"SMITH"},{"data":"Defragment","floor":27,"key":"SMITH"},{"data":"Defend_B","floor":32,"key":"PURGE"},{"data":"Creative AI","floor":42,"key":"SMITH"},{"floor":49,"key":"RECALL"},{"data":"Defragment","floor":53,"key":"SMITH"}],"neow_cost":"NONE","seed_source_timestamp":0,"circlet_count":0,"master_deck":["AscendersBane","Defend_B","Zap","Dualcast","Glacier","Coolheaded+1","Beam Cell","Defragment+1","FTL","Blizzard+1","Chill+1","Seek+1","Gash+1","Turbo+1","Bite","Bite","Bite","Bite","Bite","Defragment+1","Defragment+1","Consume+1","Reinforced Body+1","Seek+1","Coolheaded+1","Creative AI+1","Defragment+1","Parasite","Panacea+1"],"relics":["Cracked Core","NeowsBlessing","Incense Burner","Gremlin Horn","Torii","Toxic Egg 2","Singing Bowl","Coffee Dripper","Shuriken","PreservedInsect","Darkstone Periapt","Bag of Preparation","Peace Pipe","Molten Egg 2","Art of War","Cursed Key","Turnip","Happy Flower","DataDisk","Blue Candle","Mummified Hand","Centennial Puzzle"],"potions_floor_usage":[23,23,33,36,46,56,56],"damage_taken":[{"damage":0,"enemies":"Jaw Worm","floor":1,"turns":1},{"damage":0,"enemies":"2 Louse","floor":4,"turns":1},{"damage":0,"enemies":"Lagavulin","floor":7,"turns":1},{"damage":17,"enemies":"3 Sentries","floor":10,"turns":14},{"damage":0,"enemies":"Lagavulin","floor":13,"turns":6},{"damage":0,"enemies":"Slime Boss","floor":16,"turns":9},{"damage":0,"enemies":"Chosen","floor":18,"turns":4},{"damage":0,"enemies":"Shell Parasite","floor":19,"turns":4},{"damage":10,"enemies":"Snecko","floor":22,"turns":6},{"damage":51,"enemies":"Book of Stabbing","floor":23,"turns":6},{"damage":0,"enemies":"Gremlin Leader","floor":25,"turns":4},{"damage":14,"enemies":"Colosseum Slavers","floor":28,"turns":9},{"damage":0,"enemies":"Colosseum Nobs","floor":28,"turns":4},{"damage":0,"enemies":"Book of Stabbing","floor":30,"turns":4},{"damage":0,"enemies":"Snake Plant","floor":31,"turns":7},{"damage":0,"enemies":"Champ","floor":33,"turns":15},{"damage":36,"enemies":"3 Darklings","floor":35,"turns":10},{"damage":60,"enemies":"2 Orb Walkers","floor":36,"turns":7},{"damage":0,"enemies":"3 Shapes","floor":39,"turns":7},{"damage":0,"enemies":"Nemesis","floor":40,"turns":9},{"damage":0,"enemies":"Spire Growth","floor":45,"turns":7},{"damage":0,"enemies":"Reptomancer","floor":46,"turns":4},{"damage":8,"enemies":"Writhing Mass","floor":47,"turns":6},{"damage":2,"enemies":"Nemesis","floor":48,"turns":11},{"damage":11,"enemies":"Donu and Deca","floor":50,"turns":16},{"damage":48,"enemies":"Awakened One","floor":51,"turns":23},{"damage":40,"enemies":"Shield and Spear","floor":55,"turns":8},{"damage":49,"enemies":"The Heart","floor":56,"turns":11}],"seed_played":"-6898432793216179594","potions_obtained":[{"floor":1,"key":"FocusPotion"},{"floor":16,"key":"AttackPotion"},{"floor":25,"key":"AttackPotion"},{"floor":28,"key":"PowerPotion"},{"floor":40,"key":"Fire Potion"},{"floor":45,"key":"GamblersBrew"},{"floor":55,"key":"AttackPotion"}],"is_trial":false,"path_per_floor":["M","?","?","M","?","R","E","?","T","E","R","$","E","$","R","B",null,"M","M","?","?","M","E","R","E","T","R","?","?","E","M","R","B",null,"M","?","T","$","M","E","?","R","T","$","M","E","M","E","R","B","B",null,"R","$","E","B"],"character_chosen":"DEFECT","items_purchased":["Chill+1","Coolheaded+1","Creative AI","PowerPotion","Defragment","Panacea+1"],"campfire_rested":0,"item_purchase_floors":[14,38,38,38,44,54],"current_hp_per_floor":[64,64,64,64,64,64,64,57,57,40,40,40,40,40,40,40,63,63,63,49,49,51,10,10,26,26,26,42,42,52,55,55,55,55,49,9,15,15,27,51,51,51,57,57,74,76,84,86,86,86,86,86,86,86,50,31],"gold":34,"neow_bonus":"THREE_ENEMY_KILL","is_prod":false,"is_daily":false,"chose_seed":true,"campfire_upgraded":7,"win_rate":0,"timestamp":1549420278,"path_taken":["M","?","?","M","?","R","E","?","T","E","R","$","E","?","R","BOSS","M","M","?","?","M","E","R","E","T","R","?","?","E","M","R","BOSS","M","?","?","$","M","E","?","R","T","$","M","E","M","E","R","BOSS","BOSS","R","$","E","BOSS"],"build_version":"2019-01-23","purchased_purges":3,"victory":false,"max_hp_per_floor":[71,71,71,71,71,71,71,71,71,71,71,71,71,71,71,71,71,71,71,49,49,51,51,51,51,51,51,53,53,53,55,55,55,55,57,59,65,65,67,69,66,66,72,72,74,76,84,86,86,86,86,86,86,86,88,88],"card_choices":[{"not_picked":["Steam","Barrage"],"picked":"Glacier","floor":1},{"not_picked":["Rebound","Darkness"],"picked":"Beam Cell","floor":4},{"not_picked":["Undo","Tempest"],"picked":"Defragment","floor":7},{"not_picked":["Cold Snap","Ball Lightning"],"picked":"FTL","floor":10},{"not_picked":["Reboot+1","Reprogram+1"],"picked":"Blizzard","floor":13},{"not_picked":["Meteor Strike","Electrodynamics"],"picked":"Seek+1","floor":16},{"not_picked":["Leap+1","Compile Driver+1"],"picked":"Gash+1","floor":18},{"not_picked":["Rip and Tear","Conserve Battery+1"],"picked":"Turbo+1","floor":19},{"not_picked":["Steam+1","Rip and Tear+1","Ball Lightning"],"picked":"Singing Bowl","floor":22},{"not_picked":["Self Repair+1","Fission+1"],"picked":"Defragment","floor":23},{"not_picked":["Lockon","BootSequence+1"],"picked":"Defragment","floor":25},{"not_picked":["Redo+1","Gash","Turbo+1"],"picked":"Singing Bowl","floor":28},{"not_picked":["Machine Learning","Rebound+1"],"picked":"Reinforced Body+1","floor":30},{"not_picked":["Force Field+1","Melter+1","Double Energy+1"],"picked":"Singing Bowl","floor":31},{"not_picked":["Hyperbeam+1","Thunder Strike+1"],"picked":"Seek+1","floor":33},{"not_picked":["Turbo+1","Barrage+1","Double Energy+1"],"picked":"Singing Bowl","floor":35},{"not_picked":["Sweeping Beam+1","Compile Driver+1","Barrage+1"],"picked":"Singing Bowl","floor":36},{"not_picked":["BootSequence+1","Sweeping Beam+1","Ball Lightning+1"],"picked":"Singing Bowl","floor":39},{"not_picked":["Beam Cell+1","Leap+1","Melter+1"],"picked":"Singing Bowl","floor":40},{"not_picked":["Compile Driver+1","Melter+1","Gash+1"],"picked":"Singing Bowl","floor":45},{"not_picked":["Sunder+1","Compile Driver+1","Chaos+1"],"picked":"Singing Bowl","floor":46},{"not_picked":["Beam Cell+1","FTL+1","Defragment"],"picked":"Singing Bowl","floor":47},{"not_picked":["Heatsinks","Hyperbeam+1","Steam+1"],"picked":"Singing Bowl","floor":48},{"not_picked":["Conserve Battery+1","Ball Lightning+1","Barrage+1"],"picked":"Singing Bowl","floor":55}],"player_experience":1394298,"relics_obtained":[{"floor":7,"key":"Gremlin Horn"},{"floor":9,"key":"Torii"},{"floor":10,"key":"Toxic Egg 2"},{"floor":13,"key":"Singing Bowl"},{"floor":23,"key":"PreservedInsect"},{"floor":25,"key":"Darkstone Periapt"},{"floor":26,"key":"Bag of Preparation"},{"floor":28,"key":"Peace Pipe"},{"floor":28,"key":"Molten Egg 2"},{"floor":30,"key":"Art of War"},{"floor":36,"key":"Turnip"},{"floor":37,"key":"Happy Flower"},{"floor":40,"key":"DataDisk"},{"floor":46,"key":"Blue Candle"},{"floor":48,"key":"Mummified Hand"},{"floor":55,"key":"Centennial Puzzle"}],"event_choices":[{"damage_healed":0,"gold_gain":0,"player_choice":"Ignored","damage_taken":0,"max_hp_gain":0,"max_hp_loss":0,"event_name":"Liars Game","floor":2,"gold_loss":0},{"damage_healed":0,"gold_gain":0,"cards_transformed":["Defend_B"],"player_choice":"Change","damage_taken":0,"max_hp_gain":0,"max_hp_loss":0,"event_name":"Living Wall","floor":3,"gold_loss":0,"cards_obtained":["Coolheaded"]},{"damage_healed":0,"gold_gain":0,"player_choice":"Box","damage_taken":0,"relics_obtained":["Incense Burner"],"max_hp_gain":0,"max_hp_loss":0,"event_name":"Big Fish","floor":5,"gold_loss":0,"cards_obtained":["Regret"]},{"cards_removed":["Regret"],"damage_healed":0,"gold_gain":0,"player_choice":"Card Removal","damage_taken":7,"max_hp_gain":0,"max_hp_loss":0,"event_name":"Golden Wing","floor":8,"gold_loss":0},{"damage_healed":0,"gold_gain":0,"player_choice":"Became a vampire","damage_taken":0,"max_hp_gain":0,"max_hp_loss":22,"event_name":"Vampires","floor":20,"gold_loss":0,"cards_obtained":["Bite","Bite","Bite","Bite","Bite"]},{"damage_healed":0,"gold_gain":0,"player_choice":"Obtained Relic","damage_taken":0,"relics_obtained":["Shuriken"],"max_hp_gain":0,"max_hp_loss":0,"event_name":"Addict","floor":21,"gold_loss":85},{"damage_healed":0,"gold_gain":0,"player_choice":"Fight","damage_taken":0,"max_hp_gain":0,"max_hp_loss":0,"event_name":"Colosseum","floor":28,"gold_loss":0},{"damage_healed":0,"gold_gain":0,"player_choice":"Fought Nobs","damage_taken":0,"max_hp_gain":0,"max_hp_loss":0,"event_name":"Colosseum","floor":28,"gold_loss":0},{"damage_healed":0,"gold_gain":0,"player_choice":"Read","damage_taken":0,"max_hp_gain":0,"max_hp_loss":0,"event_name":"The Library","floor":29,"gold_loss":0,"cards_obtained":["Consume"]},{"damage_healed":0,"gold_gain":0,"player_choice":"Fight","damage_taken":0,"max_hp_gain":0,"max_hp_loss":0,"event_name":"Mysterious Sphere","floor":36,"gold_loss":0},{"damage_healed":0,"gold_gain":0,"player_choice":"Max HP","damage_taken":0,"max_hp_gain":0,"max_hp_loss":3,"event_name":"Winding Halls","floor":41,"gold_loss":0}],"is_beta":false,"boss_relics":[{"not_picked":["Philosopher\u0027s Stone","Runic Pyramid"],"picked":"Coffee Dripper"},{"not_picked":["Lizard Tail","Nuclear Battery"],"picked":"Cursed Key"}],"items_purged_floors":[12,38,44],"is_endless":false,"potions_floor_spawned":[1,16,22,25,28,30,40,45,55],"killed_by":"The Heart","ascension_level":20}