{"gold_per_floor":[13,13,13,27,45,45,45,55,55,55,81,6,31,31,31,104,104,116,116,131,131,46,46,80,80,80,1,15,15,33,33,33,109,109,123,123,142,42,54,54,54,54,81,81,94,94,9,9],"floor_reached":48,"playtime":2047,"items_purged":["Decay","Writhe"],"score":1033,"play_id":"36841243-0338-448b-b815-55ad57554c3f","local_time":"20190307200142","is_ascension_mode":true,"campfire_choices":[{"data":"Loop","floor":6,"key":"SMITH"},{"data":"Consume","floor":15,"key":"SMITH"},{"floor":23,"key":"REST"},{"floor":25,"key":"REST"},{"data":"Creative AI","floor":29,"key":"SMITH"},{"floor":32,"key":"REST"},{"data":"Defragment","floor":40,"key":"SMITH"},{"data":"Biased Cognition","floor":41,"key":"SMITH"},{"data":"Coolheaded","floor":42,"key":"SMITH"},{"floor":44,"key":"RECALL"}],"neow_cost":"NO_GOLD","seed_source_timestamp":14850423065400,"circlet_count":0,"master_deck":["AscendersBane","Strike_B","Strike_B","Defend_B","Zap","Dualcast","Ball Lightning","White Noise","Loop+1","Chill+1","Cold Snap","Consume+1","Creative AI+1","Buffer+1","Auto Shields+1","Core Surge+1","Recycle+1","Chill","Defragment+1","Gash","Biased Cognition+1","Coolheaded+1","Magnetism","Glacier","Leap+1"],"relics":["Cracked Core","Torii","Gambling Chip","WingedGreaves","Boot","Astrolabe","Ice Cream","War Paint","Bottled Tornado","Unceasing Top","Snecko Eye","Sundial"],"potions_floor_usage":[13,16,24,33],"damage_taken":[{"damage":0,"enemies":"2 Louse","floor":1,"turns":2},{"damage":0,"enemies":"Small Slimes","floor":4,"turns":3},{"damage":1,"enemies":"Cultist","floor":5,"turns":3},{"damage":18,"enemies":"Large Slime","floor":8,"turns":4},{"damage":18,"enemies":"3 Sentries","floor":11,"turns":9},{"damage":48,"enemies":"Gremlin Nob","floor":13,"turns":5},{"damage":0,"enemies":"Hexaghost","floor":16,"turns":8},{"damage":23,"enemies":"3 Byrds","floor":18,"turns":5},{"damage":1,"enemies":"Colosseum Slavers","floor":19,"turns":6},{"damage":7,"enemies":"Shell Parasite","floor":20,"turns":5},{"damage":38,"enemies":"Book of Stabbing","floor":24,"turns":4},{"damage":0,"enemies":"Snecko","floor":28,"turns":6},{"damage":24,"enemies":"Snake Plant","floor":30,"turns":6},{"damage":1,"enemies":"Automaton","floor":33,"turns":12},{"damage":0,"enemies":"3 Shapes","floor":35,"turns":7},{"damage":7,"enemies":"3 Darklings","floor":37,"turns":6},{"damage":0,"enemies":"Maw","floor":39,"turns":8},{"damage":12,"enemies":"Sphere and 2 Shapes","floor":45,"turns":6},{"damage":39,"enemies":"2 Orb Walkers","floor":48,"turns":4}],"seed_played":"5195711834341853869","potions_obtained":[{"floor":5,"key":"Block Potion"},{"floor":11,"key":"Regen Potion"},{"floor":16,"key":"FocusPotion"},{"floor":20,"key":"PowerPotion"},{"floor":30,"key":"EssenceOfSteel"},{"floor":33,"key":"Poison Potion"}],"is_trial":false,"path_per_floor":["M","?","?","M","M","R","?","M","T","?","E","$","E","?","R","B",null,"M","?","M","?","?","R","E","R","T","$","M","R","M","?","R","B",null,"M","?","M","$","M","R","R","R","T","R","M","T","$","?"],"character_chosen":"DEFECT","items_purchased":["Defragment","Ancient Potion"],"campfire_rested":3,"item_purchase_floors":[27,47],"current_hp_per_floor":[64,57,57,57,56,56,56,38,38,61,43,43,9,9,9,9,56,33,32,25,25,25,46,8,29,29,29,29,29,5,5,26,25,60,60,50,43,43,43,43,43,43,43,43,31,31,31,0],"gold":9,"neow_bonus":"ONE_RARE_RELIC","is_prod":false,"is_daily":false,"chose_seed":false,"campfire_upgraded":6,"win_rate":0,"timestamp":1551956502,"path_taken":["M","?","?","M","?","R","?","?","T","?","E","$","E","?","R","BOSS","M","?","M","?","?","R","E","R","T","$","M","R","?","?","R","BOSS","M","?","M","$","M","R","R","R","T","R","M","?","?","?"],"build_version":"2019-01-23","purchased_purges":2,"victory":false,"max_hp_per_floor":[71,71,71,71,71,71,71,71,71,71,71,71,71,71,71,71,71,71,71,71,71,71,71,71,71,71,71,71,71,71,71,71,71,71,71,71,71,71,71,71,71,71,71,71,71,71,71,71],"card_choices":[{"not_picked":["Leap","Beam Cell"],"picked":"Ball Lightning","floor":1},{"not_picked":["Ball Lightning","Redo"],"picked":"White Noise","floor":4},{"not_picked":["Steam","Doom and Gloom"],"picked":"Loop","floor":5},{"not_picked":["Rebound","Auto Shields"],"picked":"Chill","floor":8},{"not_picked":["Tempest","Beam Cell"],"picked":"Cold Snap","floor":11},{"not_picked":["Hologram","Stack","Beam Cell"],"picked":"SKIP","floor":13},{"not_picked":["Machine Learning","All For One"],"picked":"Creative AI","floor":16},{"not_picked":["Compile Driver","Conserve Battery"],"picked":"Recycle","floor":18},{"not_picked":["Ball Lightning","Go for the Eyes","Beam Cell"],"picked":"SKIP","floor":20},{"not_picked":["Go for the Eyes","Turbo"],"picked":"Chill","floor":24},{"not_picked":["Scrape","Beam Cell"],"picked":"Gash","floor":28},{"not_picked":["Scrape","Streamline","Steam"],"picked":"SKIP","floor":30},{"not_picked":["Echo Form","Fission"],"picked":"Biased Cognition","floor":33},{"not_picked":["Gash","Skim"],"picked":"Coolheaded","floor":35},{"not_picked":["Purity","Dramatic Entrance"],"picked":"Magnetism","floor":36},{"not_picked":["Darkness","Ball Lightning+1"],"picked":"Glacier","floor":37},{"not_picked":["Gash+1","Stack","Streamline"],"picked":"SKIP","floor":39},{"not_picked":["BootSequence","Gash"],"picked":"Leap+1","floor":45}],"player_experience":2059026,"relics_obtained":[{"floor":9,"key":"Gambling Chip"},{"floor":11,"key":"WingedGreaves"},{"floor":13,"key":"Boot"},{"floor":24,"key":"Bottled Tornado"},{"floor":26,"key":"Unceasing Top"},{"floor":46,"key":"Sundial"}],"event_choices":[{"cards_removed":["Strike_B"],"damage_healed":0,"gold_gain":0,"player_choice":"Card Removal","damage_taken":7,"max_hp_gain":0,"max_hp_loss":0,"event_name":"Golden Wing","floor":2,"gold_loss":0},{"damage_healed":0,"gold_gain":0,"player_choice":"0 cards matched","damage_taken":0,"max_hp_gain":0,"max_hp_loss":0,"event_name":"Match and Keep!","floor":3,"gold_loss":0,"cards_obtained":[]},{"damage_healed":0,"gold_gain":0,"player_choice":"Cursed","damage_taken":0,"max_hp_gain":0,"max_hp_loss":0,"event_name":"Wheel of Change","floor":7,"gold_loss":0,"cards_obtained":["Decay"]},{"damage_healed":23,"gold_gain":0,"player_choice":"Banana","damage_taken":0,"max_hp_gain":0,"max_hp_loss":0,"event_name":"Big Fish","floor":10,"gold_loss":0},{"damage_healed":0,"gold_gain":0,"cards_transformed":["Defend_B"],"player_choice":"Change","damage_taken":0,"max_hp_gain":0,"max_hp_loss":0,"event_name":"Living Wall","floor":14,"gold_loss":0,"cards_obtained":["Consume"]},{"damage_healed":0,"gold_gain":0,"player_choice":"Fight","damage_taken":0,"max_hp_gain":0,"max_hp_loss":0,"event_name":"Colosseum","floor":19,"gold_loss":0},{"damage_healed":0,"gold_gain":0,"player_choice":"Fled From Nobs","damage_taken":0,"max_hp_gain":0,"max_hp_loss":0,"event_name":"Colosseum","floor":19,"gold_loss":0},{"damage_healed":0,"gold_gain":0,"player_choice":"Opened","damage_taken":0,"relics_obtained":["Ice Cream"],"max_hp_gain":0,"max_hp_loss":0,"event_name":"The Mausoleum","floor":21,"gold_loss":0,"cards_obtained":["Writhe"]},{"damage_healed":0,"gold_gain":0,"player_choice":"Obtained Relic","damage_taken":0,"relics_obtained":["War Paint"],"max_hp_gain":0,"max_hp_loss":0,"event_name":"Addict","floor":22,"gold_loss":85},{"damage_healed":0,"gold_gain":0,"player_choice":"Ignored","damage_taken":0,"max_hp_gain":0,"max_hp_loss":0,"event_name":"Beggar","floor":31,"gold_loss":0},{"damage_healed":0,"gold_gain":0,"player_choice":"Memory 3","damage_taken":10,"max_hp_gain":0,"max_hp_loss":0,"event_name":"SensoryStone","floor":36,"gold_loss":0},{"damage_healed":0,"gold_gain":0,"player_choice":"Fight","damage_taken":0,"max_hp_gain":0,"max_hp_loss":0,"event_name":"Mysterious Sphere","floor":48,"gold_loss":0}],"is_beta":false,"boss_relics":[{"not_picked":["Empty Cage","Sozu"],"picked":"Astrolabe"},{"not_picked":["Fusion Hammer","Runic Dome"],"picked":"Snecko Eye"}],"items_purged_floors":[12,38],"is_endless":false,"potions_floor_spawned":[5,11,16,19,20,30,33,39,45],"killed_by":"2 Orb Walkers","ascension_level":20}