{"gold_per_floor":[116,116,116,128,16,16,43,62,113,132,157,157],"floor_reached":12,"playtime":288,"items_purged":["Strike_B"],"score":225,"play_id":"dcc03348-4c3d-46a8-86a7-324f8f030a19","local_time":"20190219112504","is_ascension_mode":true,"campfire_choices":[{"data":"Loop","floor":6,"key":"SMITH"}],"neow_cost":"NONE","seed_source_timestamp":437689958203000,"circlet_count":0,"master_deck":["AscendersBane","Strike_B","Strike_B","Strike_B","Defend_B","Defend_B","Defend_B","Defend_B","Zap","Dualcast","White Noise","Ball Lightning","Loop+1","Coolheaded","Self Repair"],"relics":["Cracked Core","NeowsBlessing","Dream Catcher","Spirit Poop","Vajra","Bag of Preparation","Juzu Bracelet"],"potions_floor_usage":[11],"damage_taken":[{"damage":0,"enemies":"2 Louse","floor":1,"turns":1},{"damage":0,"enemies":"Small Slimes","floor":4,"turns":1},{"damage":0,"enemies":"Lagavulin","floor":7,"turns":1},{"damage":0,"enemies":"Cultist","floor":8,"turns":2},{"damage":15,"enemies":"3 Louse","floor":10,"turns":3},{"damage":47,"enemies":"Gremlin Nob","floor":11,"turns":5},{"damage":0,"enemies":"Lots of Slimes","floor":12,"turns":1}],"seed_played":"8043447543898046164","potions_obtained":[{"floor":1,"key":"EssenceOfSteel"},{"floor":7,"key":"Strength Potion"}],"is_trial":false,"path_per_floor":["M","?","?","M","$","R","E","M","T","M","E","M"],"character_chosen":"DEFECT","items_purchased":["Loop"],"campfire_rested":0,"item_purchase_floors":[5],"current_hp_per_floor":[64,64,64,64,64,64,64,64,64,49,2,2],"gold":157,"neow_bonus":"THREE_ENEMY_KILL","is_prod":false,"is_daily":false,"chose_seed":false,"campfire_upgraded":1,"win_rate":0,"timestamp":1550543104,"path_taken":["M","?","?","?","$","R","E","M","T","M","E","M"],"build_version":"2019-01-23","purchased_purges":1,"victory":false,"max_hp_per_floor":[71,71,71,71,71,71,71,71,71,71,71,71],"card_choices":[{"not_picked":["Turbo","Conserve Battery"],"picked":"White Noise","floor":1},{"not_picked":["Hologram","Hello World"],"picked":"Ball Lightning","floor":4},{"not_picked":["Go for the Eyes","Recycle","Force Field"],"picked":"SKIP","floor":7},{"not_picked":["Recycle","Conserve Battery"],"picked":"Coolheaded","floor":8},{"not_picked":["Beam Cell","Ball Lightning","Turbo"],"picked":"SKIP","floor":10},{"not_picked":["Beam Cell","Ball Lightning","Turbo"],"picked":"SKIP","floor":10},{"not_picked":["Storm","Multi-Cast"],"picked":"Self Repair","floor":11}],"player_experience":1628303,"relics_obtained":[{"floor":7,"key":"Vajra"},{"floor":9,"key":"Bag of Preparation"},{"floor":11,"key":"Juzu Bracelet"}],"event_choices":[{"damage_healed":0,"gold_gain":0,"player_choice":"Box","damage_taken":0,"relics_obtained":["Dream Catcher"],"max_hp_gain":0,"max_hp_loss":0,"event_name":"Big Fish","floor":2,"gold_loss":0,"cards_obtained":["Regret"]},{"cards_removed":["Regret"],"damage_healed":0,"gold_gain":0,"player_choice":"Offered Curse","damage_taken":0,"relics_obtained":["Spirit Poop"],"max_hp_gain":0,"max_hp_loss":0,"event_name":"Bonfire Elementals","floor":3,"gold_loss":0}],"is_beta":false,"boss_relics":[],"items_purged_floors":[5],"is_endless":false,"potions_floor_spawned":[1,7,8],"killed_by":"Lots of Slimes","ascension_level":20}