{"gold_per_floor":[117,117,117,117,82,98,98,127,127,147,147,178,98,159,159,232,232,252,272,272,292,342,342,322,342,366,366,366,30,30,57,69,155,167,197,209,232,256,268,280],"floor_reached":40,"playtime":1033,"items_purged":[],"score":970,"play_id":"544b95b9-ee0f-4cb4-8bc5-dcb678f53689","local_time":"20190322201039","is_ascension_mode":true,"campfire_choices":[{"data":"Darkness","floor":7.0,"key":"SMITH"},{"data":"Zap","floor":11.0,"key":"SMITH"},{"data":"Darkness","floor":15.0,"key":"SMITH"},{"data":"Biased Cognition","floor":23.0,"key":"SMITH"},{"data":"Coolheaded","floor":28.0,"key":"SMITH"},{"data":"White Noise","floor":32.0,"key":"SMITH"}],"neow_cost":"NONE","seed_source_timestamp":264045766500100,"circlet_count":0,"master_deck":["AscendersBane","Defend_B+1","Defend_B+1","Defend_B+1","Zap+1","Dualcast","Darkness+1","Cold Snap","Hologram","Darkness+1","Coolheaded+1","Biased Cognition+1","Turbo","BootSequence","White Noise+1","Scrape","Chill","Electrodynamics","Auto Shields+1","All For One+1","Conserve Battery+1","Heatsinks"],"special_seed":0,"relics":["Cracked Core","NeowsBlessing","Cables","Meat on the Bone","Mummified Hand","Centennial Puzzle","Lantern","Inserter","Dead Branch","MawBank","Astrolabe"],"potions_floor_usage":[33,33,38],"damage_taken":[{"damage":0.0,"enemies":"Jaw Worm","floor":1.0,"turns":1.0},{"damage":0.0,"enemies":"Small Slimes","floor":6.0,"turns":1.0},{"damage":0.0,"enemies":"Gremlin Nob","floor":8.0,"turns":1.0},{"damage":0.0,"enemies":"2 Louse","floor":10.0,"turns":2.0},{"damage":12.0,"enemies":"Lagavulin","floor":12.0,"turns":3.0},{"damage":26.0,"enemies":"Lagavulin Event","floor":14.0,"turns":4.0},{"damage":21.0,"enemies":"Hexaghost","floor":16.0,"turns":5.0},{"damage":1.0,"enemies":"Chosen","floor":18.0,"turns":5.0},{"damage":4.0,"enemies":"Spheric Guardian","floor":19.0,"turns":3.0},{"damage":23.0,"enemies":"Centurion and Healer","floor":21.0,"turns":5.0},{"damage":12.0,"enemies":"Snake Plant","floor":25.0,"turns":4.0},{"damage":0.0,"enemies":"Book of Stabbing","floor":31.0,"turns":3.0},{"damage":12,"enemies":"Automaton","floor":33,"turns":8},{"damage":8,"enemies":"3 Darklings","floor":35,"turns":3},{"damage":0,"enemies":"3 Shapes","floor":37,"turns":2},{"damage":6,"enemies":"3 Darklings","floor":38,"turns":4},{"damage":66,"enemies":"Giant Head","floor":40,"turns":7}],"seed_played":"8791663328364986655","potions_obtained":[{"floor":6.0,"key":"Energy Potion"},{"floor":8.0,"key":"SkillPotion"},{"floor":14.0,"key":"Block Potion"},{"floor":33,"key":"Regen Potion"},{"floor":35,"key":"FocusPotion"},{"floor":38,"key":"LiquidBronze"}],"is_trial":false,"path_per_floor":["M","$","?","?","?","M","R","E","T","M","R","E","$","?","R","B",null,"M","M","?","M","?","R","?","M","T","?","R","$","?","E","R","B",null,"M","?","M","M","?","E"],"character_chosen":"DEFECT","items_purchased":["Darkness","Dead Branch"],"campfire_rested":0,"item_purchase_floors":[13,29],"current_hp_per_floor":[64,64,57,39,56,56,56,56,56,56,56,44,44,30,30,21,59,58,54,54,43,43,43,43,43,43,43,43,43,43,43,43,43,64,56,56,56,62,62,0],"gold":280,"neow_bonus":"THREE_ENEMY_KILL","is_prod":false,"is_daily":false,"chose_seed":false,"campfire_upgraded":6,"win_rate":0,"timestamp":1553253039,"path_taken":["M","$","?","?","?","M","R","E","T","M","R","E","$","?","R","BOSS","M","M","?","M","?","R","?","?","T","?","R","$","?","E","R","BOSS","M","?","M","?","?","E"],"build_version":"2019-01-23","purchased_purges":0,"victory":false,"max_hp_per_floor":[71,71,71,71,71,71,71,71,71,71,71,71,71,71,71,71,71,71,71,71,71,71,71,71,71,71,71,71,71,71,71,71,71,71,71,71,71,71,71,71],"card_choices":[{"not_picked":["Gash","Beam Cell","Steam"],"picked":"SKIP","floor":1.0},{"not_picked":["Ball Lightning","Steam Power"],"picked":"Darkness","floor":6.0},{"not_picked":["Reboot","Hyperbeam"],"picked":"Cold Snap","floor":8.0},{"not_picked":["Auto Shields","Gash"],"picked":"Hologram","floor":10.0},{"not_picked":["Steam","Go for the Eyes","Rebound"],"picked":"SKIP","floor":12.0},{"not_picked":["Turbo","Streamline"],"picked":"Coolheaded","floor":14.0},{"not_picked":["Creative AI","Core Surge"],"picked":"Biased Cognition","floor":16.0},{"not_picked":["FTL","Streamline","Go for the Eyes"],"picked":"SKIP","floor":18.0},{"not_picked":["Tempest+1","Streamline"],"picked":"Turbo","floor":19.0},{"not_picked":["Genetic Algorithm","Ball Lightning"],"picked":"BootSequence","floor":21.0},{"not_picked":["BootSequence","Rebound"],"picked":"White Noise","floor":25.0},{"not_picked":["Go for the Eyes","Hyperbeam"],"picked":"Chill","floor":31.0},{"not_picked":["Machine Learning","Thunder Strike"],"picked":"Electrodynamics","floor":33},{"not_picked":["Gash+1","Sweeping Beam"],"picked":"Heatsinks","floor":35},{"not_picked":["Sweeping Beam+1","Barrage","Rip and Tear"],"picked":"SKIP","floor":37},{"not_picked":["Rebound","Sunder+1","Ball Lightning"],"picked":"SKIP","floor":38}],"player_experience":2477157,"relics_obtained":[{"floor":8.0,"key":"Meat on the Bone"},{"floor":9.0,"key":"Mummified Hand"},{"floor":12.0,"key":"Centennial Puzzle"},{"floor":14.0,"key":"Lantern"},{"floor":31.0,"key":"MawBank"}],"event_choices":[{"cards_removed":["Defend_B"],"damage_healed":0.0,"max_hp_gain":0.0,"max_hp_loss":0.0,"gold_gain":0.0,"event_name":"Golden Wing","player_choice":"Card Removal","floor":3.0,"gold_loss":0.0,"damage_taken":7.0},{"damage_healed":0.0,"max_hp_gain":0.0,"max_hp_loss":0.0,"gold_gain":0.0,"event_name":"Scrap Ooze","player_choice":"Success","floor":4.0,"gold_loss":0.0,"damage_taken":18.0,"relics_obtained":["Cables"]},{"damage_healed":17.0,"max_hp_gain":0.0,"max_hp_loss":0.0,"gold_gain":0.0,"event_name":"The Cleric","player_choice":"Healed","floor":5.0,"gold_loss":35.0,"damage_taken":0.0},{"damage_healed":0.0,"max_hp_gain":0.0,"max_hp_loss":0.0,"gold_gain":30.0,"event_name":"Dead Adventurer","player_choice":"Searched \u00272\u0027 times","floor":14.0,"gold_loss":0.0,"damage_taken":0.0},{"damage_healed":0.0,"max_hp_gain":0.0,"max_hp_loss":0.0,"gold_gain":0.0,"event_name":"Back to Basics","player_choice":"Simplicity","floor":20.0,"gold_loss":0.0,"damage_taken":0.0,"cards_upgraded":["Strike_B","Strike_B","Strike_B","Strike_B","Defend_B","Defend_B","Defend_B"]},{"damage_healed":0.0,"max_hp_gain":0.0,"max_hp_loss":0.0,"gold_gain":50.0,"event_name":"Nest","player_choice":"Stole From Cult","floor":22.0,"gold_loss":0.0,"damage_taken":0.0},{"damage_healed":0.0,"max_hp_gain":0.0,"max_hp_loss":0.0,"gold_gain":0.0,"event_name":"The Woman in Blue","player_choice":"Bought 1 Potion","floor":24.0,"gold_loss":0.0,"damage_taken":0.0},{"damage_healed":0.0,"max_hp_gain":0.0,"max_hp_loss":0.0,"gold_gain":0.0,"event_name":"Vampires","player_choice":"Ignored","floor":27.0,"gold_loss":0.0,"damage_taken":0.0},{"damage_healed":0.0,"max_hp_gain":0.0,"max_hp_loss":0.0,"gold_gain":0.0,"cards_transformed":["Strike_B","Strike_B"],"event_name":"Drug Dealer","player_choice":"Became Test Subject","floor":30.0,"gold_loss":0.0,"damage_taken":0.0,"cards_obtained":["Doom and Gloom","Scrape"]},{"damage_healed":0,"gold_gain":0,"player_choice":"Ignored","damage_taken":0,"max_hp_gain":0,"max_hp_loss":0,"event_name":"SecretPortal","floor":36,"gold_loss":0},{"damage_healed":0,"gold_gain":0,"player_choice":"Ignored","damage_taken":0,"max_hp_gain":0,"max_hp_loss":0,"event_name":"Tomb of Lord Red Mask","floor":39,"gold_loss":0}],"is_beta":false,"boss_relics":[{"not_picked":["Runic Pyramid","Orrery"],"picked":"Inserter"},{"not_picked":["Black Star","Busted Crown"],"picked":"Astrolabe"}],"items_purged_floors":[],"is_endless":false,"potions_floor_spawned":[6,8,14,18,19,33,35,37,38],"killed_by":"Giant Head","ascension_level":20}