{"gold_per_floor":[409,70,85,85,99,99,99,99,99,99,99],"floor_reached":11,"playtime":245,"items_purged":["Doubt"],"score":122,"play_id":"69437eb0-402f-486c-b720-c2e339dc64d4","local_time":"20190321195902","is_ascension_mode":true,"campfire_choices":[{"data":"Defragment","floor":6,"key":"SMITH"},{"floor":8,"key":"REST"},{"data":"Loop","floor":10,"key":"SMITH"}],"neow_cost":"NONE","seed_source_timestamp":177852589526600,"circlet_count":0,"master_deck":["AscendersBane","Strike_B","Strike_B","Strike_B","Strike_B","Defend_B","Defend_B","Defend_B","Defend_B","Zap","Dualcast","Pain","Writhe","Genetic Algorithm+1","Loop+1","Streamline","Defragment+1"],"relics":["Calling Bell","Blood Vial","Toxic Egg 2","Old Coin","Tiny Chest","Orichalcum","Sundial"],"potions_floor_usage":[1,11],"damage_taken":[{"damage":44,"enemies":"Cultist","floor":1,"turns":6},{"damage":17,"enemies":"Jaw Worm","floor":3,"turns":6},{"damage":3,"enemies":"2 Louse","floor":5,"turns":5},{"damage":33,"enemies":"3 Sentries","floor":11,"turns":7}],"seed_played":"-4086815281180196244","potions_obtained":[{"floor":1,"key":"Fruit Juice"},{"floor":3,"key":"Dexterity Potion"}],"is_trial":false,"path_per_floor":["M","$","M","T","M","R","?","R","T","R","E"],"character_chosen":"DEFECT","items_purchased":["Loop","Streamline","Tiny Chest"],"campfire_rested":1,"item_purchase_floors":[2,2,2],"current_hp_per_floor":[27,27,12,12,11,11,11,33,33,33,2],"gold":99,"neow_bonus":"BOSS_RELIC","is_prod":false,"is_daily":false,"chose_seed":false,"campfire_upgraded":2,"win_rate":0,"timestamp":1553165942,"path_taken":["M","$","M","?","M","R","?","R","T","R","E"],"build_version":"2019-01-23","purchased_purges":1,"victory":false,"max_hp_per_floor":[76,76,76,76,76,76,76,76,76,76,76],"card_choices":[{"not_picked":["Ball Lightning","Leap+1"],"picked":"Genetic Algorithm+1","floor":1},{"not_picked":["Stack+1","Hello World"],"picked":"Defragment","floor":3},{"not_picked":["Compile Driver","Steam+1","Lockon"],"picked":"SKIP","floor":5}],"player_experience":2449811,"relics_obtained":[{"floor":0,"key":"Blood Vial"},{"floor":0,"key":"Toxic Egg 2"},{"floor":0,"key":"Old Coin"},{"floor":4,"key":"Orichalcum"},{"floor":9,"key":"Sundial"}],"event_choices":[{"damage_healed":0,"gold_gain":0,"player_choice":"Ignored","damage_taken":0,"max_hp_gain":0,"max_hp_loss":0,"event_name":"Shining Light","floor":7,"gold_loss":0}],"is_beta":false,"boss_relics":[],"items_purged_floors":[2],"is_endless":false,"potions_floor_spawned":[1,3],"killed_by":"3 Sentries","ascension_level":20}