{"gold_per_floor":[119,132,151,151,116,116,116,151,205,205,205],"floor_reached":11,"playtime":191,"items_purged":[],"score":142,"play_id":"ebe99f53-b777-42b5-8340-d796b9f1cab4","local_time":"20190318190133","is_ascension_mode":true,"campfire_choices":[{"data":"Loop","floor":6,"key":"SMITH"},{"data":"Chaos","floor":10,"key":"SMITH"}],"neow_cost":"NONE","seed_source_timestamp":116056579864600,"circlet_count":0,"master_deck":["AscendersBane","Strike_B","Strike_B","Strike_B","Strike_B","Defend_B","Defend_B","Defend_B","Zap","Dualcast","Loop+1","Double Energy","Lockon","Chaos+1"],"relics":["Cracked Core","Ancient Tea Set","Bronze Scales","Dream Catcher"],"potions_floor_usage":[8],"damage_taken":[{"damage":2,"enemies":"Cultist","floor":1,"turns":4},{"damage":6,"enemies":"Jaw Worm","floor":2,"turns":5},{"damage":1,"enemies":"2 Louse","floor":3,"turns":3},{"damage":35,"enemies":"3 Sentries","floor":8,"turns":6},{"damage":37,"enemies":"Gremlin Nob","floor":11,"turns":3}],"seed_played":"3962296342893581327","potions_obtained":[{"floor":2,"key":"PowerPotion"},{"floor":8,"key":"Energy Potion"}],"is_trial":false,"path_per_floor":["M","M","M","?","?","R","?","E","T","R","E"],"character_chosen":"DEFECT","items_purchased":[],"campfire_rested":0,"item_purchase_floors":[],"current_hp_per_floor":[62,56,55,55,71,71,71,36,36,36,0],"gold":205,"neow_bonus":"RANDOM_COMMON_RELIC","is_prod":false,"is_daily":false,"chose_seed":false,"campfire_upgraded":2,"win_rate":0,"timestamp":1552903293,"path_taken":["M","?","M","?","?","R","?","E","T","R","E"],"build_version":"2019-01-23","purchased_purges":0,"victory":false,"max_hp_per_floor":[71,71,71,71,71,71,71,71,71,71,71],"card_choices":[{"not_picked":["Barrage","Steam","Undo"],"picked":"SKIP","floor":1},{"not_picked":["Double Energy","Blizzard"],"picked":"Loop","floor":2},{"not_picked":["Rebound","Blizzard"],"picked":"Double Energy","floor":3},{"not_picked":["Conserve Battery","Leap"],"picked":"Chaos","floor":8}],"player_experience":2354283,"relics_obtained":[{"floor":8,"key":"Bronze Scales"},{"floor":9,"key":"Dream Catcher"}],"event_choices":[{"damage_healed":0,"gold_gain":0,"player_choice":"Ignored","damage_taken":0,"max_hp_gain":0,"max_hp_loss":0,"event_name":"Liars Game","floor":4,"gold_loss":0},{"damage_healed":17,"gold_gain":0,"player_choice":"Healed","damage_taken":0,"max_hp_gain":0,"max_hp_loss":0,"event_name":"The Cleric","floor":5,"gold_loss":35},{"damage_healed":0,"gold_gain":0,"cards_transformed":["Defend_B"],"player_choice":"Change","damage_taken":0,"max_hp_gain":0,"max_hp_loss":0,"event_name":"Living Wall","floor":7,"gold_loss":0,"cards_obtained":["Lockon"]}],"is_beta":false,"boss_relics":[],"items_purged_floors":[],"is_endless":false,"potions_floor_spawned":[2,8],"killed_by":"Gremlin Nob","ascension_level":20}