{"gold_per_floor":[113,133,133,150,225,253,272,272,272,272,600,330,349,367,367,444,444,457,457,475,486,486],"floor_reached":22,"playtime":699,"items_purged":[],"score":396,"play_id":"7b0f5b0b-7414-42c5-ad0c-32811f620f0d","local_time":"20190225132120","is_ascension_mode":true,"campfire_choices":[{"data":"Sunder","floor":8,"key":"SMITH"},{"floor":10,"key":"REST"},{"data":"Consume","floor":15,"key":"SMITH"}],"neow_cost":"NONE","seed_source_timestamp":437175503494800,"circlet_count":0,"master_deck":["AscendersBane","Strike_B+1","Strike_B+1","Strike_B","Strike_B","Defend_B","Defend_B","Defend_B","Defend_B","Zap","Dualcast","Cold Snap","Sunder+1","Self Repair","Leap","Consume+1","Core Surge","Darkness+1","White Noise","Ball Lightning+1"],"relics":["Cracked Core","NeowsBlessing","Happy Flower","Cables","Old Coin","Lee\u0027s Waffle","Velvet Choker"],"potions_floor_usage":[6],"damage_taken":[{"damage":0,"enemies":"Small Slimes","floor":1,"turns":1},{"damage":0,"enemies":"Jaw Worm","floor":2,"turns":1},{"damage":0,"enemies":"Cultist","floor":4,"turns":1},{"damage":40,"enemies":"Lagavulin","floor":6,"turns":7},{"damage":1,"enemies":"Looter","floor":7,"turns":4},{"damage":24,"enemies":"Gremlin Nob","floor":11,"turns":4},{"damage":3,"enemies":"3 Louse","floor":13,"turns":3},{"damage":0,"enemies":"2 Fungi Beasts","floor":14,"turns":2},{"damage":21,"enemies":"The Guardian","floor":16,"turns":14},{"damage":22,"enemies":"Shell Parasite","floor":18,"turns":4},{"damage":35,"enemies":"Colosseum Slavers","floor":19,"turns":5},{"damage":21,"enemies":"2 Thieves","floor":20,"turns":4},{"damage":11,"enemies":"Snecko","floor":21,"turns":4},{"damage":30,"enemies":"Cultist and Chosen","floor":22,"turns":3}],"seed_played":"2785930954084604009","potions_obtained":[{"floor":4,"key":"Regen Potion"},{"floor":6,"key":"Dexterity Potion"},{"floor":7,"key":"LiquidBronze"}],"is_trial":false,"path_per_floor":["M","M","?","M","?","E","M","R","T","R","E","$","M","M","R","B",null,"M","?","M","M","M"],"character_chosen":"DEFECT","items_purchased":["Lee\u0027s Waffle","Leap"],"campfire_rested":1,"item_purchase_floors":[12,12],"current_hp_per_floor":[64,64,43,43,32,7,6,6,6,27,3,78,78,78,78,64,75,60,32,18,14,0],"gold":486,"neow_bonus":"THREE_ENEMY_KILL","is_prod":false,"is_daily":false,"chose_seed":false,"campfire_upgraded":2,"win_rate":0,"timestamp":1551068480,"path_taken":["M","M","?","M","?","E","M","R","T","R","E","$","?","?","R","BOSS","M","?","M","M","M"],"build_version":"2019-01-23","purchased_purges":0,"victory":false,"max_hp_per_floor":[71,71,71,71,71,71,71,71,71,71,71,78,78,78,78,78,78,78,78,78,78,78],"card_choices":[{"not_picked":["Static Discharge","Force Field"],"picked":"Cold Snap","floor":1},{"not_picked":["Blizzard","Rebound","Turbo"],"picked":"SKIP","floor":2},{"not_picked":["Steam","Stack","Turbo"],"picked":"SKIP","floor":4},{"not_picked":["Barrage","Sweeping Beam"],"picked":"Sunder","floor":6},{"not_picked":["Double Energy","Steam","Leap"],"picked":"SKIP","floor":7},{"not_picked":["Reprogram","Hologram"],"picked":"Self Repair","floor":11},{"not_picked":["Redo","Heatsinks","Rebound"],"picked":"SKIP","floor":13},{"not_picked":["Sunder","Machine Learning"],"picked":"Consume","floor":14},{"not_picked":["Amplify","All For One"],"picked":"Core Surge","floor":16},{"not_picked":["Darkness+1","Steam","Redo"],"picked":"SKIP","floor":18},{"not_picked":["Steam","Redo"],"picked":"Darkness+1","floor":18},{"not_picked":["FTL","Turbo"],"picked":"White Noise","floor":20},{"not_picked":["Static Discharge","Leap","Ball Lightning+1"],"picked":"SKIP","floor":21},{"not_picked":["Static Discharge","Leap"],"picked":"Ball Lightning+1","floor":21}],"player_experience":1809827,"relics_obtained":[{"floor":6,"key":"Happy Flower"},{"floor":9,"key":"Cables"},{"floor":11,"key":"Old Coin"}],"event_choices":[{"damage_healed":0,"gold_gain":0,"player_choice":"Entered Light","damage_taken":21,"max_hp_gain":0,"max_hp_loss":0,"event_name":"Shining Light","floor":3,"gold_loss":0,"cards_upgraded":["Strike_B","Strike_B"]},{"damage_healed":0,"gold_gain":75,"player_choice":"Gather Gold","damage_taken":11,"max_hp_gain":0,"max_hp_loss":0,"event_name":"World of Goop","floor":5,"gold_loss":0},{"damage_healed":0,"gold_gain":0,"player_choice":"Fight","damage_taken":0,"max_hp_gain":0,"max_hp_loss":0,"event_name":"Colosseum","floor":19,"gold_loss":0},{"damage_healed":0,"gold_gain":0,"player_choice":"Fled From Nobs","damage_taken":0,"max_hp_gain":0,"max_hp_loss":0,"event_name":"Colosseum","floor":19,"gold_loss":0}],"is_beta":false,"boss_relics":[{"not_picked":["White Beast Statue","Astrolabe"],"picked":"Velvet Choker"}],"items_purged_floors":[],"is_endless":false,"potions_floor_spawned":[4,6,7,16,18,19],"killed_by":"Cultist and Chosen","ascension_level":20}