{"gold_per_floor":[209,223,223,234,159,159,84,84,84,84,84,111,111,129,129,206,206,218,218,218,232,250,250,250,250,320,355,355,355,355,375,375,454,454,468,483,433,333,353,384,398,398,422,62,89,89,104,134,134,134,134,134,134,78,111,111],"floor_reached":57,"playtime":2880,"items_purged":["Strike_R","Defend_R"],"score":3212,"play_id":"abec95bf-05fe-4b83-907f-03715e844aa0","local_time":"20190419125334","is_ascension_mode":true,"campfire_choices":[{"data":"Rampage","floor":6.0,"key":"SMITH"},{"data":"Inflame","floor":8.0,"key":"SMITH"},{"data":"Strike_R","floor":11.0,"key":"PURGE"},{"data":"Bash","floor":15.0,"key":"PURGE"},{"data":"Strike_R","floor":23.0,"key":"PURGE"},{"data":"Juggernaut","floor":25.0,"key":"SMITH"},{"data":"True Grit","floor":29,"key":"SMITH"},{"data":"Shockwave","floor":32,"key":"SMITH"},{"data":"Defend_R","floor":42,"key":"PURGE"},{"floor":49,"key":"RECALL"},{"data":"Shrug It Off","floor":53,"key":"SMITH"}],"neow_cost":"NONE","seed_source_timestamp":0,"circlet_count":0,"master_deck":["AscendersBane","Defend_R+1","Inflame+1","Rampage+1","Shrug It Off+1","Shockwave+1","Juggernaut+1","Clumsy","Ghostly","Ghostly","Ghostly","Ghostly+1","True Grit+1","Offering","Barricade+1","Body Slam+1","Feel No Pain+1","Clothesline+1"],"special_seed":0,"relics":["Burning Blood","Peace Pipe","Lantern","Omamori","Anchor","Calling Bell","Boot","Mercury Hourglass","Gambling Chip","Singing Bowl","Molten Egg 2","Frozen Egg 2","Runic Dome","Regal Pillow","Mummified Hand","Pear","Ginger","Bag of Marbles"],"potions_floor_usage":[27,33,56,56],"damage_taken":[{"damage":7.0,"enemies":"Jaw Worm","floor":1.0,"turns":4.0},{"damage":2.0,"enemies":"Cultist","floor":2.0,"turns":4.0},{"damage":10.0,"enemies":"Small Slimes","floor":4.0,"turns":3.0},{"damage":44.0,"enemies":"3 Sentries","floor":12.0,"turns":9.0},{"damage":0.0,"enemies":"Looter","floor":14.0,"turns":3.0},{"damage":17.0,"enemies":"The Guardian","floor":16.0,"turns":12.0},{"damage":0.0,"enemies":"3 Byrds","floor":18.0,"turns":5.0},{"damage":2.0,"enemies":"Spheric Guardian","floor":21.0,"turns":5.0},{"damage":7.0,"enemies":"Centurion and Healer","floor":22.0,"turns":8.0},{"damage":17,"enemies":"Book of Stabbing","floor":27,"turns":7},{"damage":3,"enemies":"Shelled Parasite and Fungi","floor":31,"turns":5},{"damage":16,"enemies":"Champ","floor":33,"turns":10},{"damage":4,"enemies":"Orb Walker","floor":35,"turns":6},{"damage":1,"enemies":"3 Shapes","floor":36,"turns":4},{"damage":6,"enemies":"Maw","floor":39,"turns":6},{"damage":14,"enemies":"Reptomancer","floor":40,"turns":10},{"damage":5,"enemies":"Transient","floor":41,"turns":6},{"damage":6,"enemies":"Nemesis","floor":45,"turns":5},{"damage":1,"enemies":"Writhing Mass","floor":47,"turns":4},{"damage":7,"enemies":"Reptomancer","floor":48,"turns":6},{"damage":6,"enemies":"Donu and Deca","floor":50,"turns":7},{"damage":6,"enemies":"Time Eater","floor":51,"turns":6},{"damage":1,"enemies":"Shield and Spear","floor":55,"turns":5},{"damage":6,"enemies":"The Heart","floor":56,"turns":9}],"seed_played":"-7876123185323728634","potions_obtained":[{"floor":1.0,"key":"EssenceOfSteel"},{"floor":4.0,"key":"Weak Potion"},{"floor":21.0,"key":"Weak Potion"},{"floor":27,"key":"Weak Potion"},{"floor":35,"key":"SpeedPotion"},{"floor":47,"key":"FearPotion"}],"is_trial":false,"path_per_floor":["M","M","?","M","?","R","$","R","T","?","R","E","T","M","R","B",null,"M","?","?","M","M","R","?","R","T","E","?","R","T","M","R","B",null,"M","M","?","$","M","E","M","R","T","$","E","?","M","E","R","B","B",null,"R","$","E","B",null],"character_chosen":"IRONCLAD","items_purchased":["Mummified Hand","Feel No Pain+1","Dexterity Potion"],"campfire_rested":0,"item_purchase_floors":[44,44,54],"current_hp_per_floor":[67,71,71,67,67,67,67,67,67,62,62,24,24,30,30,19,61,67,37,37,37,36,36,36,36,36,25,25,25,25,30,30,20,34,36,41,41,41,43,37,40,40,40,40,52,52,59,60,60,60,60,62,62,62,65,65],"gold":111,"neow_bonus":"HUNDRED_GOLD","is_prod":false,"is_daily":false,"chose_seed":true,"campfire_upgraded":6,"win_rate":0,"timestamp":1555646014,"path_taken":["M","M","?","?","?","R","$","R","T","?","R","E","?","M","R","BOSS","M","?","?","?","M","R","?","R","T","E","?","R","?","M","R","BOSS","M","M","?","$","?","E","M","R","T","$","E","?","M","E","R","BOSS","BOSS","R","$","E","BOSS"],"build_version":"2019-01-23","purchased_purges":2,"victory":true,"max_hp_per_floor":[75,75,75,75,75,75,75,75,75,75,75,75,75,75,75,75,75,75,37,37,37,37,37,37,37,37,37,37,37,37,39,39,39,39,39,41,41,41,43,45,47,47,47,47,59,59,61,63,63,63,63,63,63,63,65,65],"card_choices":[{"not_picked":["Infernal Blade","Clash"],"picked":"Inflame","floor":1.0},{"not_picked":["Heavy Blade","Metallicize"],"picked":"Rampage","floor":2.0},{"not_picked":["Wild Strike","Searing Blow"],"picked":"Shrug It Off","floor":4.0},{"not_picked":["Thunderclap","Burning Pact"],"picked":"Shockwave","floor":12.0},{"not_picked":["Intimidate","Dual Wield","Clothesline"],"picked":"SKIP","floor":14.0},{"not_picked":["Berserk","Dark Embrace"],"picked":"Juggernaut","floor":16.0},{"not_picked":["Inflame","Body Slam","Thunderclap"],"picked":"SKIP","floor":18.0},{"not_picked":["Inflame","Body Slam","Thunderclap"],"picked":"SKIP","floor":18.0},{"not_picked":["Cleave","Inflame","Shockwave"],"picked":"SKIP","floor":21.0},{"not_picked":["Clothesline","Blood for Blood","Cleave"],"picked":"SKIP","floor":22.0},{"not_picked":["Corruption","Spot Weakness"],"picked":"True Grit","floor":27},{"not_picked":["Pummel+1","Wild Strike+1","Warcry"],"picked":"Singing Bowl","floor":31},{"not_picked":["Immolate+1","Berserk+1"],"picked":"Barricade+1","floor":33},{"not_picked":["Pommel Strike+1","Rampage+1"],"picked":"Body Slam+1","floor":35},{"not_picked":["Heavy Blade+1","Wild Strike+1","Anger+1"],"picked":"Singing Bowl","floor":36},{"not_picked":["Seeing Red","Armaments+1","Battle Trance+1"],"picked":"Singing Bowl","floor":39},{"not_picked":["Iron Wave+1","Clash+1","Corruption+1"],"picked":"Singing Bowl","floor":40},{"not_picked":["True Grit","Corruption+1","Twin Strike+1"],"picked":"Singing Bowl","floor":41},{"not_picked":["Sever Soul+1","Bludgeon+1","Armaments"],"picked":"Singing Bowl","floor":45},{"not_picked":["Flex","Anger+1","Rupture+1"],"picked":"Singing Bowl","floor":47},{"not_picked":["Cleave+1","Rampage+1","Clash+1"],"picked":"Singing Bowl","floor":48},{"not_picked":["Perfected Strike+1","Body Slam+1","Power Through+1"],"picked":"Singing Bowl","floor":55}],"player_experience":3219933,"relics_obtained":[{"floor":9.0,"key":"Peace Pipe"},{"floor":12.0,"key":"Omamori"},{"floor":13.0,"key":"Anchor"},{"floor":17.0,"key":"Boot"},{"floor":17.0,"key":"Mercury Hourglass"},{"floor":17.0,"key":"Gambling Chip"},{"floor":26.0,"key":"Singing Bowl"},{"floor":27,"key":"Molten Egg 2"},{"floor":30,"key":"Frozen Egg 2"},{"floor":40,"key":"Regal Pillow"},{"floor":45,"key":"Pear"},{"floor":48,"key":"Ginger"},{"floor":55,"key":"Bag of Marbles"}],"event_choices":[{"cards_removed":["Strike_R"],"damage_healed":0.0,"max_hp_gain":0.0,"max_hp_loss":0.0,"gold_gain":0.0,"event_name":"Bonfire Elementals","player_choice":"Offered Basic","floor":3.0,"gold_loss":0.0,"damage_taken":0.0},{"cards_removed":["Strike_R"],"damage_healed":0.0,"max_hp_gain":0.0,"max_hp_loss":0.0,"gold_gain":0.0,"event_name":"The Cleric","player_choice":"Card Removal","floor":5.0,"gold_loss":75.0,"damage_taken":0.0},{"damage_healed":0.0,"max_hp_gain":0.0,"max_hp_loss":0.0,"gold_gain":0.0,"event_name":"Scrap Ooze","player_choice":"Success","floor":10.0,"gold_loss":0.0,"damage_taken":5.0,"relics_obtained":["Lantern"]},{"damage_healed":0.0,"max_hp_gain":0.0,"max_hp_loss":38.0,"gold_gain":0.0,"event_name":"Ghosts","player_choice":"Became a Ghost","floor":19.0,"gold_loss":0.0,"damage_taken":0.0,"cards_obtained":["Ghostly","Ghostly","Ghostly"]},{"damage_healed":0.0,"max_hp_gain":0.0,"max_hp_loss":0.0,"gold_gain":0.0,"event_name":"Duplicator","player_choice":"Copied","floor":20.0,"gold_loss":0.0,"damage_taken":0.0,"cards_obtained":["Ghostly"]},{"cards_removed":["Defend_R"],"damage_healed":0.0,"max_hp_gain":0.0,"max_hp_loss":0.0,"gold_gain":0.0,"event_name":"Back to Basics","player_choice":"Elegance","floor":24.0,"gold_loss":0.0,"damage_taken":0.0},{"damage_healed":0,"gold_gain":0,"player_choice":"Read","damage_taken":0,"max_hp_gain":0,"max_hp_loss":0,"event_name":"The Library","floor":28,"gold_loss":0,"cards_obtained":["Offering"]},{"damage_healed":0,"gold_gain":0,"player_choice":"Upgraded Two","damage_taken":0,"max_hp_gain":0,"max_hp_loss":0,"event_name":"Designer","floor":37,"gold_loss":50,"cards_upgraded":["Ghostly","Defend_R"]},{"damage_healed":0,"gold_gain":0,"player_choice":"1 cards matched","damage_taken":0,"max_hp_gain":0,"max_hp_loss":0,"event_name":"Match and Keep!","floor":46,"gold_loss":0,"cards_obtained":["Clothesline"]}],"is_beta":false,"boss_relics":[{"not_picked":["Empty Cage","Fusion Hammer"],"picked":"Calling Bell"},{"not_picked":["Philosopher\u0027s Stone","Cursed Key"],"picked":"Runic Dome"}],"items_purged_floors":[7,38],"is_endless":false,"potions_floor_spawned":[1,4,21,27,35,47,55],"ascension_level":20}