{"gold_per_floor":[112,37,37,56,72,97,97,97,121,134,148,173,173,207,207,280,280,298,298,323,4,4,24,24,24,50,79,79,79,91,121,121,193,193,204,204,214,114,114,114,138,163,163,180,180,215,215,248,248,248,248,248,248,27,62,62],"floor_reached":56,"playtime":2624,"items_purged":["Strike_R+1","Bludgeon+1","Immolate+1"],"score":2124,"play_id":"2b06b77d-d296-41c2-abc0-1cd8074a0e60","local_time":"20190420190234","is_ascension_mode":true,"campfire_choices":[{"data":"Carnage","floor":7.0,"key":"SMITH"},{"data":"Bash","floor":13.0,"key":"SMITH"},{"data":"Disarm","floor":15.0,"key":"SMITH"},{"data":"Immolate","floor":24.0,"key":"SMITH"},{"data":"Armaments","floor":28.0,"key":"SMITH"},{"data":"Limit Break","floor":32.0,"key":"SMITH"},{"data":"Barricade","floor":45.0,"key":"SMITH"},{"data":"Inflame","floor":47.0,"key":"SMITH"},{"floor":49.0,"key":"RECALL"},{"data":"Dual Wield","floor":53.0,"key":"SMITH"}],"neow_cost":"NONE","seed_source_timestamp":397503760692700,"circlet_count":0,"master_deck":["AscendersBane","Defend_R+1","Defend_R+1","Defend_R+1","Inflame+1","Impervious","Evolve","Corruption","Shrug It Off+1","Disarm+1","True Grit","Feed+1","Seeing Red","Impervious","Impervious","Reaper+1","Armaments+1","Limit Break+1","Barricade+1","Shrug It Off+1","Limit Break+1","Body Slam","Master of Strategy","Dual Wield+1","Shrug It Off+1","Feel No Pain"],"special_seed":0,"relics":["Burning Blood","NeowsBlessing","Happy Flower","Pen Nib","War Paint","Dodecahedron","Orrery","Bag of Preparation","Omamori","Lantern","Bronze Scales","Pear","Astrolabe","Whetstone","Boot","Mercury Hourglass","Smiling Mask","Vajra","Art of War","Bottled Lightning"],"potions_floor_usage":[56],"damage_taken":[{"damage":0.0,"enemies":"Small Slimes","floor":1.0,"turns":1.0},{"damage":0.0,"enemies":"Jaw Worm","floor":4.0,"turns":2.0},{"damage":0.0,"enemies":"Cultist","floor":5.0,"turns":1.0},{"damage":35.0,"enemies":"3 Sentries","floor":6.0,"turns":10.0},{"damage":12.0,"enemies":"Exordium Thugs","floor":10.0,"turns":5.0},{"damage":1.0,"enemies":"2 Fungi Beasts","floor":11.0,"turns":3.0},{"damage":12.0,"enemies":"Lagavulin","floor":12.0,"turns":7.0},{"damage":22.0,"enemies":"3 Sentries","floor":14.0,"turns":7.0},{"damage":8.0,"enemies":"The Guardian","floor":16.0,"turns":12.0},{"damage":6.0,"enemies":"2 Thieves","floor":18.0,"turns":3.0},{"damage":24.0,"enemies":"Spheric Guardian","floor":23.0,"turns":5.0},{"damage":16.0,"enemies":"Slavers","floor":27.0,"turns":4.0},{"damage":7.0,"enemies":"Chosen and Byrds","floor":30.0,"turns":6.0},{"damage":26.0,"enemies":"Gremlin Leader","floor":31.0,"turns":5.0},{"damage":32.0,"enemies":"Champ","floor":33.0,"turns":18.0},{"damage":7.0,"enemies":"3 Shapes","floor":35.0,"turns":9.0},{"damage":47.0,"enemies":"3 Darklings","floor":37.0,"turns":14.0},{"damage":143.0,"enemies":"Giant Head","floor":42.0,"turns":11.0},{"damage":46.0,"enemies":"Writhing Mass","floor":44.0,"turns":7.0},{"damage":0.0,"enemies":"Nemesis","floor":46.0,"turns":11.0},{"damage":0.0,"enemies":"Reptomancer","floor":48.0,"turns":5.0},{"damage":162.0,"enemies":"Donu and Deca","floor":50.0,"turns":12.0},{"damage":70.0,"enemies":"Time Eater","floor":51.0,"turns":11.0},{"damage":186.0,"enemies":"Shield and Spear","floor":55.0,"turns":10.0},{"damage":2,"enemies":"The Heart","floor":56,"turns":2}],"seed_played":"-5845374259295524648","potions_obtained":[{"floor":1.0,"key":"Regen Potion"},{"floor":6.0,"key":"Weak Potion"},{"floor":11.0,"key":"Strength Potion"},{"floor":14.0,"key":"Strength Potion"},{"floor":23.0,"key":"Dexterity Potion"},{"floor":30.0,"key":"SpeedPotion"},{"floor":31.0,"key":"SteroidPotion"},{"floor":33.0,"key":"BloodPotion"},{"floor":37.0,"key":"Fire Potion"},{"floor":46.0,"key":"Energy Potion"},{"floor":48.0,"key":"Poison Potion"},{"floor":55.0,"key":"Swift Potion"}],"is_trial":false,"path_per_floor":["M","?","?","M","M","E","R","$","T","M","M","E","R","E","R","B",null,"M","?","T","$","?","M","R","?","T","E","R","T","M","E","R","B",null,"M","$","M","$","?","?","T","E","T","M","R","E","R","E","R","B","B",null,"R","$","E","B"],"character_chosen":"IRONCLAD","items_purchased":["Bag of Preparation","Impervious","Art of War"],"campfire_rested":0,"item_purchase_floors":[21,21,54],"current_hp_per_floor":[74,74,74,75,75,61,61,61,61,55,60,54,54,38,38,36,65,68,68,68,68,68,53,53,53,53,53,53,53,56,64,64,98,98,102,102,106,106,106,96,96,51,51,106,106,106,106,110,110,88,118,118,118,118,29,27],"gold":62,"neow_bonus":"THREE_ENEMY_KILL","is_prod":false,"is_daily":false,"chose_seed":false,"campfire_upgraded":9,"win_rate":0,"timestamp":1555754554,"path_taken":["M","?","?","M","M","E","R","$","T","M","M","E","R","E","R","BOSS","M","?","?","$","?","?","R","?","T","E","R","?","?","E","R","BOSS","M","$","M","$","?","?","?","E","T","?","R","E","R","E","R","BOSS","BOSS","R","$","E","BOSS"],"build_version":"2019-01-23","purchased_purges":3,"victory":false,"max_hp_per_floor":[75,75,75,75,75,75,75,75,75,75,75,75,75,75,75,75,75,78,78,78,78,78,81,81,81,81,84,84,84,88,98,98,98,98,102,102,106,106,106,106,106,106,106,106,106,106,106,110,110,114,118,118,118,118,118,118],"card_choices":[{"not_picked":["Sword Boomerang","Thunderclap"],"picked":"Inflame","floor":1.0},{"not_picked":["Armaments","Headbutt"],"picked":"Corruption","floor":4.0},{"not_picked":["Body Slam","Intimidate"],"picked":"Carnage","floor":5.0},{"not_picked":["Corruption","Clash","Inflame"],"picked":"SKIP","floor":6.0},{"not_picked":["Iron Wave","Combust","Brutality"],"picked":"SKIP","floor":10.0},{"not_picked":["Clash","Uppercut"],"picked":"Shrug It Off","floor":11.0},{"not_picked":["Shrug It Off","Blood for Blood"],"picked":"Disarm","floor":12.0},{"not_picked":["Feel No Pain","Power Through"],"picked":"True Grit","floor":14.0},{"not_picked":["Limit Break","Bludgeon"],"picked":"Immolate","floor":16.0},{"not_picked":["Disarm","Sword Boomerang"],"picked":"Feed","floor":17.0},{"not_picked":["Headbutt","Clash"],"picked":"Seeing Red","floor":17.0},{"not_picked":["Anger","Shrug It Off","Clash"],"picked":"SKIP","floor":18.0},{"not_picked":["Heavy Blade","Twin Strike"],"picked":"Impervious","floor":23.0},{"not_picked":["Pommel Strike+1","Ghostly Armor","Rupture+1"],"picked":"SKIP","floor":27.0},{"not_picked":["Reckless Charge","Anger+1","Blood for Blood"],"picked":"SKIP","floor":30.0},{"not_picked":["Disarm","Ghostly Armor+1"],"picked":"Limit Break","floor":31.0},{"not_picked":["Brutality","Exhume"],"picked":"Barricade","floor":33.0},{"not_picked":["Wild Strike","Heavy Blade","Ghostly Armor"],"picked":"SKIP","floor":35.0},{"not_picked":["Intimidate","Havoc"],"picked":"Body Slam","floor":37.0},{"not_picked":["PanicButton","The Bomb"],"picked":"Master of Strategy","floor":40.0},{"not_picked":["Combust","Twin Strike","Corruption+1"],"picked":"SKIP","floor":42.0},{"not_picked":["Cleave","Intimidate","Clash+1"],"picked":"SKIP","floor":44.0},{"not_picked":["Clothesline","Armaments+1"],"picked":"Dual Wield","floor":46.0},{"not_picked":["Spot Weakness","Sever Soul"],"picked":"Shrug It Off+1","floor":48.0},{"not_picked":["Sever Soul+1","Thunderclap"],"picked":"Feel No Pain","floor":55.0}],"player_experience":3251371,"relics_obtained":[{"floor":6.0,"key":"Happy Flower"},{"floor":9.0,"key":"Pen Nib"},{"floor":12.0,"key":"War Paint"},{"floor":14.0,"key":"Dodecahedron"},{"floor":26.0,"key":"Omamori"},{"floor":27.0,"key":"Lantern"},{"floor":29.0,"key":"Bronze Scales"},{"floor":31.0,"key":"Pear"},{"floor":41.0,"key":"Whetstone"},{"floor":42.0,"key":"Boot"},{"floor":43.0,"key":"Mercury Hourglass"},{"floor":46.0,"key":"Smiling Mask"},{"floor":48.0,"key":"Vajra"},{"floor":55.0,"key":"Bottled Lightning"}],"event_choices":[{"cards_removed":["Strike_R"],"damage_healed":0.0,"max_hp_gain":0.0,"max_hp_loss":0.0,"gold_gain":0.0,"event_name":"The Cleric","player_choice":"Card Removal","floor":2.0,"gold_loss":75.0,"damage_taken":0.0},{"damage_healed":0.0,"max_hp_gain":0.0,"max_hp_loss":0.0,"gold_gain":0.0,"event_name":"Match and Keep!","player_choice":"2 cards matched","floor":3.0,"gold_loss":0.0,"damage_taken":0.0,"cards_obtained":["Impervious","Evolve"]},{"damage_healed":0.0,"max_hp_gain":0.0,"max_hp_loss":0.0,"gold_gain":0.0,"event_name":"Back to Basics","player_choice":"Simplicity","floor":19.0,"gold_loss":0.0,"damage_taken":0.0,"cards_upgraded":["Strike_R","Strike_R","Strike_R","Strike_R","Defend_R","Defend_R","Defend_R"]},{"damage_healed":0.0,"max_hp_gain":0.0,"max_hp_loss":0.0,"gold_gain":0.0,"event_name":"The Mausoleum","player_choice":"Ignored","floor":22.0,"gold_loss":0.0,"damage_taken":0.0},{"damage_healed":0.0,"max_hp_gain":0.0,"max_hp_loss":0.0,"gold_gain":0.0,"cards_transformed":["Strike_R","Defend_R"],"event_name":"Drug Dealer","player_choice":"Became Test Subject","floor":25.0,"gold_loss":0.0,"damage_taken":0.0,"cards_obtained":["Reaper","Armaments"]},{"cards_removed":["Carnage"],"damage_healed":0.0,"max_hp_gain":0.0,"max_hp_loss":0.0,"gold_gain":0.0,"event_name":"Falling","player_choice":"Removed Attack","floor":39.0,"gold_loss":0.0,"damage_taken":0.0},{"damage_healed":0.0,"max_hp_gain":0.0,"max_hp_loss":0.0,"gold_gain":0.0,"event_name":"SensoryStone","player_choice":"Memory 3","floor":40.0,"gold_loss":0.0,"damage_taken":10.0}],"is_beta":false,"boss_relics":[{"not_picked":["Ectoplasm","Runic Pyramid"],"picked":"Orrery"},{"not_picked":["Philosopher\u0027s Stone","Runic Cube"],"picked":"Astrolabe"}],"items_purged_floors":[21,38,54],"is_endless":false,"potions_floor_spawned":[1,6,11,14,23,30,31,33,37,46,48,55],"killed_by":"The Heart","ascension_level":20}