{"gold_per_floor":[113,113,113,33,48,48,80,4,4,29,29,29,43,59,59,137,137,150,121,121,121,171],"floor_reached":22,"playtime":1209,"items_purged":[],"score":374,"play_id":"683fcf43-a889-4cb3-bc78-2b29062d99ac","local_time":"20190422191532","is_ascension_mode":true,"campfire_choices":[{"data":"Sunder","floor":6,"key":"SMITH"},{"floor":12,"key":"REST"},{"floor":15,"key":"DIG"}],"neow_cost":"NONE","seed_source_timestamp":955955324910241,"circlet_count":0,"master_deck":["AscendersBane","Strike_B","Strike_B","Strike_B","Strike_B","Defend_B","Defend_B","Defend_B","Defend_B","Zap+1","Dualcast","Streamline","Self Repair","Sunder+1","Loop","Auto Shields","Compile Driver","Chaos","Creative AI","Redo"],"relics":["FrozenCore","Shovel","Mercury Hourglass","Bronze Scales","Bag of Preparation","SsserpentHead"],"potions_floor_usage":[10],"damage_taken":[{"damage":3,"enemies":"2 Louse","floor":1,"turns":3},{"damage":2,"enemies":"Jaw Worm","floor":5,"turns":3},{"damage":20,"enemies":"Lagavulin","floor":7,"turns":7},{"damage":24,"enemies":"Gremlin Nob","floor":10,"turns":4},{"damage":0,"enemies":"Cultist","floor":13,"turns":3},{"damage":2,"enemies":"Blue Slaver","floor":14,"turns":2},{"damage":62,"enemies":"Slime Boss","floor":16,"turns":9},{"damage":31,"enemies":"Shell Parasite","floor":18,"turns":7},{"damage":22,"enemies":"2 Thieves","floor":19,"turns":4},{"damage":37,"enemies":"Snecko","floor":22,"turns":10}],"seed_played":"-8527342900960299956","potions_obtained":[{"floor":7,"key":"Weak Potion"},{"floor":10,"key":"FairyPotion"},{"floor":13,"key":"LiquidBronze"}],"is_trial":false,"path_per_floor":["M","?","?","$","M","R","E","$","T","E","?","R","M","M","R","B",null,"M","M","?","?","M"],"character_chosen":"DEFECT","items_purchased":["Self Repair","Loop"],"campfire_rested":1,"item_purchase_floors":[4,8],"current_hp_per_floor":[68,68,68,68,73,73,60,60,60,43,43,66,73,78,78,23,64,40,25,25,25,0],"gold":171,"neow_bonus":"TEN_PERCENT_HP_BONUS","is_prod":false,"is_daily":false,"chose_seed":false,"campfire_upgraded":1,"win_rate":0,"timestamp":1555949732,"path_taken":["M","?","?","$","M","R","E","$","T","E","?","R","M","M","R","BOSS","M","M","?","?","?"],"build_version":"2019-01-23","purchased_purges":0,"victory":false,"max_hp_per_floor":[78,78,78,78,78,78,78,78,78,78,78,78,78,78,78,78,78,78,78,78,78,78],"card_choices":[{"not_picked":["Hologram","Barrage"],"picked":"Streamline","floor":1},{"not_picked":["Compile Driver","FTL"],"picked":"Sunder","floor":5},{"not_picked":["Sweeping Beam","Tempest","Go for the Eyes"],"picked":"SKIP","floor":7},{"not_picked":["Streamline","Consume"],"picked":"Auto Shields","floor":10},{"not_picked":["Undo","Gash"],"picked":"Compile Driver","floor":13},{"not_picked":["Rebound","Core Surge"],"picked":"Chaos","floor":14},{"not_picked":["Core Surge","Reboot"],"picked":"Creative AI","floor":16},{"not_picked":["Reinforced Body","Barrage"],"picked":"Redo","floor":18},{"not_picked":["Reprogram","Sweeping Beam","Hologram+1"],"picked":"SKIP","floor":19}],"player_experience":1230602,"relics_obtained":[{"floor":7,"key":"Shovel"},{"floor":9,"key":"Mercury Hourglass"},{"floor":10,"key":"Bronze Scales"},{"floor":15,"key":"Bag of Preparation"}],"event_choices":[{"damage_healed":0,"gold_gain":0,"player_choice":"Leave","damage_taken":0,"max_hp_gain":0,"max_hp_loss":0,"event_name":"The Cleric","floor":2,"gold_loss":0},{"damage_healed":0,"gold_gain":0,"player_choice":"Grow","damage_taken":0,"max_hp_gain":0,"max_hp_loss":0,"event_name":"Living Wall","floor":3,"gold_loss":0,"cards_upgraded":["Zap"]},{"damage_healed":0,"gold_gain":0,"player_choice":"Ignored","damage_taken":0,"max_hp_gain":0,"max_hp_loss":0,"event_name":"Shining Light","floor":11,"gold_loss":0},{"damage_healed":0,"gold_gain":0,"player_choice":"Ignored","damage_taken":0,"max_hp_gain":0,"max_hp_loss":0,"event_name":"Vampires","floor":20,"gold_loss":0},{"damage_healed":0,"gold_gain":0,"player_choice":"Trade","damage_taken":0,"relics_obtained":["SsserpentHead"],"max_hp_gain":0,"max_hp_loss":0,"event_name":"FaceTrader","floor":21,"gold_loss":0}],"is_beta":false,"boss_relics":[{"not_picked":["Coffee Dripper","Sozu"],"picked":"FrozenCore"}],"items_purged_floors":[],"is_endless":false,"potions_floor_spawned":[7,10,13,14,16],"killed_by":"Snecko","ascension_level":19}