{"path_per_floor":["M","$","M","?","T","R","E","$","T","M","E","?","R","M","R","B",null,"M","?","?","$","?","R","E","M","T","M","M","E","?","M","R"],"character_chosen":"IRONCLAD","items_purchased":["Dual Wield","Iron Wave"],"gold_per_floor":[111,36,47,47,72,72,100,32,101,119,153,153,153,171,171,270,270,281,281,281,129,129,129,154,170,240,255,265,292,292,306,306,306],"floor_reached":33,"campfire_rested":3,"playtime":1856,"item_purchase_floors":[8,21],"current_hp_per_floor":[66,66,72,72,72,72,63,63,63,67,48,41,64,70,70,38,67,60,60,60,60,60,82,60,55,55,54,59,50,50,45,69,0],"items_purged":["Parasite","Defend_R"],"gold":306,"score":435,"play_id":"039d32c6-2c59-4fcb-8c90-c9a802d6bbaa","local_time":"20180525223922","is_prod":false,"is_daily":false,"chose_seed":false,"is_ascension_mode":true,"campfire_upgraded":2,"win_rate":0,"timestamp":1527277162,"campfire_choices":[{"data":"Shockwave","floor":6,"key":"SMITH"},{"floor":13,"key":"REST"},{"data":"Dual Wield","floor":15,"key":"SMITH"},{"floor":23,"key":"REST"},{"floor":32,"key":"REST"}],"path_taken":["M","$","M","?","?","R","E","$","T","M","E","?","R","?","R","BOSS","M","?","?","$","?","R","E","M","T","M","M","E","?","M","R","BOSS"],"build_version":"2018-05-24","seed_source_timestamp":345982962952611,"purchased_purges":2,"victory":false,"master_deck":["Strike_R","Strike_R","Strike_R","Strike_R","Defend_R","Defend_R","Bash","Shockwave+1","Clash","Iron Wave","Dual Wield+1","Anger","Flex","Clash","Intimidate","Iron Wave","Anger","Anger","Anger+1","Anger"],"max_hp_per_floor":[80,77,77,77,77,77,77,77,77,77,77,77,77,77,77,77,77,82,82,82,82,82,82,82,82,82,82,82,82,82,82,82,82],"relics":["Burning Blood","Champion Belt","Bronze Scales","Sundial","Dodecahedron","Thread and Needle","Orrery","Orichalcum","Mummified Hand","Omamori"],"card_choices":[{"not_picked":["Body Slam","Heavy Blade"],"picked":"Shockwave","floor":1},{"not_picked":["Spot Weakness","Anger"],"picked":"Clash","floor":3},{"not_picked":["Seeing Red","Headbutt"],"picked":"Iron Wave","floor":7},{"not_picked":["Ghostly Armor","Shrug It Off"],"picked":"Anger","floor":10},{"not_picked":["Inflame","Warcry","Rampage"],"picked":"SKIP","floor":11},{"not_picked":["Wild Strike","Shrug It Off"],"picked":"Flex","floor":14},{"not_picked":["Pommel Strike","Thunderclap"],"picked":"Clash","floor":17},{"not_picked":["Wild Strike","Flame Barrier"],"picked":"Intimidate","floor":17},{"not_picked":["Havoc","Shrug It Off","Juggernaut"],"picked":"SKIP","floor":18},{"not_picked":["Infernal Blade","Ghostly Armor"],"picked":"Anger","floor":24},{"not_picked":["True Grit","Armaments+1"],"picked":"Anger","floor":25},{"not_picked":["Sword Boomerang","Whirlwind+1","Flex"],"picked":"SKIP","floor":27},{"not_picked":["Heavy Blade","Headbutt+1","Second Wind+1"],"picked":"SKIP","floor":28},{"not_picked":["Iron Wave","Inflame"],"picked":"Anger+1","floor":29},{"not_picked":["Iron Wave","Clothesline"],"picked":"Anger","floor":31}],"player_experience":434171,"potions_floor_usage":[16,16,16,18,24],"damage_taken":[{"damage":12,"enemies":"Small Slimes","floor":1,"turns":3},{"damage":0,"enemies":"2 Louse","floor":3,"turns":3},{"damage":15,"enemies":"Gremlin Nob","floor":7,"turns":4},{"damage":2,"enemies":"Jaw Worm","floor":10,"turns":3},{"damage":25,"enemies":"Lagavulin","floor":11,"turns":4},{"damage":0,"enemies":"Blue Slaver","floor":14,"turns":3},{"damage":38,"enemies":"Slime Boss","floor":16,"turns":10},{"damage":18,"enemies":"2 Thieves","floor":18,"turns":4},{"damage":28,"enemies":"Gremlin Leader","floor":24,"turns":6},{"damage":11,"enemies":"Spheric Guardian","floor":25,"turns":4},{"damage":7,"enemies":"Snake Plant","floor":27,"turns":2},{"damage":1,"enemies":"3 Cultists","floor":28,"turns":4},{"damage":15,"enemies":"Book of Stabbing","floor":29,"turns":5},{"damage":11,"enemies":"Sentry and Sphere","floor":31,"turns":4},{"damage":70,"enemies":"Champ","floor":33,"turns":10}],"relics_obtained":[{"floor":5,"key":"Bronze Scales"},{"floor":7,"key":"Sundial"},{"floor":9,"key":"Dodecahedron"},{"floor":11,"key":"Thread and Needle"},{"floor":24,"key":"Orichalcum"},{"floor":26,"key":"Mummified Hand"},{"floor":29,"key":"Omamori"}],"event_choices":[{"event_name":"The Cleric","player_choice":"Leave","floor":4,"damage_taken":0},{"event_name":"Wheel of Change","player_choice":"Damage","floor":12,"damage_taken":0},{"event_name":"The Woman in Blue","player_choice":"Bought 0 Potions","floor":19,"damage_taken":0},{"event_name":"Vampires","player_choice":"Ignored","floor":20,"damage_taken":0},{"event_name":"Bonfire Elementals","player_choice":"BASIC","floor":22,"damage_taken":0},{"event_name":"Purifier","player_choice":"One Purge","floor":30,"damage_taken":0}],"boss_relics":[{"not_picked":["Mark of Pain","Velvet Choker"],"picked":"Orrery"}],"items_purged_floors":[2,21],"potions_floor_spawned":[3,7,14,16,18,25],"seed_played":"4135104210498273144","killed_by":"Champ","ascension_level":8,"potions_obtained":[{"floor":3,"key":"Ancient Potion"},{"floor":7,"key":"Dexterity Potion"},{"floor":14,"key":"Dexterity Potion"},{"floor":16,"key":"Fruit Juice"},{"floor":18,"key":"Fire Potion"},{"floor":25,"key":"SpeedPotion"}],"is_trial":false}