{"gold_per_floor":[112,127,127,140,140,170,170,196,196,196,227,227,227],"floor_reached":13,"playtime":268,"items_purged":[],"score":202,"play_id":"217884fc-e388-4739-b23e-72f0d389d1dc","local_time":"20190311001653","is_ascension_mode":true,"campfire_choices":[{"data":"Zap","floor":7,"key":"SMITH"},{"floor":10,"key":"REST"}],"neow_cost":"NONE","seed_source_timestamp":137095225004600,"circlet_count":0,"master_deck":["AscendersBane","Strike_B","Strike_B","Strike_B","Strike_B","Defend_B","Defend_B","Defend_B","Defend_B","Zap+1","Dualcast","Cold Snap","Gash","FTL","Defragment"],"relics":["Cracked Core","NeowsBlessing","Ancient Tea Set","Dead Branch","Centennial Puzzle"],"potions_floor_usage":[6,8,11],"damage_taken":[{"damage":0,"enemies":"Jaw Worm","floor":1,"turns":1},{"damage":0,"enemies":"Cultist","floor":2,"turns":1},{"damage":0,"enemies":"Small Slimes","floor":4,"turns":1},{"damage":28,"enemies":"Gremlin Nob","floor":6,"turns":4},{"damage":30,"enemies":"3 Sentries","floor":8,"turns":8},{"damage":20,"enemies":"Gremlin Nob","floor":11,"turns":4},{"damage":17,"enemies":"3 Sentries","floor":13,"turns":2}],"seed_played":"732531207930639442","potions_obtained":[{"floor":1,"key":"Energy Potion"},{"floor":2,"key":"SpeedPotion"},{"floor":3,"key":"Fire Potion"},{"floor":6,"key":"Swift Potion"},{"floor":8,"key":"Block Potion"}],"is_trial":false,"path_per_floor":["M","M","?","M","?","E","R","E","T","R","E","?","E"],"character_chosen":"DEFECT","items_purchased":[],"campfire_rested":1,"item_purchase_floors":[],"current_hp_per_floor":[64,64,64,64,69,41,41,11,11,33,13,13,0],"gold":227,"neow_bonus":"THREE_ENEMY_KILL","is_prod":false,"is_daily":false,"chose_seed":false,"campfire_upgraded":1,"win_rate":0,"timestamp":1552231013,"path_taken":["M","M","?","?","?","E","R","E","T","R","E","?","E"],"build_version":"2019-01-23","purchased_purges":0,"victory":false,"max_hp_per_floor":[71,71,71,71,76,76,76,76,76,76,76,76,76],"card_choices":[{"not_picked":["Heatsinks","Leap","Scrape"],"picked":"SKIP","floor":1},{"not_picked":["Reinforced Body","BootSequence","Steam Power"],"picked":"SKIP","floor":2},{"not_picked":["Streamline","Redo"],"picked":"Cold Snap","floor":4},{"not_picked":["Turbo","Storm"],"picked":"Gash","floor":6},{"not_picked":["Redo","Coolheaded"],"picked":"FTL","floor":8},{"not_picked":["Rip and Tear","Stack","Static Discharge"],"picked":"SKIP","floor":11}],"player_experience":2164454,"relics_obtained":[{"floor":6,"key":"Ancient Tea Set"},{"floor":8,"key":"Dead Branch"},{"floor":11,"key":"Centennial Puzzle"}],"event_choices":[{"damage_healed":0,"gold_gain":0,"player_choice":"Got Potions","damage_taken":0,"max_hp_gain":0,"max_hp_loss":0,"event_name":"Lab","floor":3,"gold_loss":0},{"damage_healed":0,"gold_gain":0,"player_choice":"Donut","damage_taken":0,"max_hp_gain":5,"max_hp_loss":0,"event_name":"Big Fish","floor":5,"gold_loss":0},{"damage_healed":0,"gold_gain":0,"player_choice":"1 cards matched","damage_taken":0,"max_hp_gain":0,"max_hp_loss":0,"event_name":"Match and Keep!","floor":12,"gold_loss":0,"cards_obtained":["Defragment"]}],"is_beta":false,"boss_relics":[],"items_purged_floors":[],"is_endless":false,"potions_floor_spawned":[1,2,6,8],"killed_by":"3 Sentries","ascension_level":20}