{"gold_per_floor":[118,138,138,151,161,161,188,208,232,44,44,57,57,132,132,232,232,250,349,274,274],"floor_reached":21,"playtime":554,"items_purged":[],"score":179,"play_id":"de3dee88-666a-4d52-ac38-dccf4e8b0ee1","local_time":"20181125165052","is_ascension_mode":false,"campfire_choices":[{"floor":6,"key":"REST"},{"data":"Capacitor","floor":13,"key":"SMITH"},{"floor":15,"key":"REST"}],"neow_cost":"NONE","seed_source_timestamp":751135563465387,"circlet_count":0,"master_deck":["Strike_B","Strike_B","Strike_B","Defend_B+1","Defend_B","Defend_B","Defend_B","Zap+1","Dualcast","Panacea","Capacitor+1","Steam Power","Steam","Barrage","Leap","Tempest","Static Discharge","Multi-Cast","Skim"],"relics":["Cracked Core","Blood Vial","Lantern","Bag of Preparation","Runic Pyramid"],"potions_floor_usage":[],"damage_taken":[{"damage":0,"enemies":"Small Slimes","floor":1,"turns":3},{"damage":2,"enemies":"2 Louse","floor":2,"turns":2},{"damage":1,"enemies":"Cultist","floor":4,"turns":3},{"damage":12,"enemies":"Blue Slaver","floor":5,"turns":3},{"damage":20,"enemies":"Gremlin Nob","floor":7,"turns":4},{"damage":0,"enemies":"2 Fungi Beasts","floor":8,"turns":3},{"damage":0,"enemies":"Large Slime","floor":12,"turns":4},{"damage":52,"enemies":"Hexaghost","floor":16,"turns":8},{"damage":17,"enemies":"Spheric Guardian","floor":18,"turns":5},{"damage":64,"enemies":"Masked Bandits","floor":21,"turns":4}],"seed_played":"4567041284088790504","potions_obtained":[{"floor":4,"key":"Weak Potion"},{"floor":5,"key":"Dexterity Potion"},{"floor":7,"key":"Regen Potion"}],"is_trial":false,"path_per_floor":["M","M","?","M","M","R","E","M","T","$","?","M","R","?","R","B",null,"M","?","?","?"],"character_chosen":"DEFECT","items_purchased":["Bag of Preparation","Tempest"],"campfire_rested":2,"item_purchase_floors":[10,10],"current_hp_per_floor":[75,73,58,57,45,67,47,49,49,49,49,51,51,40,62,12,75,58,58,58,0],"gold":274,"neow_bonus":"RANDOM_COLORLESS","is_prod":false,"is_daily":false,"chose_seed":false,"campfire_upgraded":1,"win_rate":0.0,"timestamp":1543186252,"path_taken":["M","M","?","M","M","R","E","M","T","$","?","?","R","?","R","BOSS","M","?","?","?"],"build_version":"2018-11-15","purchased_purges":0,"victory":false,"max_hp_per_floor":[75,75,75,75,75,75,75,75,75,75,75,75,75,75,75,75,75,75,75,75,75],"card_choices":[{"not_picked":["Steam","Rip and Tear"],"picked":"Capacitor","floor":1},{"not_picked":["Sunder","Scrape","Compile Driver"],"picked":"SKIP","floor":2},{"not_picked":["Go for the Eyes","Defragment"],"picked":"Steam Power","floor":4},{"not_picked":["Compile Driver","Doom and Gloom"],"picked":"Steam","floor":5},{"not_picked":["Rebound","Lockon"],"picked":"Barrage","floor":7},{"not_picked":["Defragment","Heatsinks"],"picked":"Leap","floor":8},{"not_picked":["Barrage","Streamline"],"picked":"Static Discharge","floor":12},{"not_picked":["Machine Learning","All For One"],"picked":"Multi-Cast","floor":16},{"not_picked":["Cold Snap","Gash"],"picked":"Skim","floor":18}],"player_experience":44764,"relics_obtained":[{"floor":7,"key":"Blood Vial"},{"floor":9,"key":"Lantern"}],"event_choices":[{"damage_healed":0,"gold_gain":0,"player_choice":"Entered Light","damage_taken":15,"max_hp_gain":0,"max_hp_loss":0,"event_name":"Shining Light","floor":3,"gold_loss":0,"cards_upgraded":["Defend_B","Zap"]},{"damage_healed":0,"gold_gain":0,"player_choice":"Ignored","damage_taken":0,"max_hp_gain":0,"max_hp_loss":0,"event_name":"NoteForYourself","floor":11,"gold_loss":0},{"damage_healed":0,"gold_gain":75,"player_choice":"Gather Gold","damage_taken":11,"max_hp_gain":0,"max_hp_loss":0,"event_name":"World of Goop","floor":14,"gold_loss":0},{"damage_healed":0,"gold_gain":99,"player_choice":"Stole From Cult","damage_taken":0,"max_hp_gain":0,"max_hp_loss":0,"event_name":"Nest","floor":19,"gold_loss":0},{"cards_removed":["Strike_B"],"damage_healed":0,"gold_gain":0,"player_choice":"Gave Gold","damage_taken":0,"max_hp_gain":0,"max_hp_loss":0,"event_name":"Beggar","floor":20,"gold_loss":75},{"damage_healed":0,"gold_gain":0,"player_choice":"Fought Bandits","damage_taken":0,"max_hp_gain":0,"max_hp_loss":0,"event_name":"Masked Bandits","floor":21,"gold_loss":0}],"is_beta":false,"boss_relics":[{"not_picked":["Fusion Hammer","White Beast Statue"],"picked":"Runic Pyramid"}],"items_purged_floors":[],"is_endless":false,"potions_floor_spawned":[4,5,7,12,16,18],"killed_by":"Masked Bandits","ascension_level":0}