{"path_per_floor":["M","M","M","$","?","E","R","E","T","E","R","M","M","M","R","B",null,"M","$","T","M","M","R","$","$","T","M"],"character_chosen":"IRONCLAD","items_purchased":["Lantern","Havoc","Dramatic Entrance"],"gold_per_floor":[17,27,37,37,37,72,72,105,135,160,160,178,190,202,202,299,329,342,41,41,51,68,68,68,68,68,88,88],"floor_reached":28,"campfire_rested":4,"playtime":1954,"current_hp_per_floor":[77,78,75,75,75,60,80,44,44,18,42,45,38,24,48,37,74,58,58,58,47,30,55,55,55,55,28,0],"items_purged":[],"gold":88,"score":349,"play_id":"62ddddbe-22d4-4444-9120-8537be1331d6","local_time":"20180426201359","is_prod":false,"is_daily":false,"chose_seed":false,"is_ascension_mode":true,"campfire_upgraded":0,"timestamp":1524762839,"path_taken":["M","M","M","$","?","E","R","E","T","E","R","M","M","M","R","BOSS","M","$","?","M","?","R","?","$","T","M","E"],"build_version":"2018-04-19","seed_source_timestamp":0,"purchased_purges":0,"victory":false,"master_deck":["Strike_R","Strike_R","Strike_R","Strike_R","Strike_R","Defend_R","Defend_R","Defend_R","Defend_R","Bash","Flex","Warcry","Reckless Charge","Bash","Shrug It Off+1","True Grit","True Grit","Warcry","Reckless Charge","Havoc","Pummel","Havoc","Limit Break","Impervious","Spot Weakness","Havoc","Dramatic Entrance","Sentinel","Havoc","Warcry+1","Havoc"],"max_hp_per_floor":[80,80,80,80,80,80,80,80,80,80,80,80,80,80,80,80,85,85,85,85,85,85,85,85,85,85,85,85],"relics":["Burning Blood","Dead Branch","Dream Catcher","Question Card","Tiny Chest","Paper Frog","Tiny House","Lantern","Bottled Flame","Anchor"],"card_choices":[{"not_picked":["Metallicize","Pommel Strike"],"picked":"Flex","floor":1.0},{"not_picked":["Sword Boomerang","Iron Wave"],"picked":"Warcry","floor":2.0},{"not_picked":["Thunderclap","Immolate"],"picked":"Reckless Charge","floor":3.0},{"not_picked":["Flame Barrier","Flex"],"picked":"True Grit","floor":6.0},{"not_picked":["Headbutt","Armaments"],"picked":"True Grit","floor":8.0},{"not_picked":["Flame Barrier","Heavy Blade","Fire Breathing"],"picked":"Warcry","floor":10.0},{"not_picked":["Wild Strike","Clash","Pommel Strike"],"picked":"Reckless Charge","floor":11.0},{"not_picked":["Armaments","Brutality","Pommel Strike"],"picked":"Havoc","floor":12.0},{"not_picked":["Hemokinesis","Anger","Perfected Strike"],"picked":"Pummel","floor":14.0},{"not_picked":["Wild Strike","Spot Weakness","True Grit"],"picked":"Havoc","floor":15.0},{"not_picked":["Berserk","Impervious","Double Tap"],"picked":"Limit Break","floor":16.0},{"not_picked":["Iron Wave","Twin Strike","Headbutt"],"picked":"Impervious","floor":17.0},{"not_picked":["Clothesline","Cleave","Sword Boomerang"],"picked":"Spot Weakness","floor":18.0},{"not_picked":["Thunderclap","Bloodletting","True Grit"],"picked":"Sentinel","floor":21.0},{"not_picked":["Clothesline","Sword Boomerang","Flex"],"picked":"Havoc","floor":22.0},{"not_picked":["Wild Strike","Bloodletting","Immolate"],"picked":"Warcry","floor":23},{"not_picked":["Body Slam","Cleave","Flex"],"picked":"Havoc","floor":27}],"player_experience":370396,"potions_floor_usage":[27],"damage_taken":[{"damage":1.0,"enemies":"Cultist","floor":1.0,"turns":4.0},{"damage":5.0,"enemies":"Small Slimes","floor":2.0,"turns":3.0},{"damage":9.0,"enemies":"Jaw Worm","floor":3.0,"turns":3.0},{"damage":21.0,"enemies":"3 Sentries","floor":6.0,"turns":7.0},{"damage":42.0,"enemies":"Lagavulin","floor":8.0,"turns":6.0},{"damage":32.0,"enemies":"Gremlin Nob","floor":10.0,"turns":4.0},{"damage":3.0,"enemies":"Blue Slaver","floor":12.0,"turns":2.0},{"damage":13.0,"enemies":"3 Louse","floor":13.0,"turns":4.0},{"damage":20.0,"enemies":"Exordium Wildlife","floor":14.0,"turns":6.0},{"damage":17.0,"enemies":"The Guardian","floor":16.0,"turns":8.0},{"damage":31.0,"enemies":"Spheric Guardian","floor":18.0,"turns":6.0},{"damage":17.0,"enemies":"Chosen","floor":21.0,"turns":4.0},{"damage":23.0,"enemies":"Centurion and Healer","floor":22.0,"turns":6.0},{"damage":45,"enemies":"3 Cultists","floor":27,"turns":7},{"damage":29,"enemies":"Gremlin Leader","floor":28,"turns":2}],"event_choices":[{"event_name":"Match and Keep!","player_choice":"2 cards matched","floor":5.0,"damage_taken":0.0}],"boss_relics":[],"potions_floor_spawned":[1,8,10,16,21,22],"seed_played":"-4099605057052416581","killed_by":"Gremlin Leader","ascension_level":7,"is_trial":false}