{"gold_per_floor":[112,122,138,138,1,1,1,30,30,30,30,44,119,29,29,101,101,117,131,41,51,51,51,51,51,51,0,50,0,0,17,17,90,90,105,105,117,137,156,156,156],"floor_reached":41,"playtime":1754,"items_purged":[],"score":759,"play_id":"1447fb5c-3ba7-40f3-8266-1dc0d684766e","local_time":"20190421134951","is_ascension_mode":true,"campfire_choices":[{"floor":6.0,"key":"REST"},{"floor":15.0,"key":"REST"},{"floor":23.0,"key":"REST"},{"floor":25.0,"key":"REST"},{"floor":30.0,"key":"REST"},{"floor":32.0,"key":"REST"},{"floor":40,"key":"REST"}],"neow_cost":"NONE","seed_source_timestamp":849251926567504,"circlet_count":0,"master_deck":["AscendersBane","Strike_B","Strike_B","Strike_B","Strike_B","Defend_B","Defend_B","Defend_B","Defend_B","Zap","Dualcast","Loop","Auto Shields","Cold Snap","Storm+1","Ball Lightning","FTL","Reboot","Self Repair","Echo Form","Cold Snap","Barrage+1","Static Discharge","Storm+1","Cold Snap","Echo Form","Ball Lightning+1","Leap","Parasite","Storm","Ball Lightning"],"special_seed":0,"relics":["Cracked Core","Ice Cream","Potion Belt","Meat on the Bone","Bronze Scales","Lizard Tail","Nilry\u0027s Codex","Letter Opener","White Beast Statue"],"potions_floor_usage":[38,39,41,41],"damage_taken":[{"damage":1.0,"enemies":"Cultist","floor":1.0,"turns":3.0},{"damage":6.0,"enemies":"Small Slimes","floor":2.0,"turns":3.0},{"damage":3.0,"enemies":"Jaw Worm","floor":3.0,"turns":4.0},{"damage":15.0,"enemies":"Lagavulin","floor":8.0,"turns":6.0},{"damage":0.0,"enemies":"Large Slime","floor":12.0,"turns":4.0},{"damage":64.0,"enemies":"Hexaghost","floor":16.0,"turns":9.0},{"damage":22.0,"enemies":"Spheric Guardian","floor":18.0,"turns":4.0},{"damage":0.0,"enemies":"3 Byrds","floor":19.0,"turns":2.0},{"damage":10.0,"enemies":"Sentry and Sphere","floor":21.0,"turns":5.0},{"damage":44.0,"enemies":"Colosseum Slavers","floor":22.0,"turns":3.0},{"damage":33.0,"enemies":"Snake Plant","floor":31.0,"turns":4.0},{"damage":59.0,"enemies":"Collector","floor":33.0,"turns":9.0},{"damage":24.0,"enemies":"3 Shapes","floor":35.0,"turns":4.0},{"damage":76.0,"enemies":"3 Darklings","floor":37.0,"turns":4.0},{"damage":48,"enemies":"Writhing Mass","floor":38,"turns":6},{"damage":22,"enemies":"4 Shapes","floor":39,"turns":6},{"damage":50,"enemies":"Reptomancer","floor":41,"turns":2}],"seed_played":"4368152470083326040","potions_obtained":[{"floor":2.0,"key":"Weak Potion"},{"floor":8.0,"key":"Explosive Potion"},{"floor":18.0,"key":"FocusPotion"},{"floor":19.0,"key":"FearPotion"},{"floor":33.0,"key":"Ancient Potion"},{"floor":35.0,"key":"LiquidBronze"},{"floor":37.0,"key":"Swift Potion"},{"floor":38,"key":"PowerPotion"},{"floor":39,"key":"Poison Potion"}],"is_trial":false,"path_per_floor":["M","M","M","?","$","R","?","E","T","$","T","M","?","$","R","B",null,"M","M","$","M","?","R","?","R","T","?","?","$","R","M","R","B",null,"M","?","M","M","M","R","E"],"character_chosen":"DEFECT","items_purchased":["Storm","Ball Lightning","Self Repair","Static Discharge","Cold Snap"],"campfire_rested":7,"item_purchase_floors":[5,5,14,20,29],"current_hp_per_floor":[70,64,61,61,61,78,78,63,63,63,63,63,52,52,75,30,66,58,58,58,55,30,53,32,55,55,55,55,55,78,59,78,45,70,53,53,54,25,22,45,0],"gold":156,"neow_bonus":"TEN_PERCENT_HP_BONUS","is_prod":false,"is_daily":false,"chose_seed":false,"campfire_upgraded":0,"win_rate":0,"timestamp":1555843791,"path_taken":["M","M","M","?","?","R","?","E","T","$","?","M","?","$","R","BOSS","M","M","$","M","?","R","?","R","T","?","?","?","R","M","R","BOSS","M","?","M","M","M","R","E"],"build_version":"2019-01-23","purchased_purges":0,"victory":false,"max_hp_per_floor":[78,78,78,78,78,78,78,78,78,78,78,78,78,78,78,78,78,78,78,78,78,78,78,78,78,78,78,78,78,78,78,78,78,78,78,78,78,78,78,78,78],"card_choices":[{"not_picked":["Beam Cell","Conserve Battery"],"picked":"Loop","floor":1.0},{"not_picked":["Beam Cell","Hologram"],"picked":"Auto Shields","floor":2.0},{"not_picked":["Fusion","Gash"],"picked":"Cold Snap","floor":3.0},{"not_picked":["Leap","Barrage"],"picked":"FTL","floor":8.0},{"not_picked":["Coolheaded","Go for the Eyes"],"picked":"Reboot","floor":12.0},{"not_picked":["Creative AI","Fission"],"picked":"Echo Form","floor":16.0},{"not_picked":["Turbo","Doom and Gloom"],"picked":"Cold Snap","floor":18.0},{"not_picked":["Compile Driver","Steam"],"picked":"Barrage+1","floor":19.0},{"not_picked":["Streamline","Steam"],"picked":"Storm+1","floor":21.0},{"not_picked":["Sunder+1","Consume+1","Doom and Gloom"],"picked":"SKIP","floor":31.0},{"not_picked":["Seek","All For One"],"picked":"Echo Form","floor":33.0},{"not_picked":["Go for the Eyes","Stack"],"picked":"Ball Lightning+1","floor":35.0},{"not_picked":["Barrage","Compile Driver"],"picked":"Leap","floor":37.0},{"not_picked":["Stack","Gash+1"],"picked":"Storm","floor":38},{"not_picked":["Rebound","Leap"],"picked":"Ball Lightning","floor":39}],"player_experience":1227671,"relics_obtained":[{"floor":8.0,"key":"Potion Belt"},{"floor":9.0,"key":"Meat on the Bone"},{"floor":11.0,"key":"Bronze Scales"},{"floor":24.0,"key":"Nilry\u0027s Codex"},{"floor":26.0,"key":"Letter Opener"}],"event_choices":[{"damage_healed":0.0,"max_hp_gain":0.0,"max_hp_loss":0.0,"gold_gain":0.0,"event_name":"WeMeetAgain","player_choice":"Gave Potion","floor":4.0,"gold_loss":0.0,"damage_taken":0.0,"relics_obtained":["Ice Cream"]},{"damage_healed":0.0,"max_hp_gain":0.0,"max_hp_loss":0.0,"gold_gain":0.0,"event_name":"Living Wall","player_choice":"Grow","floor":7.0,"gold_loss":0.0,"damage_taken":0.0,"cards_upgraded":["Storm"]},{"damage_healed":0.0,"max_hp_gain":0.0,"max_hp_loss":0.0,"gold_gain":75.0,"event_name":"World of Goop","player_choice":"Gather Gold","floor":13.0,"gold_loss":0.0,"damage_taken":11.0},{"damage_healed":0.0,"max_hp_gain":0.0,"max_hp_loss":0.0,"gold_gain":0.0,"event_name":"Colosseum","player_choice":"Fight","floor":22.0,"gold_loss":0.0,"damage_taken":0.0},{"damage_healed":0.0,"max_hp_gain":0.0,"max_hp_loss":0.0,"gold_gain":0.0,"event_name":"Colosseum","player_choice":"Fled From Nobs","floor":22.0,"gold_loss":0.0,"damage_taken":0.0},{"damage_healed":0.0,"max_hp_gain":0.0,"max_hp_loss":0.0,"gold_gain":0.0,"event_name":"Cursed Tome","player_choice":"Obtained Book","floor":24.0,"gold_loss":0.0,"damage_taken":21.0},{"damage_healed":0.0,"max_hp_gain":0.0,"max_hp_loss":0.0,"gold_gain":0.0,"event_name":"Masked Bandits","player_choice":"Paid Fearfully","floor":27.0,"gold_loss":51.0,"damage_taken":0.0},{"damage_healed":0.0,"max_hp_gain":0.0,"max_hp_loss":0.0,"gold_gain":50.0,"event_name":"Nest","player_choice":"Stole From Cult","floor":28.0,"gold_loss":0.0,"damage_taken":0.0},{"damage_healed":0.0,"max_hp_gain":0.0,"max_hp_loss":0.0,"gold_gain":0.0,"event_name":"Mysterious Sphere","player_choice":"Ignored","floor":36.0,"gold_loss":0.0,"damage_taken":0.0}],"is_beta":false,"boss_relics":[{"not_picked":["Busted Crown","Astrolabe"],"picked":"Lizard Tail"},{"not_picked":["Runic Dome","Inserter"],"picked":"White Beast Statue"}],"items_purged_floors":[],"is_endless":false,"potions_floor_spawned":[2,8,18,19,33,35,37,38,39],"killed_by":"Reptomancer","ascension_level":19}