{"path_per_floor":["M","?","?","$","?","R","M","M","T","M","M","E","?","M","R","B",null,"M","?","?","M","$"],"character_chosen":"IRONCLAD","items_purchased":["Feel No Pain","Jack Of All Trades","Dramatic Entrance"],"gold_per_floor":[214,214,214,71,71,71,90,104,131,149,172,203,203,228,228,348,348,361,361,361,385,284],"floor_reached":23,"campfire_rested":1,"playtime":1336,"current_hp_per_floor":[77,77,77,77,77,77,80,80,80,76,74,64,57,61,80,43,71,67,51,51,40,40],"items_purged":[],"gold":284,"score":258,"play_id":"5c34dfd0-a07d-4822-a319-3155c655544f","local_time":"20180311165132","is_prod":false,"is_daily":false,"is_ascension_mode":true,"campfire_upgraded":1,"timestamp":1520779892,"path_taken":["M","?","?","$","?","R","M","M","T","?","M","E","?","M","R","BOSS","M","?","?","?","$","E"],"build_version":"2018-03-09","purchased_purges":0,"victory":false,"master_deck":["Strike_R","Strike_R","Strike_R","Strike_R","Strike_R","Defend_R","Defend_R","Defend_R","Defend_R","Bash","Havoc+1","Feel No Pain","Jack Of All Trades+1","Infernal Blade","Burning Pact","Armaments","Clash","Bloodletting","Flex","Offering","Corruption","Necronomicurse","Dramatic Entrance"],"max_hp_per_floor":[80,80,80,80,80,80,80,80,80,80,80,80,80,80,80,80,80,80,80,80,80,80],"relics":["Burning Blood","Golden Idol","Ancient Tea Set","Oddly Smooth Stone","Eternal Feather","Necronomicon"],"card_choices":[{"not_picked":["Disarm","Entrench"],"picked":"Havoc"},{"not_picked":["Power Through","Evolve"],"picked":"Infernal Blade"},{"not_picked":["Pommel Strike","Heavy Blade"],"picked":"Burning Pact"},{"not_picked":["Bloodletting","Cleave"],"picked":"Armaments"},{"not_picked":["Evolve","Uppercut"],"picked":"Clash"},{"not_picked":["Limit Break","Wild Strike"],"picked":"Bloodletting"},{"not_picked":["Metallicize","Fire Breathing"],"picked":"Flex"},{"not_picked":["Fiend Fire","Demon Form"],"picked":"Offering"},{"not_picked":["Bloodletting","Clash"],"picked":"Corruption"}],"player_experience":284687,"potions_floor_usage":[11,12,12,16,21,23],"damage_taken":[{"damage":1,"enemies":"2 Louse","floor":1,"turns":4},{"damage":0,"enemies":"Cultist","floor":7,"turns":3},{"damage":1,"enemies":"Small Slimes","floor":8,"turns":2},{"damage":10,"enemies":"2 Fungi Beasts","floor":10,"turns":3},{"damage":8,"enemies":"Large Slime","floor":11,"turns":8},{"damage":20,"enemies":"Lagavulin","floor":12,"turns":5},{"damage":2,"enemies":"3 Louse","floor":14,"turns":2},{"damage":43,"enemies":"Slime Boss","floor":16,"turns":11},{"damage":10,"enemies":"Shell Parasite","floor":18,"turns":6},{"damage":17,"enemies":"Spheric Guardian","floor":21,"turns":4},{"damage":41,"enemies":"Book of Stabbing","floor":23,"turns":4}],"event_choices":[{"event_name":"The Cleric","player_choice":"Leave","floor":2,"damage_taken":0},{"event_name":"Golden Idol","player_choice":"Take Wound","floor":3,"damage_taken":0},{"event_name":"Living Wall","player_choice":"Grow","floor":5,"damage_taken":0},{"event_name":"Golden Wing","player_choice":"Card Removal","floor":13,"damage_taken":0},{"event_name":"Cursed Tome","player_choice":"Obtained Book","floor":19,"damage_taken":0},{"event_name":"Drug Dealer","player_choice":"Ignored","floor":20,"damage_taken":0}],"boss_relics":[{"not_picked":["Cursed Key","Lizard Tail"],"picked":"Eternal Feather"}],"potions_floor_spawned":[1,7,11,12,16,18],"seed_played":"2868116438870121678","killed_by":"Book of Stabbing","ascension_level":7,"is_trial":false}