{"gold_per_floor":[118,118,43,43,43,43,70,82,82,102,177,177,212,212,212,291,291,303,318,338,351,30,30,47,47,70,29,29,106,125,150,150,225,225,243,262,280,280,299,299],"floor_reached":40,"playtime":1184,"items_purged":["Strike_B"],"score":882,"play_id":"724d6281-616c-4e78-9218-2d00d19d5157","local_time":"20190306143140","is_ascension_mode":true,"campfire_choices":[{"data":"Streamline","floor":6,"key":"SMITH"},{"data":"Zap","floor":12,"key":"SMITH"},{"data":"Creative AI","floor":15,"key":"SMITH"},{"floor":23,"key":"REST"},{"floor":28,"key":"REST"},{"floor":32,"key":"REST"}],"neow_cost":"NONE","seed_source_timestamp":132257543868200,"circlet_count":0,"master_deck":["AscendersBane","Defend_B","Zap+1","Dualcast","Streamline+1","Chill","Gash","Tempest","Creative AI+1","Barrage","Biased Cognition","Double Energy","Conserve Battery","Turbo+1","Apotheosis+1","Coolheaded","Cold Snap","Chaos","Reboot","All For One","Beam Cell+1","Sunder+1","Melter+1","Gash","Capacitor"],"relics":["Cracked Core","NeowsBlessing","Du-Vu Doll","Gremlin Horn","Centennial Puzzle","Inserter","Letter Opener","DataDisk","Astrolabe"],"potions_floor_usage":[13,20,21,24,31,33],"damage_taken":[{"damage":0,"enemies":"Jaw Worm","floor":1,"turns":1},{"damage":0,"enemies":"Lagavulin","floor":7,"turns":1},{"damage":0,"enemies":"Small Slimes","floor":8,"turns":1},{"damage":0,"enemies":"Cultist","floor":10,"turns":3},{"damage":9,"enemies":"Gremlin Nob","floor":13,"turns":3},{"damage":31,"enemies":"Slime Boss","floor":16,"turns":7},{"damage":20,"enemies":"Shell Parasite","floor":18,"turns":4},{"damage":18,"enemies":"2 Thieves","floor":19,"turns":3},{"damage":10,"enemies":"3 Cultists","floor":20,"turns":5},{"damage":1,"enemies":"Snecko","floor":21,"turns":5},{"damage":15,"enemies":"Shelled Parasite and Fungi","floor":24,"turns":3},{"damage":14,"enemies":"Chosen and Byrds","floor":30,"turns":5},{"damage":10,"enemies":"Gremlin Leader","floor":31,"turns":4},{"damage":10,"enemies":"Automaton","floor":33,"turns":9},{"damage":3,"enemies":"3 Shapes","floor":35,"turns":3},{"damage":10,"enemies":"Orb Walker","floor":36,"turns":3},{"damage":16,"enemies":"4 Shapes","floor":37,"turns":4},{"damage":23,"enemies":"Maw","floor":39,"turns":7},{"damage":0,"enemies":"Writhing Mass","floor":40,"turns":1}],"seed_played":"4588080474883580457","potions_obtained":[{"floor":5,"key":"FearPotion"},{"floor":5,"key":"AttackPotion"},{"floor":7,"key":"FocusPotion"},{"floor":13,"key":"EssenceOfSteel"},{"floor":20,"key":"Weak Potion"},{"floor":21,"key":"Energy Potion"},{"floor":24,"key":"Ancient Potion"},{"floor":35,"key":"LiquidBronze"},{"floor":37,"key":"Ancient Potion"}],"is_trial":false,"path_per_floor":["M","?","?","$","?","R","E","M","T","M","?","R","E","?","R","B",null,"M","M","M","M","$","R","M","?","T","$","R","T","M","E","R","B",null,"M","M","M","?","M","M"],"character_chosen":"DEFECT","items_purchased":["Apotheosis","Coolheaded","Chaos"],"campfire_rested":3,"item_purchase_floors":[22,22,27],"current_hp_per_floor":[64,64,64,64,64,64,64,64,64,64,53,53,44,44,44,13,57,37,19,9,8,8,29,14,14,14,14,35,35,21,11,32,22,59,56,46,30,30,7,7],"gold":299,"neow_bonus":"THREE_ENEMY_KILL","is_prod":false,"is_daily":false,"chose_seed":false,"campfire_upgraded":3,"win_rate":0,"timestamp":1551850300,"path_taken":["M","?","?","$","?","R","E","M","T","?","?","R","E","?","R","BOSS","M","M","?","?","$","R","M","?","T","?","R","?","M","E","R","BOSS","M","?","M","?","?","M"],"build_version":"2019-01-23","purchased_purges":1,"victory":false,"max_hp_per_floor":[71,71,71,71,71,71,71,71,71,71,71,71,71,71,71,71,71,71,71,71,71,71,71,71,71,71,71,71,71,71,71,71,71,71,71,71,71,71,71,71],"card_choices":[{"not_picked":["Hologram","Go for the Eyes"],"picked":"Streamline","floor":1},{"not_picked":["Recycle","Fission"],"picked":"Chill","floor":7},{"not_picked":["Conserve Battery","Redo"],"picked":"Gash","floor":8},{"not_picked":["Heatsinks","Undo"],"picked":"Tempest","floor":10},{"not_picked":["Barrage","Glacier"],"picked":"Creative AI","floor":13},{"not_picked":["Amplify","Seek"],"picked":"Biased Cognition","floor":16},{"not_picked":["Sweeping Beam","Go for the Eyes","Conserve Battery"],"picked":"SKIP","floor":18},{"not_picked":["Ball Lightning+1","Recycle"],"picked":"Double Energy","floor":19},{"not_picked":["Force Field","Go for the Eyes"],"picked":"Conserve Battery","floor":20},{"not_picked":["Redo","Fusion"],"picked":"Turbo+1","floor":21},{"not_picked":["Heatsinks","Fusion+1"],"picked":"Cold Snap","floor":24},{"not_picked":["Streamline+1","Rebound","Doom and Gloom"],"picked":"SKIP","floor":30},{"not_picked":["Steam","Doom and Gloom"],"picked":"Reboot","floor":31},{"not_picked":["Meteor Strike","Thunder Strike"],"picked":"All For One","floor":33},{"not_picked":["Ball Lightning","Turbo"],"picked":"Gash","floor":35},{"not_picked":["Ball Lightning","Go for the Eyes+1","Melter"],"picked":"SKIP","floor":36},{"not_picked":["Barrage","Tempest","Chaos"],"picked":"SKIP","floor":37},{"not_picked":["Sunder+1","Auto Shields"],"picked":"Capacitor","floor":39}],"player_experience":2032945,"relics_obtained":[{"floor":7,"key":"Du-Vu Doll"},{"floor":9,"key":"Gremlin Horn"},{"floor":13,"key":"Centennial Puzzle"},{"floor":29,"key":"Letter Opener"},{"floor":31,"key":"DataDisk"}],"event_choices":[{"cards_removed":["Strike_B"],"damage_healed":0,"gold_gain":0,"player_choice":"Forget","damage_taken":0,"max_hp_gain":0,"max_hp_loss":0,"event_name":"Living Wall","floor":2,"gold_loss":0},{"cards_removed":["Strike_B"],"damage_healed":0,"gold_gain":0,"player_choice":"Card Removal","damage_taken":0,"max_hp_gain":0,"max_hp_loss":0,"event_name":"The Cleric","floor":3,"gold_loss":75},{"damage_healed":0,"gold_gain":0,"player_choice":"Got Potions","damage_taken":0,"max_hp_gain":0,"max_hp_loss":0,"event_name":"Lab","floor":5,"gold_loss":0},{"damage_healed":0,"gold_gain":75,"player_choice":"Gather Gold","damage_taken":11,"max_hp_gain":0,"max_hp_loss":0,"event_name":"World of Goop","floor":11,"gold_loss":0},{"damage_healed":0,"gold_gain":0,"cards_transformed":["Strike_B"],"player_choice":"Transformed","damage_taken":0,"max_hp_gain":0,"max_hp_loss":0,"event_name":"Transmorgrifier","floor":14,"gold_loss":0,"cards_obtained":["Barrage"]},{"damage_healed":0,"gold_gain":0,"player_choice":"Ignored","damage_taken":0,"max_hp_gain":0,"max_hp_loss":0,"event_name":"Vampires","floor":25,"gold_loss":0},{"damage_healed":0,"gold_gain":0,"player_choice":"Forge","damage_taken":0,"max_hp_gain":0,"max_hp_loss":0,"event_name":"Accursed Blacksmith","floor":38,"gold_loss":0,"cards_upgraded":["Apotheosis"]}],"is_beta":false,"boss_relics":[{"not_picked":["Cursed Key","Tiny House"],"picked":"Inserter"},{"not_picked":["Black Star","Philosopher\u0027s Stone"],"picked":"Astrolabe"}],"items_purged_floors":[22],"is_endless":false,"potions_floor_spawned":[7,10,13,20,21,24,30,35,37],"killed_by":"Writhing Mass","ascension_level":20}