{"path_per_floor":["M","M","?","?","?","R","M","R","T","$","M","M","$","M","R","B",null,"M","M","M","$","M","R"],"character_chosen":"IRONCLAD","items_purchased":["Art of War","Vajra"],"gold_per_floor":[216,230,230,230,230,230,251,251,251,98,111,127,52,77,77,208,208,233,258,279,28,53,53],"floor_reached":24,"campfire_rested":1,"playtime":2722,"current_hp_per_floor":[70,70,70,70,70,70,76,76,76,76,80,80,80,80,80,49,72,72,63,66,66,49,73],"items_purged":["Defend_R","Defend_R"],"gold":53,"score":247,"play_id":"fc512b0b-88f0-4a91-88c3-8e1d260f077c","local_time":"20180310113800","is_prod":false,"is_daily":false,"is_ascension_mode":true,"campfire_upgraded":3,"timestamp":1520674680,"path_taken":["M","M","?","?","?","R","M","R","T","$","M","M","$","M","R","BOSS","M","M","M","$","M","R","E"],"build_version":"2018-03-09","purchased_purges":2,"victory":false,"master_deck":["Strike_R","Strike_R","Strike_R","Strike_R","Strike_R","Defend_R","Defend_R","Bash","Headbutt","Rampage+1","Bash","Seeing Red+1","Shrug It Off","Shrug It Off+1","Offering","Reaper","Rampage+1","Anger+1"],"max_hp_per_floor":[80,80,80,80,80,80,80,80,80,80,80,80,80,80,80,80,80,80,80,80,80,80,80],"relics":["Burning Blood","Golden Idol","Ice Cream","Art of War","Mark of Pain","Vajra"],"card_choices":[{"not_picked":["Dual Wield","Flex"],"picked":"Headbutt"},{"not_picked":["Wild Strike","Carnage"],"picked":"Rampage"},{"not_picked":["Whirlwind","Clothesline"],"picked":"Seeing Red"},{"not_picked":["Hemokinesis","True Grit"],"picked":"Shrug It Off"},{"not_picked":["Twin Strike","Thunderclap"],"picked":"Shrug It Off"},{"not_picked":["Clash","Perfected Strike"],"picked":"Offering"},{"not_picked":["Impervious","Fiend Fire"],"picked":"Reaper"},{"not_picked":["True Grit","Body Slam"],"picked":"Rampage"},{"not_picked":["Iron Wave","Body Slam"],"picked":"Anger"}],"player_experience":254221,"potions_floor_usage":[16,18,18,20,20],"damage_taken":[{"damage":8,"enemies":"Jaw Worm","floor":1,"turns":4},{"damage":6,"enemies":"Cultist","floor":2,"turns":3},{"damage":0,"enemies":"2 Louse","floor":7,"turns":2},{"damage":0,"enemies":"Large Slime","floor":11,"turns":4},{"damage":2,"enemies":"2 Fungi Beasts","floor":12,"turns":3},{"damage":6,"enemies":"Red Slaver","floor":14,"turns":3},{"damage":37,"enemies":"Hexaghost","floor":16,"turns":8},{"damage":10,"enemies":"Chosen","floor":18,"turns":4},{"damage":15,"enemies":"Shell Parasite","floor":19,"turns":4},{"damage":9,"enemies":"Snecko","floor":20,"turns":3},{"damage":33,"enemies":"Cultist and Chosen","floor":22,"turns":6},{"damage":75,"enemies":"Gremlin Leader","floor":24,"turns":6}],"event_choices":[{"event_name":"Match and Keep!","player_choice":"1 cards matched","floor":3,"damage_taken":0},{"event_name":"Golden Idol","player_choice":"Take Wound","floor":4,"damage_taken":0},{"event_name":"Purifier","player_choice":"One Purge","floor":5,"damage_taken":0}],"boss_relics":[{"not_picked":["Pandora\u0027s Box","Ectoplasm"],"picked":"Mark of Pain"}],"potions_floor_spawned":[1,7,14,16,19,20],"seed_played":"5913425833781863792","killed_by":"Gremlin Leader","ascension_level":6,"is_trial":false}