{"gold_per_floor":[113,126,136,136,150,150,150,11,11,11,44,55,75,36,36,107,107,124,124,124,140,11,11,41,41],"floor_reached":25,"playtime":1068,"items_purged":[],"score":376,"play_id":"a3a06fa1-8448-4985-8cdf-8f8a250d5505","local_time":"20181029171557","is_ascension_mode":true,"campfire_choices":[{"floor":6,"key":"REST"},{"data":"Storm","floor":10,"key":"SMITH"},{"floor":15,"key":"REST"},{"floor":23,"key":"REST"}],"neow_cost":"NONE","seed_source_timestamp":483068416497,"circlet_count":0,"master_deck":["Strike_B","Strike_B","Strike_B","Strike_B+1","Defend_B+1","Defend_B","Defend_B","Defend_B+1","Zap","Dualcast","AscendersBane","Storm+1","Darkness","Sweeping Beam","Creative AI","Chaos+1","Hello World","Glacier+1","Static Discharge","Redo+1","Storm","Buffer","Compile Driver+1","Redo+1","Loop","Sunder"],"relics":["Cracked Core","Vajra","Toxic Egg 2","Potion Belt","Black Star","Nloth\u0027s Gift","Whetstone","Bag of Preparation"],"potions_floor_usage":[11,21,24,24],"damage_taken":[{"damage":0,"enemies":"Cultist","floor":1,"turns":2},{"damage":0,"enemies":"2 Louse","floor":2,"turns":3},{"damage":2,"enemies":"Jaw Worm","floor":3,"turns":3},{"damage":7,"enemies":"Looter","floor":5,"turns":3},{"damage":12,"enemies":"3 Sentries","floor":11,"turns":5},{"damage":8,"enemies":"Blue Slaver","floor":12,"turns":4},{"damage":4,"enemies":"2 Fungi Beasts","floor":13,"turns":3},{"damage":30,"enemies":"Slime Boss","floor":16,"turns":8},{"damage":18,"enemies":"Shell Parasite","floor":18,"turns":5},{"damage":25,"enemies":"2 Thieves","floor":21,"turns":5},{"damage":33,"enemies":"Book of Stabbing","floor":24,"turns":4},{"damage":12,"enemies":"Shelled Parasite and Fungi","floor":25,"turns":1}],"seed_played":"7055289362543061125","potions_obtained":[{"floor":1,"key":"Fire Potion"},{"floor":3,"key":"LiquidBronze"},{"floor":13,"key":"LiquidBronze"},{"floor":18,"key":"SkillPotion"}],"is_trial":false,"path_per_floor":["M","M","M","T","M","R","?","$","T","R","E","M","M","$","R","B",null,"M","?","?","M","$","R","E"],"character_chosen":"DEFECT","items_purchased":["Chaos+1","Hello World","Storm","PowerPotion","Loop"],"campfire_rested":3,"item_purchase_floors":[8,8,14,22,22],"current_hp_per_floor":[64,64,62,62,55,71,71,71,71,71,59,51,47,47,68,38,63,45,45,45,20,20,41,8,0],"gold":41,"neow_bonus":"RANDOM_COMMON_RELIC","is_prod":false,"is_daily":false,"chose_seed":false,"campfire_upgraded":1,"win_rate":0,"timestamp":1540826157,"path_taken":["M","?","?","?","M","R","?","?","T","R","E","M","M","$","R","BOSS","M","?","?","M","?","R","E","M"],"build_version":"2018-10-25v2","purchased_purges":0,"victory":false,"max_hp_per_floor":[71,71,71,71,71,71,71,71,71,71,71,71,71,71,71,71,71,71,71,71,71,71,71,71,71],"card_choices":[{"not_picked":["Chill","Sweeping Beam"],"picked":"Storm","floor":1},{"not_picked":["Doom and Gloom","Leap"],"picked":"Darkness","floor":2},{"not_picked":["Gash","Coolheaded"],"picked":"Sweeping Beam","floor":3},{"not_picked":["Gash","Stack+1"],"picked":"Creative AI","floor":5},{"not_picked":["Melter","Cold Snap"],"picked":"Glacier+1","floor":11},{"not_picked":["Conserve Battery+1","Ball Lightning"],"picked":"Static Discharge","floor":12},{"not_picked":["Go for the Eyes","Steam+1"],"picked":"Redo+1","floor":13},{"not_picked":["Reboot+1","Multi-Cast+1"],"picked":"Buffer","floor":16},{"not_picked":["Tempest+1","Hologram+1"],"picked":"Compile Driver","floor":18},{"not_picked":["Scrape","Barrage"],"picked":"Redo+1","floor":21},{"not_picked":["Barrage","All For One"],"picked":"Sunder","floor":24}],"player_experience":745571,"relics_obtained":[{"floor":4,"key":"Toxic Egg 2"},{"floor":9,"key":"War Paint"},{"floor":11,"key":"Potion Belt"},{"floor":24,"key":"Whetstone"},{"floor":24,"key":"Bag of Preparation"}],"event_choices":[{"damage_healed":0,"gold_gain":0,"player_choice":"Bought 0 Potions","damage_taken":0,"max_hp_gain":0,"max_hp_loss":0,"event_name":"The Woman in Blue","floor":7,"gold_loss":0},{"damage_healed":0,"gold_gain":0,"player_choice":"Ignored","damage_taken":0,"max_hp_gain":0,"max_hp_loss":0,"event_name":"Vampires","floor":19,"gold_loss":0},{"damage_healed":0,"gold_gain":0,"player_choice":"Traded Relic","damage_taken":0,"relics_obtained":["Nloth\u0027s Gift"],"max_hp_gain":0,"max_hp_loss":0,"event_name":"N\u0027loth","floor":20,"relics_lost":["War Paint"],"gold_loss":0}],"is_beta":false,"boss_relics":[{"not_picked":["Runic Dome","Tiny House"],"picked":"Black Star"}],"items_purged_floors":[],"is_endless":false,"potions_floor_spawned":[1,3,13,18],"killed_by":"Shelled Parasite and Fungi","ascension_level":14}