{"gold_per_floor":[118,43,55,55,68,68,100,100,154,172,198,123,140,174,174,249,249,269,269,5,18,68,68],"floor_reached":23,"playtime":607,"items_purged":["Strike_R"],"score":423,"play_id":"d047c8b3-e1d1-4a8a-b11e-2e33ca96ed72","local_time":"20190416125443","is_ascension_mode":true,"campfire_choices":[{"data":"Carnage","floor":6,"key":"SMITH"},{"data":"Bash","floor":8,"key":"SMITH"},{"data":"Juggernaut","floor":15,"key":"SMITH"}],"neow_cost":"NONE","seed_source_timestamp":32099981580100,"circlet_count":0,"master_deck":["AscendersBane","Defend_R","Defend_R","Defend_R","Defend_R","Bash+1","Carnage+1","Heavy Blade","Spot Weakness","Evolve","Juggernaut+1","Feed","Bite","Bite","Bite","Bite","Bite","Corruption"],"relics":["Burning Blood","NeowsBlessing","Centennial Puzzle","Tiny Chest","Orichalcum","Letter Opener","Coffee Dripper","Matryoshka"],"potions_floor_usage":[7,16,23],"damage_taken":[{"damage":0,"enemies":"Jaw Worm","floor":1,"turns":1},{"damage":0,"enemies":"Cultist","floor":3,"turns":1},{"damage":0,"enemies":"2 Louse","floor":5,"turns":1},{"damage":15,"enemies":"3 Sentries","floor":7,"turns":6},{"damage":11,"enemies":"Blue Slaver","floor":10,"turns":3},{"damage":12,"enemies":"Large Slime","floor":13,"turns":4},{"damage":2,"enemies":"Gremlin Nob","floor":14,"turns":3},{"damage":54,"enemies":"The Guardian","floor":16,"turns":9},{"damage":40,"enemies":"3 Byrds","floor":18,"turns":5},{"damage":31,"enemies":"Shell Parasite","floor":21,"turns":5},{"damage":13,"enemies":"Book of Stabbing","floor":23,"turns":3}],"seed_played":"-2364909951239447047","potions_obtained":[{"floor":1,"key":"Explosive Potion"},{"floor":3,"key":"AttackPotion"},{"floor":21,"key":"Weak Potion"}],"is_trial":false,"path_per_floor":["M","$","M","?","M","R","E","R","T","M","T","?","M","E","R","B",null,"M","?","$","M","?","E"],"character_chosen":"IRONCLAD","items_purchased":["Matryoshka"],"campfire_rested":0,"item_purchase_floors":[20],"current_hp_per_floor":[74,74,75,75,75,75,66,66,66,61,61,61,55,59,59,11,59,25,25,25,18,18,11],"gold":68,"neow_bonus":"THREE_ENEMY_KILL","is_prod":false,"is_daily":false,"chose_seed":false,"campfire_upgraded":3,"win_rate":0,"timestamp":1555386883,"path_taken":["M","$","M","?","?","R","E","R","T","M","?","?","M","E","R","BOSS","M","?","$","M","?","E"],"build_version":"2019-01-23","purchased_purges":1,"victory":false,"max_hp_per_floor":[75,75,75,75,75,75,75,75,75,75,75,75,75,75,75,75,75,75,52,52,52,52,52],"card_choices":[{"not_picked":["Corruption","Entrench"],"picked":"Carnage","floor":1},{"not_picked":["Heavy Blade","Clothesline","Thunderclap"],"picked":"SKIP","floor":3},{"not_picked":["Uppercut","Heavy Blade","Fire Breathing"],"picked":"SKIP","floor":5},{"not_picked":["Pommel Strike","Metallicize"],"picked":"Spot Weakness","floor":7},{"not_picked":["Sentinel","Wild Strike"],"picked":"Evolve","floor":10},{"not_picked":["Pommel Strike","Warcry","Perfected Strike"],"picked":"SKIP","floor":13},{"not_picked":["Twin Strike","Heavy Blade"],"picked":"Juggernaut","floor":14},{"not_picked":["Impervious","Brutality"],"picked":"Feed","floor":16},{"not_picked":["Reckless Charge","Pommel Strike","Flex"],"picked":"SKIP","floor":18},{"not_picked":["Evolve+1","Sword Boomerang"],"picked":"Corruption","floor":21}],"player_experience":3174500,"relics_obtained":[{"floor":7,"key":"Centennial Puzzle"},{"floor":9,"key":"Tiny Chest"},{"floor":11,"key":"Orichalcum"},{"floor":14,"key":"Letter Opener"}],"event_choices":[{"damage_healed":0,"gold_gain":0,"player_choice":"1 cards matched","damage_taken":0,"max_hp_gain":0,"max_hp_loss":0,"event_name":"Match and Keep!","floor":4,"gold_loss":0,"cards_obtained":["Heavy Blade"]},{"cards_removed":["Strike_R"],"damage_healed":0,"gold_gain":0,"player_choice":"Card Removal","damage_taken":0,"max_hp_gain":0,"max_hp_loss":0,"event_name":"The Cleric","floor":12,"gold_loss":75},{"damage_healed":0,"gold_gain":0,"player_choice":"Became a vampire","damage_taken":0,"max_hp_gain":0,"max_hp_loss":23,"event_name":"Vampires","floor":19,"gold_loss":0,"cards_obtained":["Bite","Bite","Bite","Bite","Bite"]},{"damage_healed":0,"gold_gain":50,"player_choice":"Stole From Cult","damage_taken":0,"max_hp_gain":0,"max_hp_loss":0,"event_name":"Nest","floor":22,"gold_loss":0}],"is_beta":false,"boss_relics":[{"not_picked":["White Beast Statue","Philosopher\u0027s Stone"],"picked":"Coffee Dripper"}],"items_purged_floors":[2],"is_endless":false,"potions_floor_spawned":[1,3,5,21],"killed_by":"Book of Stabbing","ascension_level":20}