{"gold_per_floor":[119,65,77,2,2,32,52,82,109,142,142,142,142,156,156,156],"floor_reached":16,"playtime":467,"items_purged":[],"score":286,"play_id":"8c34e5be-657d-4ae6-ad7e-8a03f8f0524d","local_time":"20190212190756","is_ascension_mode":true,"campfire_choices":[{"data":"Loop","floor":13,"key":"SMITH"},{"data":"Streamline","floor":15,"key":"SMITH"}],"neow_cost":"NONE","seed_source_timestamp":0,"circlet_count":0,"master_deck":["AscendersBane","Strike_B","Strike_B","Strike_B","Strike_B","Defend_B","Defend_B","Zap","Dualcast","Streamline+1","Leap+1","Streamline","BootSequence+1","Cold Snap","Loop+1","BootSequence","Genetic Algorithm"],"special_seed":0,"relics":["Cracked Core","NeowsBlessing","Anchor","DataDisk","Question Card","War Paint","Dead Branch","Meat on the Bone"],"potions_floor_usage":[8,10,16],"damage_taken":[{"damage":0.0,"enemies":"Jaw Worm","floor":1.0,"turns":1.0},{"damage":0.0,"enemies":"Cultist","floor":3.0,"turns":1.0},{"damage":0.0,"enemies":"Lagavulin","floor":6.0,"turns":2.0},{"damage":0.0,"enemies":"2 Louse","floor":7.0,"turns":2.0},{"damage":29,"enemies":"3 Sentries","floor":8,"turns":8},{"damage":14,"enemies":"Lagavulin","floor":10,"turns":6},{"damage":5,"enemies":"Blue Slaver","floor":14,"turns":4},{"damage":25,"enemies":"Hexaghost","floor":16,"turns":11}],"seed_played":"7727862775225435517","potions_obtained":[{"floor":1.0,"key":"Dexterity Potion"},{"floor":7.0,"key":"Poison Potion"},{"floor":10,"key":"Block Potion"}],"is_trial":false,"path_per_floor":["M","$","M","?","?","E","M","E","T","E","?","T","R","M","R","B"],"character_chosen":"DEFECT","items_purchased":["SteroidPotion"],"campfire_rested":0,"item_purchase_floors":[2],"current_hp_per_floor":[64,64,64,64,64,64,64,35,35,21,21,21,21,28,28,3],"gold":156,"neow_bonus":"THREE_ENEMY_KILL","is_prod":false,"is_daily":false,"chose_seed":false,"campfire_upgraded":2,"win_rate":0,"timestamp":1549966076,"path_taken":["M","$","M","?","?","E","?","E","T","E","?","?","R","M","R","BOSS"],"build_version":"2019-01-23","purchased_purges":0,"victory":false,"max_hp_per_floor":[71,71,71,71,71,71,71,71,71,71,71,71,71,71,71,71],"card_choices":[{"not_picked":["Aggregate","Compile Driver"],"picked":"Streamline","floor":1.0},{"not_picked":["Ball Lightning","Rebound"],"picked":"Leap","floor":3.0},{"not_picked":["Chaos","Steam Power"],"picked":"Streamline","floor":6.0},{"not_picked":["Stack","Recycle"],"picked":"BootSequence","floor":7.0},{"not_picked":["Compile Driver","Beam Cell"],"picked":"Cold Snap","floor":8},{"not_picked":["FTL","Genetic Algorithm","Force Field"],"picked":"Loop","floor":10},{"not_picked":["Auto Shields","Rip and Tear","Skim"],"picked":"Genetic Algorithm","floor":14}],"player_experience":1532267,"relics_obtained":[{"floor":6.0,"key":"DataDisk"},{"floor":8,"key":"Question Card"},{"floor":9,"key":"War Paint"},{"floor":10,"key":"Dead Branch"},{"floor":12,"key":"Meat on the Bone"}],"event_choices":[{"cards_removed":["Defend_B"],"damage_healed":0.0,"max_hp_gain":0.0,"max_hp_loss":0.0,"gold_gain":0.0,"event_name":"The Cleric","player_choice":"Card Removal","floor":4.0,"gold_loss":75.0,"damage_taken":0.0},{"damage_healed":0.0,"max_hp_gain":0.0,"max_hp_loss":0.0,"gold_gain":0.0,"event_name":"WeMeetAgain","player_choice":"Gave Potion","floor":5.0,"gold_loss":0.0,"damage_taken":0.0,"relics_obtained":["Anchor"]},{"damage_healed":0,"gold_gain":0,"cards_transformed":["Defend_B"],"player_choice":"Change","damage_taken":0,"max_hp_gain":0,"max_hp_loss":0,"event_name":"Living Wall","floor":11,"gold_loss":0,"cards_obtained":["BootSequence"]}],"is_beta":false,"boss_relics":[],"items_purged_floors":[],"is_endless":false,"potions_floor_spawned":[1,7,10],"killed_by":"Hexaghost","ascension_level":20}