{"gold_per_floor":[217,46,46,46,65,65,99,99,99,135,135,158,183,201,201,296,296,315,315,28,78,78,114,135,135,161,175,175,191,205,30,30,30],"floor_reached":33,"playtime":1642,"items_purged":[],"score":481,"play_id":"9406e9f1-dd88-4b3c-9495-d57701cdc9f1","local_time":"20181118114408","is_ascension_mode":true,"campfire_choices":[{"floor":6,"key":"REST"},{"floor":8,"key":"REST"},{"floor":11,"key":"REST"},{"floor":15,"key":"REST"},{"floor":25,"key":"REST"},{"data":"White Noise","floor":28,"key":"SMITH"},{"floor":32,"key":"REST"}],"neow_cost":"NONE","seed_source_timestamp":58394922378339,"circlet_count":0,"master_deck":["AscendersBane","Strike_B","Strike_B","Strike_B","Strike_B","Defend_B","Defend_B","Defend_B","Defend_B","Zap","Dualcast","Capacitor","Injury","Chill","Sunder","White Noise+1","Ball Lightning","Redo","Buffer","Self Repair","Self Repair","White Noise","Loop","Coolheaded","Barrage+1","Buffer","Heatsinks","Hello World","Static Discharge"],"relics":["Cracked Core","Golden Idol","Cables","Oddly Smooth Stone","Mummified Hand","Mercury Hourglass","Eternal Feather","The Courier","DollysMirror","Molten Egg 2","Bottled Lightning","Lantern"],"potions_floor_usage":[7,10,10,14,23,24],"damage_taken":[{"damage":2,"enemies":"Jaw Worm","floor":1,"turns":3},{"damage":0,"enemies":"Cultist","floor":5,"turns":3},{"damage":38,"enemies":"Gremlin Nob","floor":7,"turns":4},{"damage":18,"enemies":"Lagavulin","floor":10,"turns":5},{"damage":0,"enemies":"2 Louse","floor":12,"turns":1},{"damage":5,"enemies":"Red Slaver","floor":13,"turns":3},{"damage":2,"enemies":"Exordium Wildlife","floor":14,"turns":2},{"damage":3,"enemies":"Slime Boss","floor":16,"turns":7},{"damage":12,"enemies":"Spheric Guardian","floor":18,"turns":5},{"damage":25,"enemies":"Slavers","floor":23,"turns":4},{"damage":5,"enemies":"2 Thieves","floor":24,"turns":2},{"damage":12,"enemies":"Cultist and Chosen","floor":27,"turns":6},{"damage":32,"enemies":"Snake Plant","floor":29,"turns":4},{"damage":12,"enemies":"Snecko","floor":30,"turns":4},{"damage":82,"enemies":"Champ","floor":33,"turns":11}],"seed_played":"-3410791375628262076","potions_obtained":[{"floor":7,"key":"SteroidPotion"},{"floor":13,"key":"SpeedPotion"},{"floor":14,"key":"EssenceOfSteel"},{"floor":23,"key":"Explosive Potion"},{"floor":30,"key":"Poison Potion"}],"is_trial":false,"path_per_floor":["M","$","?","T","M","R","E","R","T","E","R","M","M","M","R","B",null,"M","T","$","?","T","E","M","R","T","M","R","M","M","$","R","B"],"character_chosen":"DEFECT","items_purchased":["PowerPotion","Capacitor","SkillPotion","DollysMirror","Self Repair","Loop","Heatsinks","Hello World","Static Discharge"],"campfire_rested":6,"item_purchase_floors":[2,2,2,20,20,20,31,31,31],"current_hp_per_floor":[62,62,62,62,62,71,33,54,54,36,57,57,52,50,71,68,70,58,58,58,58,58,33,35,68,68,70,71,46,41,41,71,0],"gold":30,"neow_bonus":"HUNDRED_GOLD","is_prod":false,"is_daily":false,"chose_seed":false,"campfire_upgraded":1,"win_rate":0,"timestamp":1542534248,"path_taken":["M","$","?","?","M","R","E","R","T","E","R","M","?","M","R","BOSS","M","?","$","?","?","E","M","R","T","M","R","M","M","?","R","BOSS"],"build_version":"2018-11-15","purchased_purges":0,"victory":false,"max_hp_per_floor":[71,71,71,71,71,71,71,71,71,71,71,71,71,71,71,71,71,71,71,71,71,71,71,71,71,71,71,71,71,71,71,71,71],"card_choices":[{"not_picked":["Gash","Leap","Go for the Eyes"],"picked":"SKIP","floor":1},{"not_picked":["Conserve Battery","Rebound"],"picked":"Chill","floor":5},{"not_picked":["Double Energy","Rebound"],"picked":"Sunder","floor":7},{"not_picked":["Doom and Gloom","Sunder"],"picked":"White Noise","floor":10},{"not_picked":["Hologram","Barrage"],"picked":"Ball Lightning","floor":12},{"not_picked":["Recycle","Barrage","Conserve Battery"],"picked":"SKIP","floor":13},{"not_picked":["Compile Driver","Go for the Eyes"],"picked":"Redo","floor":14},{"not_picked":["Fission","Reboot"],"picked":"Buffer","floor":16},{"not_picked":["Barrage+1","Compile Driver"],"picked":"Self Repair","floor":18},{"not_picked":["Consume","Stack","Steam Power"],"picked":"SKIP","floor":23},{"not_picked":["Go for the Eyes+1","Steam Power"],"picked":"Coolheaded","floor":24},{"not_picked":["Go for the Eyes+1","Hologram"],"picked":"Barrage+1","floor":27},{"not_picked":["Genetic Algorithm","Go for the Eyes+1","Gash+1"],"picked":"SKIP","floor":29},{"not_picked":["Blizzard+1","BootSequence"],"picked":"Buffer","floor":30}],"player_experience":775968,"relics_obtained":[{"floor":4,"key":"Cables"},{"floor":7,"key":"Oddly Smooth Stone"},{"floor":9,"key":"Mummified Hand"},{"floor":10,"key":"Mercury Hourglass"},{"floor":19,"key":"The Courier"},{"floor":22,"key":"Molten Egg 2"},{"floor":23,"key":"Bottled Lightning"},{"floor":26,"key":"Lantern"}],"event_choices":[{"damage_healed":0,"gold_gain":0,"player_choice":"Take Wound","damage_taken":0,"relics_obtained":["Golden Idol"],"max_hp_gain":0,"max_hp_loss":0,"event_name":"Golden Idol","floor":3,"gold_loss":0,"cards_obtained":["Injury"]},{"damage_healed":0,"gold_gain":50,"player_choice":"Stole From Cult","damage_taken":0,"max_hp_gain":0,"max_hp_loss":0,"event_name":"Nest","floor":21,"gold_loss":0}],"is_beta":false,"boss_relics":[{"not_picked":["Empty Cage","Cursed Key"],"picked":"Eternal Feather"}],"items_purged_floors":[],"is_endless":false,"potions_floor_spawned":[7,13,14,23,30],"killed_by":"Champ","ascension_level":15}