{"gold_per_floor":[116,133,133,153,153,153,183,196,221,237,202,202,229,58,58,133,133,149,149,162,21,21,21,35,35,35,35,35,35,47,47],"floor_reached":31,"playtime":1311,"items_purged":[],"score":419,"play_id":"4f73879d-7c1f-435f-b19b-8204f3aa00f4","local_time":"20190304171256","is_ascension_mode":true,"campfire_choices":[{"floor":6,"key":"RECALL"},{"floor":12,"key":"REST"},{"floor":15,"key":"REST"},{"floor":23,"key":"REST"},{"floor":25,"key":"REST"}],"neow_cost":"NONE","seed_source_timestamp":1134130562997990,"circlet_count":0,"master_deck":["AscendersBane","Strike_B","Strike_B","Strike_B","Strike_B","Defend_B","Defend_B+1","Defend_B","Defend_B","Zap+1","Dualcast","Ball Lightning","Conserve Battery","Capacitor","Barrage","Steam","Redo","BootSequence","Buffer","Buffer","Chill","Decay","Barrage","Loop","Chill","Core Surge"],"special_seed":0,"relics":["Cracked Core","NeowsBlessing","War Paint","Odd Mushroom","Nuclear Battery","Dodecahedron"],"potions_floor_usage":[16,24,30],"damage_taken":[{"damage":0.0,"enemies":"Cultist","floor":1.0,"turns":1.0},{"damage":0.0,"enemies":"Small Slimes","floor":2.0,"turns":1.0},{"damage":0,"enemies":"2 Louse","floor":4,"turns":1},{"damage":35,"enemies":"Gremlin Nob","floor":7,"turns":5},{"damage":0,"enemies":"Large Slime","floor":8,"turns":5},{"damage":1,"enemies":"Looter","floor":10,"turns":3},{"damage":14,"enemies":"The Mushroom Lair","floor":13,"turns":4},{"damage":47,"enemies":"Slime Boss","floor":16,"turns":12},{"damage":11,"enemies":"Spheric Guardian","floor":18,"turns":5},{"damage":27,"enemies":"Chosen","floor":20,"turns":7},{"damage":16,"enemies":"Sentry and Sphere","floor":24,"turns":5},{"damage":35,"enemies":"Colosseum Slavers","floor":28,"turns":6},{"damage":13,"enemies":"Chosen and Byrds","floor":30,"turns":7},{"damage":0,"enemies":"Centurion and Healer","floor":31,"turns":1}],"seed_played":"-8881477329777212377","potions_obtained":[{"floor":4,"key":"SneckoOil"},{"floor":7,"key":"LiquidBronze"},{"floor":10,"key":"Swift Potion"},{"floor":24,"key":"FearPotion"}],"is_trial":false,"path_per_floor":["M","M","?","M","?","R","E","M","T","M","?","R","?","$","R","B",null,"M","?","M","$","?","R","M","R","T","$","?","?","M","M"],"character_chosen":"DEFECT","items_purchased":["Buffer","PowerPotion","Loop"],"campfire_rested":4,"item_purchase_floors":[14,21,21],"current_hp_per_floor":[64,64,64,64,64,64,29,29,29,28,45,66,52,52,71,24,59,48,48,21,21,21,42,26,47,47,47,12,26,13,13],"gold":47,"neow_bonus":"THREE_ENEMY_KILL","is_prod":false,"is_daily":false,"chose_seed":false,"campfire_upgraded":0,"win_rate":0,"timestamp":1551712376,"path_taken":["M","?","?","M","?","R","E","M","T","M","?","R","?","?","R","BOSS","M","?","M","$","?","R","M","R","T","$","?","?","M","M"],"build_version":"2019-01-23","purchased_purges":0,"victory":false,"max_hp_per_floor":[71,71,71,71,71,71,71,71,71,71,71,71,71,71,71,71,71,71,71,71,71,71,71,71,71,71,71,71,71,71,71],"card_choices":[{"not_picked":["Gash","Steam"],"picked":"Ball Lightning","floor":1.0},{"not_picked":["Barrage","Reinforced Body"],"picked":"Conserve Battery","floor":2.0},{"not_picked":["Hologram","Undo"],"picked":"Capacitor","floor":4},{"not_picked":["Consume","Reprogram"],"picked":"Barrage","floor":7},{"not_picked":["Turbo","Coolheaded"],"picked":"Steam","floor":8},{"not_picked":["Compile Driver","Steam Power"],"picked":"Redo","floor":10},{"not_picked":["Reprogram","Beam Cell"],"picked":"BootSequence","floor":13},{"not_picked":["Machine Learning","Hyperbeam"],"picked":"Buffer","floor":16},{"not_picked":["Genetic Algorithm","Hologram"],"picked":"Chill","floor":18},{"not_picked":["Scrape","Lockon"],"picked":"Barrage","floor":20},{"not_picked":["Fusion","Cold Snap"],"picked":"Chill","floor":24},{"not_picked":["Sweeping Beam","Go for the Eyes"],"picked":"Core Surge","floor":30}],"player_experience":1031262,"relics_obtained":[{"floor":7,"key":"War Paint"},{"floor":13,"key":"Odd Mushroom"},{"floor":26,"key":"Dodecahedron"}],"event_choices":[{"damage_healed":0,"gold_gain":0,"player_choice":"Ignored","damage_taken":0,"max_hp_gain":0,"max_hp_loss":0,"event_name":"Shining Light","floor":3,"gold_loss":0},{"damage_healed":0,"gold_gain":0,"player_choice":"Ignored","damage_taken":0,"max_hp_gain":0,"max_hp_loss":0,"event_name":"Golden Wing","floor":5,"gold_loss":0},{"damage_healed":17,"gold_gain":0,"player_choice":"Healed","damage_taken":0,"max_hp_gain":0,"max_hp_loss":0,"event_name":"The Cleric","floor":11,"gold_loss":35},{"damage_healed":0,"gold_gain":0,"player_choice":"Fought Mushrooms","damage_taken":0,"max_hp_gain":0,"max_hp_loss":0,"event_name":"Mushrooms","floor":13,"gold_loss":0},{"damage_healed":0,"gold_gain":0,"player_choice":"Smashed Altar","damage_taken":0,"max_hp_gain":0,"max_hp_loss":0,"event_name":"Forgotten Altar","floor":19,"gold_loss":0,"cards_obtained":["Decay"]},{"damage_healed":0,"gold_gain":0,"player_choice":"Ignored","damage_taken":0,"max_hp_gain":0,"max_hp_loss":0,"event_name":"Cursed Tome","floor":22,"gold_loss":0},{"damage_healed":0,"gold_gain":0,"player_choice":"Fight","damage_taken":0,"max_hp_gain":0,"max_hp_loss":0,"event_name":"Colosseum","floor":28,"gold_loss":0},{"damage_healed":0,"gold_gain":0,"player_choice":"Fled From Nobs","damage_taken":0,"max_hp_gain":0,"max_hp_loss":0,"event_name":"Colosseum","floor":28,"gold_loss":0},{"damage_healed":14,"gold_gain":0,"player_choice":"Heal","damage_taken":0,"max_hp_gain":0,"max_hp_loss":0,"event_name":"The Library","floor":29,"gold_loss":0}],"is_beta":false,"boss_relics":[{"not_picked":["Busted Crown","Inserter"],"picked":"Nuclear Battery"}],"items_purged_floors":[],"is_endless":false,"potions_floor_spawned":[4,7,8,10,24],"killed_by":"Centurion and Healer","ascension_level":16}