{"gold_per_floor":[115,190,190,205,205,205,233,245,245,245,256,256,266,298,298,372,372,384,17,17,27,40,67,67,67,67,67,95,95,95,20,20,93,93,109,109,122,142,42,76,76,101,101,101,128,143,171,171,171,171,171,171,171,60,91,91],"floor_reached":57,"playtime":2346,"items_purged":["Shame","Strike_R"],"score":2953,"play_id":"2278ae6e-47dc-4ad1-bc36-32226d3ed121","local_time":"20190310140424","is_ascension_mode":true,"campfire_choices":[{"data":"True Grit","floor":6,"key":"SMITH"},{"data":"Whirlwind","floor":10,"key":"SMITH"},{"data":"Demon Form","floor":12,"key":"SMITH"},{"data":"Whirlwind","floor":15,"key":"SMITH"},{"data":"Feel No Pain","floor":25,"key":"SMITH"},{"floor":27,"key":"REST"},{"data":"Fiend Fire","floor":30,"key":"SMITH"},{"floor":32,"key":"REST"},{"floor":41,"key":"RECALL"},{"data":"Demon Form","floor":49,"key":"SMITH"},{"data":"Battle Trance","floor":53,"key":"SMITH"}],"neow_cost":"NONE","seed_source_timestamp":98239852224600,"circlet_count":0,"master_deck":["AscendersBane","Strike_R","Strike_R+1","Defend_R","Defend_R","Defend_R","Defend_R","Bash+1","Dropkick","True Grit+1","Flame Barrier+1","Demon Form+1","Whirlwind+1","Seeing Red","Exhume","Feel No Pain+1","Battle Trance+1","Evolve+1","Burning Pact","Fiend Fire+1","Armaments+1","Corruption","Shrug It Off+1","Armaments+1","Demon Form+1","Battle Trance+1","Battle Trance+1","Armaments+1","Warcry+1","Havoc+1"],"relics":["Burning Blood","NeowsBlessing","Letter Opener","Regal Pillow","Anchor","Sozu","Meat on the Bone","Red Skull","Pen Nib","Strawberry","Self Forming Clay","Snecko Eye","Toxic Egg 2","Ornamental Fan","Paper Frog","Dream Catcher","Bottled Tornado"],"potions_floor_usage":[4,8,56,56],"damage_taken":[{"damage":0,"enemies":"Jaw Worm","floor":1,"turns":1},{"damage":0,"enemies":"Small Slimes","floor":4,"turns":1},{"damage":0,"enemies":"Lagavulin","floor":7,"turns":1},{"damage":0,"enemies":"Cultist","floor":8,"turns":3},{"damage":1,"enemies":"Looter","floor":11,"turns":4},{"damage":6,"enemies":"Large Slime","floor":13,"turns":4},{"damage":30,"enemies":"3 Sentries","floor":14,"turns":4},{"damage":30,"enemies":"Slime Boss","floor":16,"turns":9},{"damage":33,"enemies":"Chosen","floor":18,"turns":5},{"damage":10,"enemies":"Spheric Guardian","floor":21,"turns":5},{"damage":13,"enemies":"Centurion and Healer","floor":22,"turns":5},{"damage":38,"enemies":"Gremlin Leader","floor":23,"turns":6},{"damage":32,"enemies":"Slavers","floor":28,"turns":4},{"damage":44,"enemies":"Automaton","floor":33,"turns":7},{"damage":0,"enemies":"Orb Walker","floor":35,"turns":2},{"damage":7,"enemies":"3 Darklings","floor":37,"turns":4},{"damage":3,"enemies":"Writhing Mass","floor":38,"turns":6},{"damage":25,"enemies":"Nemesis","floor":40,"turns":3},{"damage":0,"enemies":"Giant Head","floor":42,"turns":5},{"damage":34,"enemies":"Reptomancer","floor":45,"turns":5},{"damage":0,"enemies":"Jaw Worm Horde","floor":46,"turns":4},{"damage":0,"enemies":"Nemesis","floor":47,"turns":5},{"damage":28,"enemies":"Time Eater","floor":50,"turns":7},{"damage":28,"enemies":"Donu and Deca","floor":51,"turns":6},{"damage":44,"enemies":"Shield and Spear","floor":55,"turns":5},{"damage":5,"enemies":"The Heart","floor":56,"turns":8}],"seed_played":"7672606331865985629","potions_obtained":[{"floor":3,"key":"Regen Potion"},{"floor":3,"key":"BloodPotion"},{"floor":4,"key":"PowerPotion"},{"floor":14,"key":"Ancient Potion"}],"is_trial":false,"path_per_floor":["M","?","?","M","?","R","E","M","T","R","M","R","M","E","R","B",null,"M","$","?","M","M","E","$","R","T","R","E","?","R","$","R","B",null,"M","?","M","M","$","E","R","E","T","?","E","M","E","?","R","B","B",null,"R","$","E","B",null],"character_chosen":"IRONCLAD","items_purchased":["Meat on the Bone","Feel No Pain","Armaments+1","Warcry+1"],"campfire_rested":2,"item_purchase_floors":[19,19,54,54],"current_hp_per_floor":[74,63,63,75,52,52,58,75,75,75,75,75,75,51,51,27,63,36,36,36,44,49,29,29,29,36,75,49,49,49,49,82,56,76,82,82,84,85,85,66,66,76,76,99,71,77,83,83,83,61,51,87,87,87,61,62],"gold":91,"neow_bonus":"THREE_ENEMY_KILL","is_prod":false,"is_daily":false,"chose_seed":false,"campfire_upgraded":8,"win_rate":0,"timestamp":1552194264,"path_taken":["M","?","?","?","?","R","E","M","T","R","M","R","M","E","R","BOSS","M","$","?","M","M","E","$","R","T","R","E","?","R","?","R","BOSS","M","?","?","M","?","E","R","E","T","?","E","?","E","?","R","BOSS","BOSS","R","$","E","BOSS"],"build_version":"2019-01-23","purchased_purges":2,"victory":true,"max_hp_per_floor":[75,75,75,75,75,75,75,75,75,75,75,75,75,75,75,75,75,75,75,75,75,75,75,75,75,82,82,82,82,82,82,82,82,82,82,82,85,85,85,85,85,89,89,99,99,99,99,99,99,99,99,99,99,99,99,99],"card_choices":[{"not_picked":["Anger","Armaments"],"picked":"Dropkick","floor":1},{"not_picked":["Pommel Strike","Havoc"],"picked":"True Grit","floor":4},{"not_picked":["Sword Boomerang","Blood for Blood"],"picked":"Flame Barrier","floor":7},{"not_picked":["Cleave","Headbutt"],"picked":"Whirlwind","floor":8},{"not_picked":["Anger","Iron Wave"],"picked":"Demon Form","floor":11},{"not_picked":["Metallicize","Entrench"],"picked":"Whirlwind","floor":13},{"not_picked":["True Grit","Inflame"],"picked":"Seeing Red","floor":14},{"not_picked":["Dark Embrace","Bludgeon"],"picked":"Exhume","floor":16},{"not_picked":["Thunderclap","Warcry","Body Slam"],"picked":"SKIP","floor":18},{"not_picked":["Shrug It Off","Perfected Strike","Havoc"],"picked":"SKIP","floor":21},{"not_picked":["Anger","Clash"],"picked":"Battle Trance","floor":22},{"not_picked":["Anger","Cleave","Dual Wield"],"picked":"SKIP","floor":23},{"not_picked":["Sword Boomerang","Fire Breathing"],"picked":"Evolve+1","floor":28},{"not_picked":["Fiend Fire","Demon Form"],"picked":"Feed","floor":33},{"not_picked":["Anger+1","Flex","Dropkick"],"picked":"SKIP","floor":35},{"not_picked":["Combust+1","True Grit"],"picked":"Armaments+1","floor":37},{"not_picked":["Havoc","Shrug It Off+1"],"picked":"Corruption","floor":38},{"not_picked":["Warcry","Iron Wave"],"picked":"Shrug It Off","floor":40},{"not_picked":["Cleave","Evolve+1"],"picked":"Armaments+1","floor":42},{"not_picked":["Anger+1","Iron Wave"],"picked":"Demon Form","floor":45},{"not_picked":["Infernal Blade+1","Twin Strike"],"picked":"Battle Trance+1","floor":46},{"not_picked":["Perfected Strike","Flex+1"],"picked":"Battle Trance+1","floor":47},{"not_picked":["Wild Strike","Cleave"],"picked":"Havoc+1","floor":55}],"player_experience":2142154,"relics_obtained":[{"floor":7,"key":"Letter Opener"},{"floor":9,"key":"Regal Pillow"},{"floor":14,"key":"Anchor"},{"floor":23,"key":"Pen Nib"},{"floor":26,"key":"Strawberry"},{"floor":28,"key":"Self Forming Clay"},{"floor":40,"key":"Toxic Egg 2"},{"floor":42,"key":"Ornamental Fan"},{"floor":45,"key":"Paper Frog"},{"floor":47,"key":"Dream Catcher"},{"floor":55,"key":"Bottled Tornado"}],"event_choices":[{"damage_healed":0,"gold_gain":75,"player_choice":"Gather Gold","damage_taken":11,"max_hp_gain":0,"max_hp_loss":0,"event_name":"World of Goop","floor":2,"gold_loss":0},{"damage_healed":0,"gold_gain":0,"player_choice":"Got Potions","damage_taken":0,"max_hp_gain":0,"max_hp_loss":0,"event_name":"Lab","floor":3,"gold_loss":0},{"damage_healed":0,"gold_gain":0,"player_choice":"Entered Light","damage_taken":23,"max_hp_gain":0,"max_hp_loss":0,"event_name":"Shining Light","floor":5,"gold_loss":0,"cards_upgraded":["Strike_R","Bash"]},{"damage_healed":0,"gold_gain":0,"player_choice":"Stole Relic","damage_taken":0,"relics_obtained":["Red Skull"],"max_hp_gain":0,"max_hp_loss":0,"event_name":"Addict","floor":20,"gold_loss":0,"cards_obtained":["Shame"]},{"damage_healed":0,"gold_gain":0,"cards_transformed":["Strike_R","Strike_R"],"player_choice":"Became Test Subject","damage_taken":0,"max_hp_gain":0,"max_hp_loss":0,"event_name":"Drug Dealer","floor":29,"gold_loss":0,"cards_obtained":["Burning Pact","Fiend Fire"]},{"damage_healed":0,"gold_gain":0,"player_choice":"Upgraded","damage_taken":0,"max_hp_gain":0,"max_hp_loss":0,"event_name":"Upgrade Shrine","floor":36,"gold_loss":0,"cards_upgraded":["Flame Barrier"]},{"cards_removed":["Feed"],"damage_healed":13,"gold_gain":0,"player_choice":"Offered Rare","damage_taken":0,"max_hp_gain":10,"max_hp_loss":0,"event_name":"Bonfire Elementals","floor":44,"gold_loss":0},{"cards_removed":["Whirlwind"],"damage_healed":0,"gold_gain":0,"player_choice":"Removed Attack","damage_taken":0,"max_hp_gain":0,"max_hp_loss":0,"event_name":"Falling","floor":48,"gold_loss":0}],"is_beta":false,"boss_relics":[{"not_picked":["Black Blood","Black Star"],"picked":"Sozu"},{"not_picked":["Astrolabe","Velvet Choker"],"picked":"Snecko Eye"}],"items_purged_floors":[31,39],"is_endless":false,"potions_floor_spawned":[4,7,14,16,22,28,33,35,37,40,45,55],"ascension_level":20}