{"gold_per_floor":[112,112,37,62,13,13,46,46,46,46,1,25,50,85,85,214,252,271,290,290],"floor_reached":20,"playtime":975,"items_purged":["Injury"],"score":237,"play_id":"ecd51d04-d9df-4973-8492-6c81f31f3aba","local_time":"20180624174056","is_ascension_mode":true,"campfire_choices":[{"data":"Consume","floor":6,"key":"SMITH"},{"floor":8,"key":"REST"},{"data":"Double Energy","floor":10,"key":"SMITH"},{"floor":15,"key":"REST"}],"neow_cost":"TEN_PERCENT_HP_LOSS","seed_source_timestamp":112416722486481,"circlet_count":0,"master_deck":["Strike_B","Strike_B+1","Strike_B","Strike_B","Defend_B","Defend_B","Defend_B","Defend_B","Zap","Dualcast","Capacitor","Consume+1","Double Energy+1","Loop","Cold Snap","Darkness","Redo","Loop","Defragment","Biased Cognition","White Noise","Capacitor","Tempest"],"relics":["Cracked Core","Turnip","Golden Idol","Dream Catcher","Bag of Preparation","Happy Flower","Tiny House"],"potions_floor_usage":[7,13,16,19,19],"damage_taken":[{"damage":0,"enemies":"2 Louse","floor":1,"turns":3},{"damage":4,"enemies":"Jaw Worm","floor":4,"turns":4},{"damage":25,"enemies":"Lagavulin","floor":7,"turns":6},{"damage":0,"enemies":"Cultist","floor":12,"turns":3},{"damage":6,"enemies":"Exordium Thugs","floor":13,"turns":4},{"damage":20,"enemies":"3 Sentries","floor":14,"turns":6},{"damage":16,"enemies":"Slime Boss","floor":16,"turns":7},{"damage":10,"enemies":"Shell Parasite","floor":18,"turns":6},{"damage":38,"enemies":"3 Byrds","floor":19,"turns":4},{"damage":23,"enemies":"3 Cultists","floor":20,"turns":3}],"seed_played":"1807633725234723800","potions_obtained":[{"floor":7,"key":"PowerPotion"},{"floor":12,"key":"Weak Potion"},{"floor":16,"key":"Dexterity Potion"},{"floor":17,"key":"Explosive Potion"},{"floor":18,"key":"Block Potion"}],"is_trial":false,"path_per_floor":["M","?","$","M","$","R","E","R","T","R","$","M","M","E","R","B",null,"M","M"],"character_chosen":"DEFECT","items_purchased":["PowerPotion","Cold Snap"],"campfire_rested":2,"item_purchase_floors":[5,11],"current_hp_per_floor":[68,68,68,64,64,64,39,59,59,59,59,59,53,33,53,37,65,55,17,0],"gold":290,"neow_bonus":"ONE_RARE_RELIC","is_prod":false,"is_daily":false,"chose_seed":false,"campfire_upgraded":2,"win_rate":0,"timestamp":1529851256,"path_taken":["M","?","$","M","?","R","E","R","T","R","$","M","M","E","R","BOSS","M","M","M"],"build_version":"2018-06-21v2","purchased_purges":1,"victory":false,"max_hp_per_floor":[68,68,68,68,68,68,68,68,68,68,68,68,68,68,68,68,73,73,73,73],"card_choices":[{"not_picked":["Leap","Turbo"],"picked":"Capacitor","floor":1},{"not_picked":["Skim","Fusion"],"picked":"Consume","floor":4},{"not_picked":["Darkness","All For One"],"picked":"Double Energy","floor":7},{"not_picked":["Sweeping Beam","Beam Cell"],"picked":"Loop","floor":8},{"not_picked":["Gash","Skim"],"picked":"Darkness","floor":12},{"not_picked":["Leap","Steam"],"picked":"Redo","floor":13},{"not_picked":["Darkness","Rip and Tear"],"picked":"Loop","floor":14},{"not_picked":["Coolheaded","BootSequence"],"picked":"Defragment","floor":15},{"not_picked":["Multi-Cast","All For One"],"picked":"Biased Cognition","floor":16},{"not_picked":["Hologram","Leap"],"picked":"White Noise","floor":17},{"not_picked":["Reprogram","Coolheaded"],"picked":"Capacitor","floor":18},{"not_picked":["Stack+1","Streamline+1"],"picked":"Tempest","floor":19}],"player_experience":520205,"relics_obtained":[{"floor":7,"key":"Dream Catcher"},{"floor":9,"key":"Bag of Preparation"},{"floor":14,"key":"Happy Flower"}],"event_choices":[{"event_name":"Golden Idol","player_choice":"Take Wound","floor":2,"damage_taken":0}],"boss_relics":[{"not_picked":["Runic Pyramid","Empty Cage"],"picked":"Tiny House"}],"items_purged_floors":[3],"is_endless":false,"potions_floor_spawned":[7,12,16,18],"killed_by":"3 Cultists","ascension_level":6}