{"gold_per_floor":[117,117,134,134,153,153,172,198,198,94,55,55,84,100,100,176,176,190,204,220,220,234,234,261,261,285,285,298,317,47,60,60,60],"floor_reached":33,"playtime":1843,"items_purged":[],"score":562,"play_id":"ab71bc5c-454e-4685-91bc-d6fc9e2852b5","local_time":"20181210023410","is_ascension_mode":true,"campfire_choices":[{"data":"Quick Slash","floor":6.0,"key":"SMITH"},{"data":"Well Laid Plans","floor":12.0,"key":"SMITH"},{"data":"Grand Finale","floor":15.0,"key":"SMITH"},{"floor":23.0,"key":"REST"},{"data":"Adrenaline","floor":25.0,"key":"SMITH"},{"floor":27.0,"key":"REST"},{"floor":32.0,"key":"REST"}],"neow_cost":"NONE","seed_source_timestamp":1252438876078666,"circlet_count":0,"master_deck":["AscendersBane","Defend_G","Defend_G","Defend_G","Defend_G","Defend_G","Strike_G","Strike_G","Strike_G","Strike_G","Survivor","Neutralize+1","Backflip","Deadly Poison+1","Quick Slash+1","Grand Finale+1","Dagger Throw","Well Laid Plans+1","Adrenaline+1","Dagger Spray+1","Blur+1","Terror","Backstab+1","Blade Dance+1","Expertise","Backflip"],"special_seed":0,"relics":["Ring of the Snake","NeowsBlessing","Bronze Scales","Orichalcum","Mercury Hourglass","Du-Vu Doll","HoveringKite","Bottled Flame","Vajra","Meat on the Bone"],"potions_floor_usage":[33],"damage_taken":[{"damage":0.0,"enemies":"Small Slimes","floor":1.0,"turns":1.0},{"damage":0.0,"enemies":"2 Louse","floor":3.0,"turns":1.0},{"damage":0.0,"enemies":"Cultist","floor":5.0,"turns":1.0},{"damage":1.0,"enemies":"Looter","floor":7.0,"turns":3.0},{"damage":0.0,"enemies":"Gremlin Nob","floor":8.0,"turns":2.0},{"damage":2.0,"enemies":"3 Sentries","floor":13.0,"turns":3.0},{"damage":0.0,"enemies":"Exordium Thugs","floor":14.0,"turns":3.0},{"damage":16.0,"enemies":"The Guardian","floor":16.0,"turns":7.0},{"damage":3.0,"enemies":"Chosen","floor":18.0,"turns":4.0},{"damage":11.0,"enemies":"3 Byrds","floor":19.0,"turns":3.0},{"damage":18.0,"enemies":"Snake Plant","floor":20.0,"turns":4.0},{"damage":20.0,"enemies":"Shelled Parasite and Fungi","floor":22.0,"turns":6.0},{"damage":13.0,"enemies":"Slavers","floor":24.0,"turns":3.0},{"damage":16.0,"enemies":"Cultist and Chosen","floor":28.0,"turns":5.0},{"damage":3.0,"enemies":"Snecko","floor":29.0,"turns":3.0},{"damage":6.0,"enemies":"Centurion and Healer","floor":31.0,"turns":5.0},{"damage":62,"enemies":"Automaton","floor":33,"turns":6}],"seed_played":"3995972514283965385","potions_obtained":[{"floor":5.0,"key":"GamblersBrew"},{"floor":14.0,"key":"FearPotion"},{"floor":18.0,"key":"Block Potion"},{"floor":29.0,"key":"Swift Potion"}],"is_trial":false,"path_per_floor":["M","?","M","?","M","R","M","E","T","?","$","R","E","M","R","B",null,"M","M","M","?","M","R","E","R","T","R","M","M","$","M","R","B"],"character_chosen":"THE_SILENT","items_purchased":["Well Laid Plans","Meat on the Bone"],"campfire_rested":3,"item_purchase_floors":[11,30],"current_hp_per_floor":[59,59,59,59,59,59,58,58,58,58,58,58,56,56,56,40,60,57,46,28,28,8,27,14,14,14,33,17,14,14,20,39,0],"gold":60,"neow_bonus":"THREE_ENEMY_KILL","is_prod":false,"is_daily":false,"chose_seed":false,"campfire_upgraded":4,"win_rate":0,"timestamp":1544380450,"path_taken":["M","?","M","?","M","R","?","E","T","?","$","R","E","M","R","BOSS","M","M","M","?","M","R","E","R","T","R","?","?","$","M","R","BOSS"],"build_version":"2018-12-06","purchased_purges":0,"victory":false,"max_hp_per_floor":[66,66,66,66,66,66,66,66,66,66,66,66,66,66,66,66,66,66,66,66,66,66,66,66,66,66,66,66,66,66,66,66,66],"card_choices":[{"not_picked":["Slice","Poisoned Stab"],"picked":"Backflip","floor":1.0},{"not_picked":["Dagger Throw","Well Laid Plans"],"picked":"Deadly Poison","floor":3.0},{"not_picked":["Accuracy","Cloak And Dagger"],"picked":"Quick Slash","floor":5.0},{"not_picked":["Outmaneuver","Slice"],"picked":"Grand Finale","floor":7.0},{"not_picked":["Outmaneuver","Bane"],"picked":"Dagger Throw","floor":8.0},{"not_picked":["Quick Slash","Poisoned Stab","Riddle With Holes"],"picked":"SKIP","floor":13.0},{"not_picked":["Riddle With Holes","Quick Slash","Underhanded Strike"],"picked":"SKIP","floor":14.0},{"not_picked":["Burst","Glass Knife"],"picked":"Adrenaline","floor":16.0},{"not_picked":["Bouncing Flask","Dodge and Roll"],"picked":"Dagger Spray+1","floor":18.0},{"not_picked":["Prepared","Caltrops"],"picked":"Blur+1","floor":19.0},{"not_picked":["Prepared","Blade Dance+1","Flechettes+1"],"picked":"SKIP","floor":20.0},{"not_picked":["Dodge and Roll","Underhanded Strike"],"picked":"Terror","floor":22.0},{"not_picked":["Deadly Poison","Prepared"],"picked":"Backstab+1","floor":24.0},{"not_picked":["Masterful Stab","Backflip"],"picked":"Blade Dance+1","floor":28.0},{"not_picked":["Finisher","Backstab"],"picked":"Expertise","floor":29.0},{"not_picked":["Dagger Spray","Slice"],"picked":"Backflip","floor":31.0}],"player_experience":630682,"relics_obtained":[{"floor":8.0,"key":"Bronze Scales"},{"floor":9.0,"key":"Orichalcum"},{"floor":13.0,"key":"Du-Vu Doll"},{"floor":24.0,"key":"Bottled Flame"},{"floor":26.0,"key":"Vajra"}],"event_choices":[{"damage_healed":0.0,"max_hp_gain":0.0,"max_hp_loss":0.0,"gold_gain":0.0,"event_name":"Living Wall","player_choice":"Grow","floor":2.0,"gold_loss":0.0,"damage_taken":0.0,"cards_upgraded":["Neutralize"]},{"damage_healed":0.0,"max_hp_gain":0.0,"max_hp_loss":0.0,"gold_gain":0.0,"event_name":"Accursed Blacksmith","player_choice":"Forge","floor":4.0,"gold_loss":0.0,"damage_taken":0.0,"cards_upgraded":["Deadly Poison"]},{"damage_healed":0.0,"max_hp_gain":0.0,"max_hp_loss":0.0,"gold_gain":0.0,"event_name":"WeMeetAgain","player_choice":"Paid Gold","floor":10.0,"gold_loss":104.0,"damage_taken":0.0,"relics_obtained":["Mercury Hourglass"]},{"cards_removed":["Strike_G"],"damage_healed":0.0,"max_hp_gain":0.0,"max_hp_loss":0.0,"gold_gain":0.0,"event_name":"Wheel of Change","player_choice":"Card Removal","floor":21.0,"gold_loss":0.0,"damage_taken":0.0}],"is_beta":true,"boss_relics":[{"not_picked":["Black Star","Velvet Choker"],"picked":"HoveringKite"}],"items_purged_floors":[],"is_endless":false,"potions_floor_spawned":[5,14,18,19,29],"killed_by":"Automaton","ascension_level":17}