{"gold_per_floor":[113,113,66,82,82,126,126,145,145,145,164,237,237,237,237,357,357,381,14,32,32,51,51,76,76,101,115,138,193,217,235,235,360,360,380,403,403,736,270,301,312,312,339,351,351,351,371,386,386,386],"floor_reached":50,"playtime":2936,"items_purged":[],"score":511,"play_id":"3a24afd4-c3a9-4068-8dcb-ddfe73d1b440","local_time":"20190226173749","is_ascension_mode":false,"campfire_choices":[{"floor":7.0,"key":"REST"},{"floor":10.0,"key":"REST"},{"floor":15.0,"key":"REST"},{"floor":23.0,"key":"REST"},{"floor":25.0,"key":"REST"},{"floor":32,"key":"REST"},{"floor":42,"key":"REST"},{"floor":46,"key":"REST"},{"floor":49,"key":"RECALL"}],"neow_cost":"NONE","seed_source_timestamp":615603538983241,"circlet_count":0,"master_deck":["Defend_G","Defend_G","Defend_G","Defend_G","Strike_G","Strike_G","Strike_G","Survivor","Neutralize","Envenom+1","Deadly Poison","Dagger Spray","Injury","Poisoned Stab","Riddle With Holes","Corpse Explosion+1","Tactician+1","Expertise+1","Poisoned Stab+1","Noxious Fumes","Dagger Spray","Poisoned Stab","Bane+1","Adrenaline+1","Backstab","Adrenaline+1","Dagger Spray","Deadly Poison+1","Deadly Poison+1","Backstab"],"special_seed":0,"relics":["Ring of the Snake","Du-Vu Doll","Toxic Egg 2","Tiny Chest","Singing Bowl","Shuriken","Nloth\u0027s Gift","Orichalcum","White Beast Statue","HandDrill","Ornamental Fan","Snake Skull","PreservedInsect"],"potions_floor_usage":[33,40,41,44],"damage_taken":[{"damage":2.0,"enemies":"Jaw Worm","floor":1.0,"turns":6.0},{"damage":0.0,"enemies":"Cultist","floor":4.0,"turns":5.0},{"damage":48.0,"enemies":"3 Sentries","floor":6.0,"turns":10.0},{"damage":2.0,"enemies":"2 Louse","floor":8.0,"turns":3.0},{"damage":6.0,"enemies":"Gremlin Gang","floor":11.0,"turns":6.0},{"damage":23.0,"enemies":"Gremlin Nob","floor":12.0,"turns":5.0},{"damage":30.0,"enemies":"Slime Boss","floor":16.0,"turns":10.0},{"damage":2.0,"enemies":"Chosen","floor":18.0,"turns":4.0},{"damage":25.0,"enemies":"Shell Parasite","floor":20.0,"turns":5.0},{"damage":3.0,"enemies":"Centurion and Healer","floor":22.0,"turns":3.0},{"damage":21.0,"enemies":"Snake Plant","floor":24.0,"turns":3.0},{"damage":10.0,"enemies":"Chosen and Byrds","floor":27.0,"turns":4.0},{"damage":12.0,"enemies":"3 Cultists","floor":28.0,"turns":4.0},{"damage":12.0,"enemies":"Snake Plant","floor":30.0,"turns":4.0},{"damage":10,"enemies":"Snecko","floor":31,"turns":4},{"damage":22,"enemies":"Collector","floor":33,"turns":7},{"damage":0,"enemies":"3 Darklings","floor":35,"turns":2},{"damage":2,"enemies":"3 Shapes","floor":36,"turns":6},{"damage":73,"enemies":"Giant Head","floor":40,"turns":8},{"damage":1,"enemies":"Transient","floor":41,"turns":5},{"damage":40,"enemies":"Spire Growth","floor":44,"turns":5},{"damage":6,"enemies":"3 Darklings","floor":47,"turns":3},{"damage":21,"enemies":"Maw","floor":48,"turns":4},{"damage":14,"enemies":"Time Eater","floor":50,"turns":1}],"seed_played":"4157014746482135700","potions_obtained":[{"floor":4.0,"key":"LiquidBronze"},{"floor":6.0,"key":"Dexterity Potion"},{"floor":8.0,"key":"Block Potion"},{"floor":18.0,"key":"SneckoOil"},{"floor":31,"key":"Poison Potion"},{"floor":33,"key":"SkillPotion"},{"floor":35,"key":"Swift Potion"},{"floor":36,"key":"LiquidBronze"},{"floor":40,"key":"Strength Potion"},{"floor":41,"key":"Regen Potion"},{"floor":44,"key":"LiquidBronze"}],"is_trial":false,"path_per_floor":["M","?","$","M","?","E","R","M","T","R","M","E","T","?","R","B",null,"M","$","M","?","M","R","M","R","T","M","M","T","M","M","R","B",null,"M","M","$","?","$","E","M","R","T","M","?","R","M","M","R","B"],"character_chosen":"THE_SILENT","items_purchased":["Deadly Poison","Noxious Fumes","Dagger Spray","Shuriken","HandDrill","Ornamental Fan"],"campfire_rested":8,"item_purchase_floors":[3,19,19,19,39,39],"current_hp_per_floor":[68,68,68,68,68,20,41,39,39,60,54,31,31,31,52,22,70,70,70,45,45,42,63,42,63,63,55,45,45,35,25,48,26,78,78,76,76,76,76,3,4,28,28,2,2,26,22,3,3,0],"gold":386,"neow_bonus":"ONE_RANDOM_RARE_CARD","is_prod":false,"is_daily":false,"chose_seed":false,"campfire_upgraded":0,"win_rate":0,"timestamp":1551195469,"path_taken":["M","?","?","?","?","E","R","M","T","R","M","E","?","?","R","BOSS","M","$","?","?","M","R","M","R","T","M","?","?","M","M","R","BOSS","M","M","$","?","$","E","M","R","T","M","?","R","M","M","R","BOSS"],"build_version":"2019-01-23","purchased_purges":0,"victory":false,"max_hp_per_floor":[70,70,70,70,70,70,70,70,70,70,70,70,70,70,70,70,70,72,72,72,72,72,72,72,72,72,74,76,76,78,78,78,78,78,78,78,78,78,78,78,80,80,80,80,80,80,82,84,84,84],"card_choices":[{"not_picked":["Quick Slash","Prepared","Skewer"],"picked":"SKIP","floor":1.0},{"not_picked":["Blade Dance","Underhanded Strike"],"picked":"Dagger Spray","floor":4.0},{"not_picked":["Terror","Dagger Spray"],"picked":"Poisoned Stab","floor":6.0},{"not_picked":["Slice","Flying Knee"],"picked":"Riddle With Holes","floor":8.0},{"not_picked":["Dash","Expertise+1","Leg Sweep+1"],"picked":"SKIP","floor":11.0},{"not_picked":["Quick Slash","Underhanded Strike","Flying Knee"],"picked":"SKIP","floor":12.0},{"not_picked":["After Image","Phantasmal Killer+1"],"picked":"Corpse Explosion+1","floor":16.0},{"not_picked":["Dagger Throw","Backflip+1","Endless Agony"],"picked":"Singing Bowl","floor":18.0},{"not_picked":["Deadly Poison+1","Backflip+1"],"picked":"Poisoned Stab","floor":20.0},{"not_picked":["Well Laid Plans+1","Prepared+1"],"picked":"Bane+1","floor":22.0},{"not_picked":["Blade Dance+1","Deflect+1"],"picked":"Adrenaline+1","floor":24.0},{"not_picked":["Blade Dance+1","Dash+1","Dagger Throw+1"],"picked":"Singing Bowl","floor":27.0},{"not_picked":["Bane","Outmaneuver+1","Underhanded Strike"],"picked":"Singing Bowl","floor":28.0},{"not_picked":["Sucker Punch","Dodge and Roll+1","Dagger Throw"],"picked":"Singing Bowl","floor":30.0},{"not_picked":["Sucker Punch","Doppelganger+1"],"picked":"Backstab","floor":31},{"not_picked":["Malaise+1","Night Terror+1"],"picked":"Adrenaline+1","floor":33},{"not_picked":["Dagger Throw+1","Backflip+1"],"picked":"Dagger Spray","floor":35},{"not_picked":["Riddle With Holes+1","Outmaneuver+1"],"picked":"Deadly Poison+1","floor":36},{"not_picked":["After Image","Cloak And Dagger+1"],"picked":"Deadly Poison+1","floor":40},{"not_picked":["Blade Dance+1","Cloak And Dagger+1","Expertise+1"],"picked":"Singing Bowl","floor":41},{"not_picked":["Setup+1","Dagger Spray+1"],"picked":"Backstab","floor":44},{"not_picked":["Acrobatics+1","Crippling Poison+1","Finisher"],"picked":"Singing Bowl","floor":47},{"not_picked":["Prepared+1","Riddle With Holes+1","All Out Attack"],"picked":"Singing Bowl","floor":48}],"player_experience":985649,"relics_obtained":[{"floor":6.0,"key":"Du-Vu Doll"},{"floor":9.0,"key":"Toxic Egg 2"},{"floor":12.0,"key":"Tiny Chest"},{"floor":13.0,"key":"Singing Bowl"},{"floor":29.0,"key":"Orichalcum"},{"floor":40,"key":"Snake Skull"},{"floor":43,"key":"PreservedInsect"}],"event_choices":[{"damage_healed":0.0,"max_hp_gain":0.0,"max_hp_loss":0.0,"gold_gain":0.0,"event_name":"The Cleric","player_choice":"Leave","floor":2.0,"gold_loss":0.0,"damage_taken":0.0},{"damage_healed":0.0,"max_hp_gain":0.0,"max_hp_loss":0.0,"gold_gain":0.0,"event_name":"Golden Idol","player_choice":"Take Wound","floor":5.0,"gold_loss":0.0,"damage_taken":0.0,"relics_obtained":["Golden Idol"],"cards_obtained":["Injury"]},{"damage_healed":0.0,"max_hp_gain":0.0,"max_hp_loss":0.0,"gold_gain":0.0,"event_name":"Accursed Blacksmith","player_choice":"Forge","floor":14.0,"gold_loss":0.0,"damage_taken":0.0,"cards_upgraded":["Envenom"]},{"damage_healed":0.0,"max_hp_gain":0.0,"max_hp_loss":0.0,"gold_gain":0.0,"event_name":"N\u0027loth","player_choice":"Traded Relic","floor":21.0,"relics_lost":["Astrolabe"],"gold_loss":0.0,"damage_taken":0.0,"relics_obtained":["Nloth\u0027s Gift"]},{"damage_healed":0,"gold_gain":333,"player_choice":"Gave Idol","damage_taken":0,"max_hp_gain":0,"max_hp_loss":0,"event_name":"The Moai Head","floor":38,"relics_lost":["Golden Idol"],"gold_loss":0},{"damage_healed":0,"gold_gain":0,"player_choice":"Ignored","damage_taken":0,"max_hp_gain":0,"max_hp_loss":0,"event_name":"Mysterious Sphere","floor":45,"gold_loss":0}],"is_beta":false,"boss_relics":[{"not_picked":["Ectoplasm","Runic Pyramid"],"picked":"Astrolabe"},{"not_picked":["Sozu","Tiny House"],"picked":"White Beast Statue"}],"items_purged_floors":[],"is_endless":false,"potions_floor_spawned":[4,6,8,18,31,33,35,36,40,41,44,47,48],"killed_by":"Time Eater","ascension_level":0}