{"gold_per_floor":[119,133,58,133,133,165,180,214,214,237,249,277,289,7,7,86,86,100,120,147,147,48,48,64,64,64,64,78,78],"floor_reached":29,"playtime":1165,"items_purged":["Perfected Strike"],"score":616,"play_id":"5f61a661-ef36-4b5d-9c1a-9c7ed8bbbba5","local_time":"20190422184842","is_ascension_mode":true,"campfire_choices":[{"data":"Whirlwind","floor":11,"key":"SMITH"},{"data":"Armaments","floor":15,"key":"SMITH"},{"floor":23,"key":"REST"},{"floor":25,"key":"REST"},{"floor":27,"key":"REST"}],"neow_cost":"NONE","seed_source_timestamp":24473495001700,"circlet_count":0,"master_deck":["AscendersBane","Strike_R","Strike_R","Strike_R","Strike_R","Defend_R","Defend_R","Defend_R","Defend_R","Bash","Shrug It Off","Shockwave","Whirlwind+1","Rampage","Armaments+1","Demon Form","Feel No Pain","True Grit","Feel No Pain","Twin Strike"],"relics":["Burning Blood","NeowsBlessing","Omamori","Pantograph","Pocketwatch","MawBank","Bag of Marbles","Lizard Tail","Red Mask","WarpedTongs","Du-Vu Doll"],"potions_floor_usage":[7,16,20,24],"damage_taken":[{"damage":0,"enemies":"2 Louse","floor":1,"turns":1},{"damage":0,"enemies":"Jaw Worm","floor":2,"turns":1},{"damage":0,"enemies":"Gremlin Nob","floor":6,"turns":1},{"damage":5,"enemies":"Cultist","floor":7,"turns":6},{"damage":41,"enemies":"Lagavulin","floor":8,"turns":8},{"damage":12,"enemies":"2 Fungi Beasts","floor":10,"turns":3},{"damage":14,"enemies":"Exordium Thugs","floor":12,"turns":6},{"damage":0,"enemies":"The Guardian","floor":16,"turns":12},{"damage":16,"enemies":"2 Thieves","floor":18,"turns":4},{"damage":40,"enemies":"3 Byrds","floor":19,"turns":4},{"damage":22,"enemies":"Masked Bandits","floor":20,"turns":4},{"damage":30,"enemies":"Shelled Parasite and Fungi","floor":24,"turns":8},{"damage":84,"enemies":"Cultist and Chosen","floor":28,"turns":9},{"damage":19,"enemies":"Snake Plant","floor":29,"turns":4}],"seed_played":"8417539739495913604","potions_obtained":[{"floor":1,"key":"Swift Potion"},{"floor":8,"key":"Energy Potion"},{"floor":10,"key":"SpeedPotion"},{"floor":24,"key":"Dexterity Potion"},{"floor":28,"key":"FearPotion"}],"is_trial":false,"path_per_floor":["M","M","?","?","T","E","M","E","T","M","R","M","?","$","R","B",null,"M","M","?","?","$","R","M","R","T","R","M","M"],"character_chosen":"IRONCLAD","items_purchased":["Bag of Marbles","Armaments","PowerPotion","Feel No Pain"],"campfire_rested":3,"item_purchase_floors":[14,14,22,22],"current_hp_per_floor":[74,75,75,64,64,70,71,36,36,30,30,22,22,22,22,53,70,60,26,10,10,10,32,8,30,30,52,23,4],"gold":78,"neow_bonus":"THREE_ENEMY_KILL","is_prod":false,"is_daily":false,"chose_seed":false,"campfire_upgraded":2,"win_rate":0,"timestamp":1555926522,"path_taken":["M","M","?","?","?","E","?","E","T","M","R","M","?","$","R","BOSS","M","M","?","?","$","R","M","R","T","R","M","?"],"build_version":"2019-01-23","purchased_purges":1,"victory":false,"max_hp_per_floor":[75,75,75,75,75,75,75,75,75,75,75,75,75,75,75,75,75,75,75,75,75,75,75,75,75,75,75,75,75],"card_choices":[{"not_picked":["Heavy Blade","Sever Soul","Wild Strike"],"picked":"SKIP","floor":1},{"not_picked":["Warcry","Wild Strike"],"picked":"Shrug It Off","floor":2},{"not_picked":["Perfected Strike","Entrench"],"picked":"Shockwave","floor":6},{"not_picked":["Shrug It Off","Havoc"],"picked":"Perfected Strike","floor":7},{"not_picked":["Iron Wave","Reckless Charge"],"picked":"Whirlwind","floor":8},{"not_picked":["Cleave","Blood for Blood","Sentinel"],"picked":"SKIP","floor":10},{"not_picked":["Reckless Charge","Clothesline"],"picked":"Rampage","floor":12},{"not_picked":["Brutality","Impervious"],"picked":"Demon Form","floor":16},{"not_picked":["Pommel Strike","Flex","Heavy Blade"],"picked":"SKIP","floor":18},{"not_picked":["Perfected Strike","Cleave"],"picked":"Feel No Pain","floor":19},{"not_picked":["Reckless Charge","Evolve"],"picked":"True Grit","floor":20},{"not_picked":["Headbutt","Armaments"],"picked":"Twin Strike","floor":24},{"not_picked":["Exhume","Clothesline","Perfected Strike+1"],"picked":"SKIP","floor":28}],"player_experience":3299262,"relics_obtained":[{"floor":5,"key":"Omamori"},{"floor":6,"key":"Pantograph"},{"floor":8,"key":"Pocketwatch"},{"floor":9,"key":"MawBank"},{"floor":20,"key":"Red Mask"},{"floor":26,"key":"Du-Vu Doll"}],"event_choices":[{"cards_removed":["Strike_R"],"damage_healed":0,"gold_gain":0,"player_choice":"Card Removal","damage_taken":0,"max_hp_gain":0,"max_hp_loss":0,"event_name":"The Cleric","floor":3,"gold_loss":75},{"damage_healed":0,"gold_gain":75,"player_choice":"Gather Gold","damage_taken":11,"max_hp_gain":0,"max_hp_loss":0,"event_name":"World of Goop","floor":4,"gold_loss":0},{"damage_healed":0,"gold_gain":0,"player_choice":"Ignored","damage_taken":0,"max_hp_gain":0,"max_hp_loss":0,"event_name":"Shining Light","floor":13,"gold_loss":0},{"damage_healed":0,"gold_gain":0,"player_choice":"Fought Bandits","damage_taken":0,"max_hp_gain":0,"max_hp_loss":0,"event_name":"Masked Bandits","floor":20,"gold_loss":0},{"damage_healed":0,"gold_gain":0,"player_choice":"Rummage","damage_taken":0,"relics_obtained":["WarpedTongs"],"max_hp_gain":0,"max_hp_loss":0,"event_name":"Accursed Blacksmith","floor":21,"gold_loss":0,"cards_obtained":["Pain"]}],"is_beta":false,"boss_relics":[{"not_picked":["White Beast Statue","Runic Cube"],"picked":"Lizard Tail"}],"items_purged_floors":[14],"is_endless":false,"potions_floor_spawned":[1,8,10,24,28],"killed_by":"Snake Plant","ascension_level":20}