{"gold_per_floor":[115,128,144,155,155,10,28,28,28,42,57,57,57,75,75,173,173,189,11,28,46,8,8,8,40,65,65,65,83,83,83,83,83],"floor_reached":33,"playtime":925,"items_purged":["Havoc"],"score":259,"play_id":"4463a1c0-f7e7-43dd-bdcb-675635c956a9","local_time":"20190325045618","is_ascension_mode":false,"campfire_choices":[{"data":"Whirlwind","floor":8.0,"key":"SMITH"},{"data":"Intimidate","floor":13.0,"key":"SMITH"},{"data":"Immolate","floor":15.0,"key":"SMITH"},{"data":"Inflame","floor":24,"key":"SMITH"},{"floor":28,"key":"REST"},{"floor":30,"key":"REST"},{"floor":32,"key":"REST"}],"neow_cost":"NONE","seed_source_timestamp":10934646215100,"circlet_count":0,"master_deck":["Strike_R","Strike_R","Strike_R","Strike_R","Defend_R","Defend_R","Defend_R","Defend_R","Bash","Headbutt","Thunderclap","Whirlwind+1","Immolate+1","Intimidate+1","Inflame+1","Corruption","Corruption"],"special_seed":0,"relics":["Burning Blood","Bag of Preparation","Lantern","Busted Crown","Juzu Bracelet","Vajra","Art of War"],"potions_floor_usage":[33,33],"damage_taken":[{"damage":10.0,"enemies":"Small Slimes","floor":1.0,"turns":4.0},{"damage":6.0,"enemies":"Cultist","floor":2.0,"turns":3.0},{"damage":7.0,"enemies":"2 Louse","floor":3.0,"turns":2.0},{"damage":9.0,"enemies":"Exordium Wildlife","floor":4.0,"turns":3.0},{"damage":7.0,"enemies":"Gremlin Gang","floor":7.0,"turns":2.0},{"damage":10.0,"enemies":"Looter","floor":10.0,"turns":2.0},{"damage":12.0,"enemies":"Blue Slaver","floor":11.0,"turns":2.0},{"damage":0.0,"enemies":"2 Fungi Beasts","floor":14.0,"turns":2.0},{"damage":50.0,"enemies":"Hexaghost","floor":16.0,"turns":9.0},{"damage":5,"enemies":"Spheric Guardian","floor":18,"turns":3},{"damage":20,"enemies":"2 Thieves","floor":20,"turns":2},{"damage":8,"enemies":"Centurion and Healer","floor":21,"turns":2},{"damage":47,"enemies":"Book of Stabbing","floor":25,"turns":5},{"damage":10,"enemies":"Sentry and Sphere","floor":29,"turns":3},{"damage":96,"enemies":"Automaton","floor":33,"turns":6}],"seed_played":"-3965958552413664320","potions_obtained":[{"floor":2.0,"key":"SkillPotion"},{"floor":4.0,"key":"FearPotion"},{"floor":7.0,"key":"SpeedPotion"},{"floor":20,"key":"FearPotion"},{"floor":21,"key":"Swift Potion"}],"is_trial":false,"path_per_floor":["M","M","M","M","?","$","M","R","T","M","M","$","R","M","R","B",null,"M","$","M","M","$","?","R","E","T","$","R","M","R","?","R","B"],"character_chosen":"IRONCLAD","items_purchased":["Whirlwind","Juzu Bracelet","Inflame","Corruption"],"campfire_rested":3,"item_purchase_floors":[6,19,19,22],"current_hp_per_floor":[76,76,75,72,72,72,71,71,71,67,61,61,61,67,67,23,80,80,80,66,64,64,64,64,23,23,23,47,43,67,67,80,0],"gold":83,"neow_bonus":"RANDOM_COMMON_RELIC","is_prod":false,"is_daily":false,"chose_seed":false,"campfire_upgraded":4,"win_rate":0,"timestamp":1553457378,"path_taken":["M","M","M","M","?","$","M","R","T","?","M","$","R","M","R","BOSS","M","$","M","M","$","?","R","E","T","?","R","M","R","?","R","BOSS"],"build_version":"2019-01-23","purchased_purges":1,"victory":false,"max_hp_per_floor":[80,80,80,80,80,80,80,80,80,80,80,80,80,80,80,80,80,80,80,80,80,80,80,80,80,80,80,80,80,80,80,80,80],"card_choices":[{"not_picked":["Wild Strike","Twin Strike"],"picked":"Headbutt","floor":1.0},{"not_picked":["Dual Wield","Havoc"],"picked":"Thunderclap","floor":2.0},{"not_picked":["Wild Strike","Headbutt","Heavy Blade"],"picked":"SKIP","floor":3.0},{"not_picked":["Blood for Blood","True Grit","Clash"],"picked":"SKIP","floor":4.0},{"not_picked":["Rupture","Body Slam"],"picked":"Immolate","floor":7.0},{"not_picked":["Warcry","Sentinel","Thunderclap"],"picked":"SKIP","floor":10.0},{"not_picked":["Warcry","Armaments"],"picked":"Intimidate","floor":11.0},{"not_picked":["Wild Strike","True Grit","Headbutt"],"picked":"SKIP","floor":14.0},{"not_picked":["Anger"],"picked":"SKIP","floor":18},{"not_picked":["Havoc"],"picked":"SKIP","floor":20},{"not_picked":["Havoc+1"],"picked":"SKIP","floor":21},{"not_picked":["Warcry+1"],"picked":"SKIP","floor":25},{"not_picked":["Headbutt"],"picked":"SKIP","floor":29}],"player_experience":210871,"relics_obtained":[{"floor":9.0,"key":"Lantern"},{"floor":25,"key":"Vajra"},{"floor":26,"key":"Art of War"}],"event_choices":[{"damage_healed":0.0,"max_hp_gain":0.0,"max_hp_loss":0.0,"gold_gain":0.0,"cards_transformed":["Strike_R"],"event_name":"Transmorgrifier","player_choice":"Transformed","floor":5.0,"gold_loss":0.0,"damage_taken":0.0,"cards_obtained":["Havoc"]},{"damage_healed":0,"gold_gain":0,"player_choice":"Copied","damage_taken":0,"max_hp_gain":0,"max_hp_loss":0,"event_name":"Duplicator","floor":23,"gold_loss":0,"cards_obtained":["Corruption"]},{"damage_healed":0,"gold_gain":0,"player_choice":"Ignored","damage_taken":0,"max_hp_gain":0,"max_hp_loss":0,"event_name":"Ghosts","floor":31,"gold_loss":0}],"is_beta":false,"boss_relics":[{"not_picked":["Astrolabe","Tiny House"],"picked":"Busted Crown"}],"items_purged_floors":[6],"is_endless":false,"potions_floor_spawned":[2,4,7,11,14,20,21],"killed_by":"Automaton","ascension_level":0}