{"gold_per_floor":[112,4,4,4,17,17,42,56,56,76,89,89,101,114,114,210,210,223,74,89,4,4,4,18,31,56,75,1,1,12,25,25,129,129,146,46,46,57,68,68,68,68,68,85,97,107,119,119,119,119],"floor_reached":51,"playtime":6664,"items_purged":["Strike_G","Defend_G"],"score":657,"play_id":"bf5a176a-2645-452a-9ec6-25e188585130","local_time":"20190311191618","is_ascension_mode":false,"campfire_choices":[{"data":"Neutralize","floor":6.0,"key":"SMITH"},{"data":"Accuracy","floor":12.0,"key":"SMITH"},{"data":"Die Die Die","floor":15.0,"key":"SMITH"},{"data":"Strike_G","floor":23.0,"key":"PURGE"},{"floor":29.0,"key":"REST"},{"floor":32.0,"key":"REST"},{"data":"Defend_G","floor":41.0,"key":"PURGE"},{"floor":49.0,"key":"REST"}],"neow_cost":"NONE","seed_source_timestamp":0,"circlet_count":0,"master_deck":["Defend_G","Survivor","Neutralize+1","Backflip","Accuracy+1","Escape Plan","Tactician","Blade Dance","Dash","Deadly Poison+1","Die Die Die+1","Blade Dance+1","After Image+1","A Thousand Cuts","Dagger Throw+1","Accuracy","Acrobatics+1","Footwork","Adrenaline+1","Cloak And Dagger+1","Catalyst+1","Adrenaline+1","Blade Dance+1","Escape Plan+1","Leg Sweep+1","Madness+1","Madness+1","Endless Agony","Accuracy+1","Deflect+1","Tactician+1","Deflect+1","Secret Technique+1"],"special_seed":0,"relics":["Ring of the Snake","NeowsBlessing","Ninja Scroll","Toxic Egg 2","Lizard Tail","Peace Pipe","Potion Belt","Empty Cage","Pear"],"potions_floor_usage":[50,50,50,50,50],"damage_taken":[{"damage":0.0,"enemies":"Jaw Worm","floor":1.0,"turns":1.0},{"damage":0.0,"enemies":"Small Slimes","floor":5.0,"turns":1.0},{"damage":0.0,"enemies":"Gremlin Nob","floor":7.0,"turns":1.0},{"damage":0.0,"enemies":"Cultist","floor":8.0,"turns":2.0},{"damage":2.0,"enemies":"Blue Slaver","floor":10.0,"turns":2.0},{"damage":6.0,"enemies":"Large Slime","floor":11.0,"turns":5.0},{"damage":0.0,"enemies":"Looter","floor":13.0,"turns":2.0},{"damage":0.0,"enemies":"Lots of Slimes","floor":14.0,"turns":1.0},{"damage":22.0,"enemies":"Slime Boss","floor":16.0,"turns":8.0},{"damage":3.0,"enemies":"3 Byrds","floor":18.0,"turns":5.0},{"damage":22.0,"enemies":"2 Thieves","floor":20.0,"turns":4.0},{"damage":10.0,"enemies":"3 Cultists","floor":24.0,"turns":4.0},{"damage":3.0,"enemies":"Centurion and Healer","floor":25.0,"turns":5.0},{"damage":7.0,"enemies":"Snecko","floor":27.0,"turns":5.0},{"damage":3.0,"enemies":"Snake Plant","floor":30.0,"turns":6.0},{"damage":2.0,"enemies":"Cultist and Chosen","floor":31.0,"turns":5.0},{"damage":53.0,"enemies":"Collector","floor":33.0,"turns":10.0},{"damage":0.0,"enemies":"Orb Walker","floor":35.0,"turns":2.0},{"damage":10.0,"enemies":"3 Darklings","floor":38.0,"turns":4.0},{"damage":0.0,"enemies":"Transient","floor":39.0,"turns":5.0},{"damage":0.0,"enemies":"Spire Growth","floor":44.0,"turns":4.0},{"damage":19.0,"enemies":"Jaw Worm Horde","floor":45.0,"turns":3.0},{"damage":11.0,"enemies":"3 Darklings","floor":46.0,"turns":3.0},{"damage":17.0,"enemies":"Spire Growth","floor":47.0,"turns":5.0},{"damage":60,"enemies":"Time Eater","floor":50,"turns":13}],"seed_played":"2909353182145592090","potions_obtained":[{"floor":7.0,"key":"Explosive Potion"},{"floor":8.0,"key":"Block Potion"},{"floor":13.0,"key":"Regen Potion"},{"floor":16.0,"key":"PowerPotion"},{"floor":20.0,"key":"Explosive Potion"},{"floor":24.0,"key":"SpeedPotion"},{"floor":25.0,"key":"SpeedPotion"},{"floor":33.0,"key":"FearPotion"},{"floor":38.0,"key":"SpeedPotion"},{"floor":39.0,"key":"SkillPotion"},{"floor":44.0,"key":"PowerPotion"}],"is_trial":false,"path_per_floor":["M","$","?","$","M","R","E","M","T","M","M","R","M","M","R","B",null,"M","$","M","?","?","R","M","M","T","M","$","R","M","M","R","B",null,"M","$","?","M","M","?","R","?","T","M","M","M","M","?","R","B",null],"character_chosen":"THE_SILENT","items_purchased":["Accuracy","Escape Plan","A Thousand Cuts","Adrenaline+1"],"campfire_rested":3,"item_purchase_floors":[2,2,19,28],"current_hp_per_floor":[70,70,70,70,70,70,70,70,70,68,62,62,62,62,62,52,70,67,67,45,45,45,45,35,32,32,25,25,46,43,41,62,9,70,70,70,70,60,60,51,51,51,61,61,42,31,14,14,38,21],"gold":119,"neow_bonus":"THREE_ENEMY_KILL","is_prod":false,"is_daily":false,"chose_seed":false,"campfire_upgraded":3,"win_rate":0.0,"timestamp":1552299378,"path_taken":["M","$","?","$","M","R","E","M","T","M","M","R","M","M","R","BOSS","M","$","M","?","?","R","M","M","T","?","$","R","M","M","R","BOSS","M","$","?","M","M","?","R","?","T","M","M","?","?","?","R","BOSS"],"build_version":"2019-01-23","purchased_purges":2,"victory":true,"max_hp_per_floor":[70,70,70,70,70,70,70,70,70,70,70,70,70,70,70,70,70,70,70,70,70,70,70,70,70,70,70,70,70,70,70,70,70,70,70,70,70,70,70,70,70,70,80,80,80,80,80,80,80,80],"card_choices":[{"not_picked":["Heel Hook","PiercingWail"],"picked":"Backflip","floor":1.0},{"not_picked":["Heel Hook","Riddle With Holes"],"picked":"Tactician","floor":5.0},{"not_picked":["Quick Slash","PiercingWail"],"picked":"Blade Dance","floor":7.0},{"not_picked":["PiercingWail","Backstab"],"picked":"Dash","floor":8.0},{"not_picked":["Quick Slash","Dash","Dodge and Roll+1"],"picked":"SKIP","floor":10.0},{"not_picked":["Crippling Poison+1","Underhanded Strike"],"picked":"Deadly Poison+1","floor":11.0},{"not_picked":["Dodge and Roll+1","Quick Slash"],"picked":"Die Die Die","floor":13.0},{"not_picked":["Expertise+1","Dodge and Roll+1"],"picked":"Blade Dance+1","floor":14.0},{"not_picked":["Venomology+1","Phantasmal Killer+1"],"picked":"After Image","floor":16.0},{"not_picked":["Dagger Spray","Dodge and Roll+1","Poisoned Stab"],"picked":"SKIP","floor":18.0},{"not_picked":["Dagger Spray","Flying Knee+1"],"picked":"Dagger Throw+1","floor":20.0},{"not_picked":["Bullet Time+1","Acrobatics+1"],"picked":"Accuracy","floor":24.0},{"not_picked":["Underhanded Strike+1","All Out Attack"],"picked":"Acrobatics+1","floor":25.0},{"not_picked":["Poisoned Stab","Dodge and Roll+1"],"picked":"Footwork","floor":27.0},{"not_picked":["All Out Attack","Catalyst+1"],"picked":"Cloak And Dagger+1","floor":30.0},{"not_picked":["Skewer","Wraith Form v2"],"picked":"Catalyst+1","floor":31.0},{"not_picked":["Night Terror+1","Bullet Time+1"],"picked":"Adrenaline+1","floor":33.0},{"not_picked":["Masterful Stab+1","Prepared+1"],"picked":"Blade Dance+1","floor":35.0},{"not_picked":["Bane","Dash+1"],"picked":"Escape Plan+1","floor":38.0},{"not_picked":["All Out Attack+1","Dash+1"],"picked":"Leg Sweep+1","floor":39.0},{"not_picked":["Slice","Acrobatics+1"],"picked":"Accuracy+1","floor":44.0},{"not_picked":["Underhanded Strike+1","Endless Agony+1"],"picked":"Deflect+1","floor":45.0},{"not_picked":["Reflex+1","Quick Slash+1"],"picked":"Tactician+1","floor":46.0},{"not_picked":["Sucker Punch","Slice"],"picked":"Deflect+1","floor":47.0},{"not_picked":["The Bomb+1","Bandage Up+1"],"picked":"Secret Technique+1","floor":48.0}],"player_experience":122828,"relics_obtained":[{"floor":7.0,"key":"Ninja Scroll"},{"floor":9.0,"key":"Toxic Egg 2"},{"floor":26.0,"key":"Potion Belt"},{"floor":43.0,"key":"Pear"}],"event_choices":[{"cards_removed":["Strike_G"],"damage_healed":0.0,"max_hp_gain":0.0,"max_hp_loss":0.0,"gold_gain":0.0,"event_name":"Living Wall","player_choice":"Forget","floor":3.0,"gold_loss":0.0,"damage_taken":0.0},{"damage_healed":0.0,"max_hp_gain":0.0,"max_hp_loss":0.0,"gold_gain":0.0,"event_name":"Addict","player_choice":"Obtained Relic","floor":21.0,"gold_loss":85.0,"damage_taken":0.0,"relics_obtained":["Peace Pipe"]},{"damage_healed":0.0,"max_hp_gain":0.0,"max_hp_loss":0.0,"gold_gain":0.0,"event_name":"Upgrade Shrine","player_choice":"Upgraded","floor":22.0,"gold_loss":0.0,"damage_taken":0.0,"cards_upgraded":["After Image"]},{"cards_removed":["Defend_G"],"damage_healed":0.0,"max_hp_gain":0.0,"max_hp_loss":0.0,"gold_gain":0.0,"event_name":"Falling","player_choice":"Removed Skill","floor":37.0,"gold_loss":0.0,"damage_taken":0.0},{"damage_healed":0.0,"max_hp_gain":0.0,"max_hp_loss":0.0,"gold_gain":0.0,"event_name":"Winding Halls","player_choice":"Embrace Madness","floor":40.0,"gold_loss":0.0,"damage_taken":9.0,"cards_obtained":["Madness","Madness"]},{"damage_healed":0.0,"max_hp_gain":0.0,"max_hp_loss":0.0,"gold_gain":0.0,"cards_transformed":["Defend_G"],"event_name":"Transmorgrifier","player_choice":"Transformed","floor":42.0,"gold_loss":0.0,"damage_taken":0.0,"cards_obtained":["Endless Agony"]},{"damage_healed":0.0,"max_hp_gain":0.0,"max_hp_loss":0.0,"gold_gain":0.0,"event_name":"SensoryStone","player_choice":"Memory 1","floor":48.0,"gold_loss":0.0,"damage_taken":0.0}],"is_beta":false,"boss_relics":[{"not_picked":["Busted Crown","Velvet Choker"],"picked":"Lizard Tail"},{"not_picked":["Philosopher\u0027s Stone","WristBlade"],"picked":"Empty Cage"}],"items_purged_floors":[19,36],"is_endless":false,"potions_floor_spawned":[7,8,13,14,16,20,24,25,33,38,39,44],"ascension_level":0}