{"gold_per_floor":[117,70,70,87,107,107,123,157,180,211,211,211,66,91,91,196,196,210,41,41,59,73,101,114,133,159,190,140,151,151,183,183,279,279,290,302,326,326,337,371,371,406,406,432,450,85,103,6,6,6,6,6,6,33,33],"floor_reached":55,"playtime":3266,"items_purged":[],"score":935,"play_id":"19f82f37-daca-4a94-a54e-57c6b767e09d","local_time":"20181125200959","is_ascension_mode":true,"campfire_choices":[{"data":"Go for the Eyes","floor":6.0,"key":"SMITH"},{"data":"Zap","floor":11.0,"key":"SMITH"},{"data":"Dualcast","floor":15.0,"key":"SMITH"},{"floor":30.0,"key":"RECALL"},{"floor":32.0,"key":"REST"},{"floor":49.0,"key":"REST"},{"floor":52.0,"key":"REST"}],"neow_cost":"NONE","seed_source_timestamp":18220319046194,"circlet_count":0,"master_deck":["Strike_B","Strike_B","Strike_B+1","Strike_B+1","Defend_B","Defend_B","Defend_B","Defend_B","Zap+1","Dualcast+1","Sunder+1","Conserve Battery","Go for the Eyes+1","Seek","Ball Lightning","All For One","Apotheosis","Gash+1","All For One","Capacitor","Compile Driver","Consume","Core Surge","Storm","Hologram+1","Glacier","Storm+1","Loop+1","Coolheaded+1","Go for the Eyes+1"],"special_seed":0,"relics":["Cracked Core","PreservedInsect","Whetstone","Omamori","Regal Pillow","Du-Vu Doll","Blood Vial","Bag of Preparation","Fusion Hammer","Nilry\u0027s Codex","Mummified Hand","Lantern","Juzu Bracelet","Bottled Tornado","Cursed Key","Bag of Marbles","Vajra","Pantograph","Anchor","Bronze Scales","Membership Card","HandDrill","StoneCalendar"],"potions_floor_usage":[55,55],"damage_taken":[{"damage":0.0,"enemies":"Small Slimes","floor":1.0,"turns":2.0},{"damage":0.0,"enemies":"Cultist","floor":4.0,"turns":3.0},{"damage":6.0,"enemies":"Jaw Worm","floor":5.0,"turns":2.0},{"damage":0.0,"enemies":"Exordium Thugs","floor":7.0,"turns":3.0},{"damage":4.0,"enemies":"Gremlin Nob","floor":8.0,"turns":3.0},{"damage":13.0,"enemies":"Lagavulin","floor":10.0,"turns":5.0},{"damage":0.0,"enemies":"3 Sentries","floor":14.0,"turns":3.0},{"damage":18.0,"enemies":"Hexaghost","floor":16.0,"turns":7.0},{"damage":0.0,"enemies":"Chosen","floor":18.0,"turns":2.0},{"damage":0.0,"enemies":"Spheric Guardian","floor":21.0,"turns":2.0},{"damage":17.0,"enemies":"Shelled Parasite and Fungi","floor":22.0,"turns":4.0},{"damage":0.0,"enemies":"Gremlin Leader","floor":23.0,"turns":5.0},{"damage":7.0,"enemies":"Cultist and Chosen","floor":24.0,"turns":5.0},{"damage":33.0,"enemies":"Chosen and Byrds","floor":25.0,"turns":7.0},{"damage":14.0,"enemies":"Slavers","floor":27.0,"turns":4.0},{"damage":7.0,"enemies":"Snecko","floor":29.0,"turns":3.0},{"damage":11.0,"enemies":"Book of Stabbing","floor":31.0,"turns":3.0},{"damage":7.0,"enemies":"Automaton","floor":33.0,"turns":9.0},{"damage":14.0,"enemies":"3 Shapes","floor":35.0,"turns":6.0},{"damage":12.0,"enemies":"3 Darklings","floor":36.0,"turns":3.0},{"damage":4.0,"enemies":"Spire Growth","floor":39.0,"turns":3.0},{"damage":5.0,"enemies":"Giant Head","floor":40.0,"turns":5.0},{"damage":15.0,"enemies":"Reptomancer","floor":42.0,"turns":6.0},{"damage":0.0,"enemies":"Giant Head","floor":44.0,"turns":4.0},{"damage":0.0,"enemies":"4 Shapes","floor":45.0,"turns":4.0},{"damage":16.0,"enemies":"Writhing Mass","floor":47.0,"turns":3.0},{"damage":31.0,"enemies":"Time Eater","floor":50.0,"turns":8.0},{"damage":21.0,"enemies":"Shield and Spear","floor":54.0,"turns":4.0},{"damage":76,"enemies":"The Heart","floor":55,"turns":6}],"seed_played":"-2220389845222785050","potions_obtained":[{"floor":1.0,"key":"LiquidBronze"},{"floor":7.0,"key":"Energy Potion"},{"floor":10.0,"key":"SteroidPotion"},{"floor":14.0,"key":"Block Potion"},{"floor":22.0,"key":"Weak Potion"},{"floor":23.0,"key":"Energy Potion"},{"floor":25.0,"key":"Block Potion"},{"floor":33.0,"key":"FearPotion"},{"floor":42.0,"key":"Strength Potion"}],"is_trial":false,"path_per_floor":["M","$","?","M","M","R","M","E","T","E","R","?","$","E","R","B",null,"M","$","?","M","M","E","M","M","T","E","?","M","R","E","R","B",null,"M","M","T","?","M","E","?","E","T","E","M","$","M","$","R","B",null,"R","$","E","B"],"character_chosen":"DEFECT","items_purchased":["Conserve Battery","Blood Vial","Apotheosis","Bronze Scales","Membership Card","HandDrill"],"campfire_rested":3,"item_purchase_floors":[2,13,19,46,46,48],"current_hp_per_floor":[75,75,75,75,69,69,69,65,65,52,52,52,52,54,54,38,75,75,75,59,71,66,75,75,52,52,50,50,45,45,36,73,75,75,71,61,61,61,59,56,56,43,43,45,47,47,33,33,70,44,75,75,75,54,0],"gold":33,"neow_bonus":"RANDOM_COMMON_RELIC","is_prod":false,"is_daily":false,"chose_seed":false,"campfire_upgraded":3,"win_rate":0,"timestamp":1543147799,"path_taken":["M","$","?","M","M","R","?","E","T","E","R","?","?","E","R","BOSS","M","$","?","M","M","E","M","M","T","E","?","M","R","E","R","BOSS","M","M","?","?","M","E","?","E","T","E","M","$","M","$","R","BOSS","R","$","E","BOSS"],"build_version":"2018-11-15","purchased_purges":0,"victory":false,"max_hp_per_floor":[75,75,75,75,75,75,75,75,75,75,75,75,75,75,75,75,75,75,75,75,75,75,75,75,75,75,75,75,75,75,75,75,75,75,75,75,75,75,75,75,75,75,75,75,75,75,75,75,75,75,75,75,75,75,75],"card_choices":[{"not_picked":["Turbo","Barrage"],"picked":"Sunder","floor":1.0},{"not_picked":["Rebound","Lockon","Stack"],"picked":"SKIP","floor":4.0},{"not_picked":["Loop","Rebound"],"picked":"Go for the Eyes","floor":5.0},{"not_picked":["Go for the Eyes","Hello World","Turbo"],"picked":"SKIP","floor":7.0},{"not_picked":["Stack","Coolheaded","Doom and Gloom"],"picked":"SKIP","floor":8.0},{"not_picked":["Streamline","Darkness"],"picked":"Seek","floor":10.0},{"not_picked":["Redo","Rip and Tear"],"picked":"Ball Lightning","floor":14.0},{"not_picked":["Buffer","Hyperbeam"],"picked":"All For One","floor":16.0},{"not_picked":["Compile Driver","Steam"],"picked":"Self Repair+1","floor":18.0},{"not_picked":["Heatsinks+1","Chill","Aggregate+1"],"picked":"SKIP","floor":21.0},{"not_picked":["Rebound","Self Repair"],"picked":"Gash+1","floor":22.0},{"not_picked":["Aggregate","BootSequence"],"picked":"All For One","floor":23.0},{"not_picked":["Tempest+1","Go for the Eyes+1"],"picked":"Capacitor","floor":24.0},{"not_picked":["Leap","Darkness","Recycle+1"],"picked":"SKIP","floor":25.0},{"not_picked":["Genetic Algorithm","Sunder","Steam"],"picked":"SKIP","floor":27.0},{"not_picked":["Skim","Leap+1"],"picked":"Compile Driver","floor":29.0},{"not_picked":["Blizzard","Chaos"],"picked":"Consume","floor":31.0},{"not_picked":["Machine Learning","Seek"],"picked":"Core Surge","floor":33.0},{"not_picked":["Hello World+1","Redo","Barrage"],"picked":"SKIP","floor":35.0},{"not_picked":["Turbo","BootSequence"],"picked":"Storm","floor":36.0},{"not_picked":["Scrape","Ball Lightning+1"],"picked":"Hologram+1","floor":39.0},{"not_picked":["Redo+1","Static Discharge"],"picked":"Glacier","floor":40.0},{"not_picked":["Sweeping Beam+1","Buffer"],"picked":"Storm+1","floor":42.0},{"not_picked":["Rebound","Sunder+1","Multi-Cast"],"picked":"SKIP","floor":44.0},{"not_picked":["Force Field","Go for the Eyes+1"],"picked":"Loop+1","floor":45.0},{"not_picked":["Steam+1","Thunder Strike"],"picked":"Coolheaded+1","floor":47.0},{"not_picked":["Turbo","Fusion"],"picked":"Go for the Eyes+1","floor":54.0}],"player_experience":546075,"relics_obtained":[{"floor":8.0,"key":"Whetstone"},{"floor":9.0,"key":"Omamori"},{"floor":10.0,"key":"Regal Pillow"},{"floor":14.0,"key":"Bag of Preparation"},{"floor":20.0,"key":"Nilry\u0027s Codex"},{"floor":23.0,"key":"Mummified Hand"},{"floor":26.0,"key":"Lantern"},{"floor":27.0,"key":"Juzu Bracelet"},{"floor":31.0,"key":"Bottled Tornado"},{"floor":40.0,"key":"Bag of Marbles"},{"floor":42.0,"key":"Vajra"},{"floor":43.0,"key":"Pantograph"},{"floor":44.0,"key":"Anchor"},{"floor":54.0,"key":"StoneCalendar"}],"event_choices":[{"damage_healed":0.0,"max_hp_gain":0.0,"max_hp_loss":0.0,"gold_gain":0.0,"event_name":"Accursed Blacksmith","player_choice":"Forge","floor":3.0,"gold_loss":0.0,"damage_taken":0.0,"cards_upgraded":["Sunder"]},{"damage_healed":0.0,"max_hp_gain":0.0,"max_hp_loss":0.0,"gold_gain":0.0,"event_name":"WeMeetAgain","player_choice":"Gave Potion","floor":12.0,"gold_loss":0.0,"damage_taken":0.0,"relics_obtained":["Du-Vu Doll"]},{"damage_healed":0.0,"max_hp_gain":0.0,"max_hp_loss":0.0,"gold_gain":0.0,"event_name":"Cursed Tome","player_choice":"Obtained Book","floor":20.0,"gold_loss":0.0,"damage_taken":16.0},{"damage_healed":0.0,"max_hp_gain":0.0,"max_hp_loss":0.0,"gold_gain":0.0,"event_name":"The Joust","player_choice":"Bet on Murderer","floor":28.0,"gold_loss":50.0,"damage_taken":0.0},{"cards_removed":["Self Repair"],"damage_healed":0.0,"max_hp_gain":0.0,"max_hp_loss":0.0,"gold_gain":0.0,"event_name":"Falling","player_choice":"Removed Power","floor":38.0,"gold_loss":0.0,"damage_taken":0.0},{"damage_healed":0.0,"max_hp_gain":0.0,"max_hp_loss":0.0,"gold_gain":0.0,"event_name":"Tomb of Lord Red Mask","player_choice":"Ignored","floor":41.0,"gold_loss":0.0,"damage_taken":0.0}],"is_beta":true,"boss_relics":[{"not_picked":["Ectoplasm","Tiny House"],"picked":"Fusion Hammer"},{"not_picked":["Empty Cage","Lizard Tail"],"picked":"Cursed Key"}],"items_purged_floors":[],"is_endless":false,"potions_floor_spawned":[1,7,10,14,22,23,25,29,33,42,44,45],"killed_by":"The Heart","ascension_level":1}