{"gold_per_floor":[117,128,128,51,69,102,114,141,178,190,213,300,330,342],"floor_reached":14,"playtime":349,"items_purged":[],"score":184,"play_id":"f45fd829-a222-4d80-a053-7a618789fbef","local_time":"20190422193352","is_ascension_mode":true,"campfire_choices":[{"data":"Sunder","floor":7,"key":"SMITH"},{"floor":10,"key":"DIG"}],"neow_cost":"PERCENT_DAMAGE","seed_source_timestamp":27952382914000,"circlet_count":0,"master_deck":["AscendersBane","Strike_B","Strike_B","Strike_B","Strike_B","Defend_B","Defend_B","Defend_B","Defend_B","Zap","Dualcast","Defragment","Sunder+1","White Noise"],"special_seed":0,"relics":["Cracked Core","Shovel","MawBank","Oddly Smooth Stone","Juzu Bracelet"],"potions_floor_usage":[6,6,14],"damage_taken":[{"damage":7,"enemies":"Cultist","floor":1,"turns":4},{"damage":4,"enemies":"Small Slimes","floor":2,"turns":4},{"damage":0,"enemies":"2 Louse","floor":5,"turns":2},{"damage":15,"enemies":"3 Sentries","floor":6,"turns":6},{"damage":7,"enemies":"Looter","floor":8,"turns":3},{"damage":14,"enemies":"Lots of Slimes","floor":11,"turns":4},{"damage":9,"enemies":"Blue Slaver","floor":13,"turns":3},{"damage":2,"enemies":"Lagavulin","floor":14,"turns":7}],"seed_played":"7110515897349210969","potions_obtained":[{"floor":1,"key":"Strength Potion"},{"floor":5,"key":"Dexterity Potion"},{"floor":13,"key":"SpeedPotion"}],"is_trial":false,"path_per_floor":["M","M","?","$","M","E","R","M","T","R","M","?","M","E"],"character_chosen":"DEFECT","items_purchased":["Sunder"],"campfire_rested":0,"item_purchase_floors":[4],"current_hp_per_floor":[39,35,71,71,71,56,56,49,49,49,35,24,15,13],"gold":342,"neow_bonus":"ONE_RARE_RELIC","is_prod":false,"is_daily":false,"chose_seed":false,"campfire_upgraded":1,"win_rate":0,"timestamp":1555929232,"path_taken":["M","M","?","?","M","E","R","M","T","R","M","?","M","E"],"build_version":"2019-01-23","purchased_purges":0,"victory":false,"max_hp_per_floor":[71,71,71,71,71,71,71,71,71,71,71,71,71,71],"card_choices":[{"not_picked":["Rebound","Leap"],"picked":"Defragment","floor":1},{"not_picked":["Compile Driver","Cold Snap"],"picked":"Chill","floor":2},{"not_picked":["Steam","Beam Cell","Conserve Battery"],"picked":"SKIP","floor":5},{"not_picked":["Streamline","Steam Power","Leap"],"picked":"SKIP","floor":6},{"not_picked":["Scrape","Reprogram","Streamline"],"picked":"SKIP","floor":8},{"not_picked":["Turbo","Steam","Ball Lightning"],"picked":"SKIP","floor":11},{"not_picked":["Multi-Cast","Capacitor"],"picked":"White Noise","floor":13}],"player_experience":3302695,"relics_obtained":[{"floor":6,"key":"MawBank"},{"floor":9,"key":"Oddly Smooth Stone"},{"floor":10,"key":"Juzu Bracelet"}],"event_choices":[{"cards_removed":["Chill"],"damage_healed":36,"gold_gain":0,"player_choice":"Offered Uncommon","damage_taken":0,"max_hp_gain":0,"max_hp_loss":0,"event_name":"Bonfire Elementals","floor":3,"gold_loss":0},{"damage_healed":0,"gold_gain":75,"player_choice":"Gather Gold","damage_taken":11,"max_hp_gain":0,"max_hp_loss":0,"event_name":"World of Goop","floor":12,"gold_loss":0}],"is_beta":false,"boss_relics":[],"items_purged_floors":[],"is_endless":false,"potions_floor_spawned":[1,5,13],"killed_by":"Lagavulin","ascension_level":20}