{"path_per_floor":["M","M","?","M","?","R","M","R","T","M","$","M","R","$","R","B",null,"M","$","?","$","?","R","E","$","T","?","R","E","?","$","R","B",null,"M","?","?","M","?","E","R","E","T","R","E","R","?","?","R","B"],"character_chosen":"IRONCLAD","items_purchased":["Exhume","Flex","Trip","Havoc","Feel No Pain","Body Slam","Torii"],"gold_per_floor":[118,131,306,321,321,321,333,333,333,349,60,70,70,70,70,174,204,220,173,88,19,19,19,54,54,79,79,79,409,409,76,76,179,179,189,0,0,13,13,47,47,73,141,141,171,171,220,200,200,200],"floor_reached":51,"campfire_rested":1,"playtime":3215,"current_hp_per_floor":[80,79,79,80,80,80,77,77,77,62,62,66,66,66,80,80,85,85,85,85,85,85,85,85,85,85,69,69,28,85,85,85,67,81,84,84,84,85,74,85,85,85,85,85,88,88,88,88,88,88],"items_purged":[],"gold":200,"score":860,"play_id":"cc8aa34f-71c4-4fd0-906b-6db8147aec5e","local_time":"20180305222918","is_prod":false,"is_daily":false,"is_ascension_mode":true,"campfire_upgraded":9,"timestamp":1520281758,"path_taken":["M","?","?","M","?","R","M","R","T","M","$","?","R","?","R","BOSS","M","$","?","$","?","R","E","?","T","?","R","E","?","$","R","BOSS","M","?","?","M","?","E","R","E","T","R","E","R","?","?","R","BOSS"],"build_version":"2018-03-01-PROD1","purchased_purges":0,"victory":true,"master_deck":["Strike_R","Strike_R","Strike_R","Strike_R","Strike_R","Defend_R","Defend_R","Defend_R","Defend_R+1","Bash+1","Heavy Blade","Flex+1","Corruption+1","Exhume","Flex","Trip","Rage","Feed","True Grit+1","Havoc+1","Feel No Pain+1","Battle Trance","Sentinel","Exhume","Havoc+1","Corruption+1","Havoc+1","Warcry+1","Madness","Madness","True Grit","Flex+1"],"max_hp_per_floor":[80,80,80,80,80,80,80,80,80,80,80,80,80,80,80,80,85,85,85,85,85,85,85,85,85,85,85,85,85,85,85,85,85,85,85,85,85,85,85,85,85,85,85,85,88,88,88,88,88,88],"relics":["Burning Blood","Dead Branch","Tiny House","Ancient Tea Set","Juzu Bracelet","Oddly Smooth Stone","Enchiridion","Old Coin","Torii","Orrery","Red Mask","Pen Nib","Happy Flower","Letter Opener","Ice Cream","Girya"],"card_choices":[{"not_picked":["Anger","Body Slam"],"picked":"Heavy Blade"},{"not_picked":["Pommel Strike","Evolve"],"picked":"Flex"},{"not_picked":["Blood for Blood","Body Slam"],"picked":"Corruption"},{"not_picked":["Fire Breathing","Anger"],"picked":"Rage"},{"not_picked":["Combust","Headbutt"],"picked":"Rage"},{"not_picked":["Offering","Bludgeon"],"picked":"Feed"},{"not_picked":["Shrug It Off","Flame Barrier"],"picked":"True Grit"},{"not_picked":["Sever Soul","Thunderclap"],"picked":"Battle Trance"},{"not_picked":["Iron Wave","Dropkick"],"picked":"Sentinel"},{"not_picked":["Barricade","Feed"],"picked":"Exhume"},{"not_picked":["Wild Strike","Fire Breathing"],"picked":"Havoc"},{"not_picked":["Warcry","Flame Barrier"],"picked":"Corruption"},{"not_picked":["Pommel Strike","Feel No Pain"],"picked":"Havoc"},{"not_picked":["Reckless Charge","Flex"],"picked":"Warcry"},{"not_picked":["Headbutt","Cleave"],"picked":"True Grit"},{"not_picked":["Double Tap","Heavy Blade"],"picked":"Flex"}],"player_experience":251006,"potions_floor_usage":[4,7,10,18,24,33,35,38,40,50],"damage_taken":[{"damage":6,"enemies":"Cultist","floor":1,"turns":4},{"damage":7,"enemies":"Jaw Worm","floor":2,"turns":3},{"damage":0,"enemies":"2 Louse","floor":4,"turns":2},{"damage":9,"enemies":"Blue Slaver","floor":7,"turns":4},{"damage":21,"enemies":"Exordium Thugs","floor":10,"turns":5},{"damage":2,"enemies":"Looter","floor":12,"turns":3},{"damage":10,"enemies":"Hexaghost","floor":16,"turns":5},{"damage":6,"enemies":"Chosen","floor":18,"turns":4},{"damage":0,"enemies":"Slavers","floor":24,"turns":1},{"damage":47,"enemies":"Book of Stabbing","floor":29,"turns":5},{"damage":24,"enemies":"Automaton","floor":33,"turns":5},{"damage":9,"enemies":"Orb Walker","floor":35,"turns":4},{"damage":4,"enemies":"3 Darklings","floor":38,"turns":3},{"damage":8,"enemies":"Giant Head","floor":40,"turns":5},{"damage":2,"enemies":"Nemesis","floor":42,"turns":3},{"damage":10,"enemies":"Giant Head","floor":45,"turns":3},{"damage":4,"enemies":"Mysterious Sphere","floor":47,"turns":3},{"damage":11,"enemies":"Time Eater","floor":50,"turns":7}],"event_choices":[{"event_name":"Liars Game","player_choice":"agreed","floor":3,"damage_taken":0},{"event_name":"Wheel of Change","player_choice":"Card Removal","floor":5,"damage_taken":0},{"event_name":"Addict","player_choice":"Obtained Relic","floor":20,"damage_taken":0},{"event_name":"Drug Dealer","player_choice":"Ignored","floor":22,"damage_taken":0},{"event_name":"Cursed Tome","player_choice":"Obtained Book","floor":27,"damage_taken":0},{"event_name":"Bonfire Elementals","player_choice":"UNCOMMON","floor":30,"damage_taken":0},{"event_name":"Tomb of Lord Red Mask","player_choice":"Paid","floor":36,"damage_taken":0},{"event_name":"Winding Halls","player_choice":"Embrace Madness","floor":39,"damage_taken":0},{"event_name":"Mysterious Sphere","player_choice":"Fight","floor":47,"damage_taken":0},{"event_name":"The Woman in Blue","player_choice":"Bought 1 Potion","floor":48,"damage_taken":0}],"boss_relics":[{"not_picked":["Eternal Feather","Philosopher\u0027s Stone"],"picked":"Tiny House"},{"not_picked":["Velvet Choker","Runic Pyramid"],"picked":"Orrery"}],"potions_floor_spawned":[4,10,18,33,38,45,47],"seed_played":"-5666814073882172656","ascension_level":5,"is_trial":false}