{"gold_per_floor":[118,118,268,280,111,138,138,156,156,173,203,203,30,40,40,40],"floor_reached":16,"playtime":495,"items_purged":["Doubt"],"score":257,"play_id":"85df4d3d-91b7-42ea-9d24-fdd9ee653774","local_time":"20190318151353","is_ascension_mode":true,"campfire_choices":[{"floor":12,"key":"REST"},{"floor":15,"key":"REST"}],"neow_cost":"NONE","seed_source_timestamp":349648160352377,"circlet_count":0,"master_deck":["AscendersBane","Strike_B","Strike_B","Strike_B","Strike_B","Defend_B","Defend_B","Defend_B","Defend_B","Zap","Dualcast","Fusion+1","Genetic Algorithm","Capacitor","Force Field","Streamline","Barrage","Amplify+1","Defragment","Chill+1","Fusion+1"],"special_seed":0,"relics":["Cracked Core","NeowsBlessing","Potion Belt","Toxic Egg 2","Vajra"],"potions_floor_usage":[8,10,11,16],"damage_taken":[{"damage":0.0,"enemies":"2 Louse","floor":1.0,"turns":1.0},{"damage":0.0,"enemies":"Small Slimes","floor":4.0,"turns":1.0},{"damage":0,"enemies":"Gremlin Nob","floor":6,"turns":1},{"damage":0,"enemies":"Cultist","floor":8,"turns":4},{"damage":12,"enemies":"Looter","floor":10,"turns":3},{"damage":30,"enemies":"3 Sentries","floor":11,"turns":8},{"damage":5,"enemies":"Blue Slaver","floor":14,"turns":3},{"damage":64,"enemies":"Slime Boss","floor":16,"turns":5}],"seed_played":"3567306562479834452","potions_obtained":[{"floor":1.0,"key":"FearPotion"},{"floor":8,"key":"Strength Potion"},{"floor":11,"key":"Strength Potion"},{"floor":14,"key":"Fire Potion"}],"is_trial":false,"path_per_floor":["M","?","?","M","$","E","?","M","T","M","E","R","$","M","R","B"],"character_chosen":"DEFECT","items_purchased":["Capacitor","SkillPotion","Defragment","Chill+1"],"campfire_rested":2,"item_purchase_floors":[5,5,13,13],"current_hp_per_floor":[64,64,64,64,64,64,64,64,64,52,22,43,43,38,59,0],"gold":40,"neow_bonus":"THREE_ENEMY_KILL","is_prod":false,"is_daily":false,"chose_seed":false,"campfire_upgraded":0,"win_rate":0,"timestamp":1552914833,"path_taken":["M","?","?","M","$","E","?","?","T","M","E","R","$","M","R","BOSS"],"build_version":"2019-01-23","purchased_purges":1,"victory":false,"max_hp_per_floor":[71,71,71,71,71,71,71,71,71,71,71,71,71,71,71,71],"card_choices":[{"not_picked":["Stack","Go for the Eyes"],"picked":"Fusion","floor":1.0},{"not_picked":["Turbo","Steam"],"picked":"Genetic Algorithm","floor":4.0},{"not_picked":["Cold Snap","Genetic Algorithm"],"picked":"Force Field","floor":6},{"not_picked":["FTL","Leap"],"picked":"Streamline","floor":8},{"not_picked":["Hologram+1","Rip and Tear"],"picked":"Barrage","floor":10},{"not_picked":["Double Energy+1","Turbo+1"],"picked":"Amplify+1","floor":11},{"not_picked":["Barrage","Gash"],"picked":"Fusion+1","floor":14}],"player_experience":1113347,"relics_obtained":[{"floor":6,"key":"Potion Belt"},{"floor":9,"key":"Toxic Egg 2"},{"floor":11,"key":"Vajra"}],"event_choices":[{"damage_healed":0.0,"max_hp_gain":0.0,"max_hp_loss":0.0,"gold_gain":0.0,"event_name":"Golden Wing","player_choice":"Ignored","floor":2.0,"gold_loss":0.0,"damage_taken":0.0},{"damage_healed":0.0,"max_hp_gain":0.0,"max_hp_loss":0.0,"gold_gain":150.0,"event_name":"Liars Game","player_choice":"AGREE","floor":3.0,"gold_loss":0.0,"damage_taken":0.0,"cards_obtained":["Doubt"]},{"damage_healed":0,"gold_gain":0,"player_choice":"Upgraded","damage_taken":0,"max_hp_gain":0,"max_hp_loss":0,"event_name":"Upgrade Shrine","floor":7,"gold_loss":0,"cards_upgraded":["Fusion"]}],"is_beta":false,"boss_relics":[],"items_purged_floors":[5],"is_endless":false,"potions_floor_spawned":[1,8,11,14],"killed_by":"Slime Boss","ascension_level":18}