{"path_per_floor":["M","M","?","M","M","R","M","?","T","M","R","E","R","$","R","B",null,"M","M","?","?","$","R","?","E","T","M","?","R","M","?","R","B",null,"M","?","$","?","M","R","?","R","T","M","$","M","M","M","R","B"],"character_chosen":"IRONCLAD","items_purchased":["Vajra","Havoc","Sever Soul","Havoc"],"gold_per_floor":[117,136,136,151,166,166,186,286,286,299,299,325,325,93,93,198,198,183,195,120,120,20,20,20,49,49,67,67,67,77,27,27,127,127,140,140,12,12,27,27,27,27,54,69,17,34,51,68,68,68],"floor_reached":51,"campfire_rested":4,"playtime":3496,"current_hp_per_floor":[80,86,86,86,83,83,82,82,82,89,89,63,90,90,90,51,82,79,77,77,77,77,77,77,70,70,84,64,95,96,96,105,32,90,100,100,100,86,89,113,113,113,113,110,110,109,125,124,124,104],"items_purged":["Defend_R","Defend_R"],"gold":68,"score":936,"play_id":"3383e234-aadb-4efa-a832-672217f2489d","local_time":"20180310222300","is_prod":false,"is_daily":false,"is_ascension_mode":true,"campfire_upgraded":6,"timestamp":1520713380,"path_taken":["M","M","?","M","M","R","?","?","T","M","R","E","R","$","R","BOSS","M","M","?","?","$","R","?","E","T","M","?","R","?","?","R","BOSS","M","?","$","?","?","R","?","R","T","M","$","M","M","M","R","BOSS"],"build_version":"2018-03-09","purchased_purges":2,"victory":true,"master_deck":["Defend_R","Bash+1","Feed+1","Shrug It Off+1","Armaments+1","Twin Strike","Dropkick","Clash","Clash","Shrug It Off","Bite","Bite","Bite","Bite","Bite","Seeing Red+1","Feed","Decay","Pain","Shrug It Off+1","Havoc","Sever Soul","Madness+1","Madness","Second Wind+1","Infernal Blade+1","Havoc","Armaments+1","Corruption+1","Offering"],"max_hp_per_floor":[83,86,86,86,89,89,92,92,92,92,92,92,92,92,92,92,92,96,96,96,96,96,96,96,96,96,100,105,105,105,105,105,109,109,113,113,113,113,113,113,113,113,113,117,117,121,125,125,125,125],"relics":["Burning Blood","Omamori","Magic Flower","Vajra","Runic Cube","Dream Catcher","Anchor","Ginger","Calling Bell","Dead Branch","Lantern","Darkstone Periapt","Happy Flower"],"card_choices":[{"not_picked":["Perfected Strike","Disarm"],"picked":"Shrug It Off"},{"not_picked":["Heavy Blade","Warcry"],"picked":"Armaments"},{"not_picked":["Evolve","Whirlwind"],"picked":"Twin Strike"},{"not_picked":["Headbutt","True Grit"],"picked":"Dropkick"},{"not_picked":["Dropkick","Iron Wave"],"picked":"Clash"},{"not_picked":["Cleave","Heavy Blade"],"picked":"Clash"},{"not_picked":["Clothesline","Sword Boomerang"],"picked":"Shrug It Off"},{"not_picked":["Dark Embrace","Battle Trance"],"picked":"Seeing Red"},{"not_picked":["Brutality","Juggernaut"],"picked":"Feed"},{"not_picked":["Body Slam","Demon Form"],"picked":"Shrug It Off"},{"not_picked":["Flame Barrier","Hemokinesis"],"picked":"Second Wind"},{"not_picked":["Wild Strike","Perfected Strike"],"picked":"Infernal Blade"},{"not_picked":["Clothesline","Flex"],"picked":"Armaments"},{"not_picked":["Wild Strike","Thunderclap"],"picked":"Corruption"},{"not_picked":["Anger","Clash"],"picked":"Offering"}],"player_experience":275126,"potions_floor_usage":[5,7,10,16,16,19,33,33,39,50],"damage_taken":[{"damage":1,"enemies":"Cultist","floor":1,"turns":3},{"damage":0,"enemies":"Small Slimes","floor":2,"turns":3},{"damage":6,"enemies":"Jaw Worm","floor":4,"turns":4},{"damage":27,"enemies":"Gremlin Gang","floor":5,"turns":7},{"damage":10,"enemies":"Large Slime","floor":7,"turns":3},{"damage":2,"enemies":"Looter","floor":10,"turns":2},{"damage":35,"enemies":"3 Sentries","floor":12,"turns":10},{"damage":50,"enemies":"Hexaghost","floor":16,"turns":8},{"damage":21,"enemies":"2 Thieves","floor":18,"turns":4},{"damage":14,"enemies":"Chosen","floor":19,"turns":5},{"damage":30,"enemies":"Gremlin Leader","floor":25,"turns":5},{"damage":34,"enemies":"Snake Plant","floor":27,"turns":5},{"damage":27,"enemies":"Centurion and Healer","floor":30,"turns":4},{"damage":158,"enemies":"Automaton","floor":33,"turns":13},{"damage":36,"enemies":"3 Shapes","floor":35,"turns":6},{"damage":9,"enemies":"3 Darklings","floor":39,"turns":3},{"damage":25,"enemies":"Sphere and 2 Shapes","floor":44,"turns":4},{"damage":41,"enemies":"Maw","floor":46,"turns":8},{"damage":13,"enemies":"3 Darklings","floor":47,"turns":4},{"damage":15,"enemies":"Sphere and 2 Shapes","floor":48,"turns":3},{"damage":52,"enemies":"Awakened One","floor":50,"turns":7}],"event_choices":[{"event_name":"Big Fish","player_choice":"Box","floor":3,"damage_taken":0},{"event_name":"Golden Shrine","player_choice":"Pray","floor":8,"damage_taken":0},{"event_name":"Beggar","player_choice":"Gave Gold","floor":20,"damage_taken":0},{"event_name":"The Mausoleum","player_choice":"Yes","floor":21,"damage_taken":0},{"event_name":"Vampires","player_choice":"Became a vampire (Vial)","floor":24,"damage_taken":0},{"event_name":"Forgotten Altar","player_choice":"Shed Blood","floor":28,"damage_taken":0},{"event_name":"The Joust","player_choice":"Bet on Murderer","floor":31,"damage_taken":0},{"event_name":"Tomb of Lord Red Mask","player_choice":"Ignored","floor":36,"damage_taken":0},{"event_name":"Winding Halls","player_choice":"Embrace Madness","floor":38,"damage_taken":0}],"boss_relics":[{"not_picked":["Velvet Choker","Pandora\u0027s Box"],"picked":"Runic Cube"},{"not_picked":["Black Star","Eternal Feather"],"picked":"Calling Bell"}],"potions_floor_spawned":[1,5,7,10,12,18,25,30,35,39],"seed_played":"6164490948910885835","ascension_level":6,"is_trial":false}