{"gold_per_floor":[109,109,109,126,45,78,78,113,113,113,126,126,137,192,192,269,269,288,288,288],"floor_reached":20,"playtime":1657,"items_purged":[],"score":460,"play_id":"62300d5e-0103-4451-9cb7-cc399ec2a627","local_time":"20190322214803","is_ascension_mode":true,"campfire_choices":[{"floor":7.0,"key":"REST"},{"data":"Feed","floor":10.0,"key":"SMITH"},{"data":"Bash","floor":12.0,"key":"SMITH"},{"data":"Limit Break","floor":15.0,"key":"SMITH"}],"neow_cost":"NONE","seed_source_timestamp":0,"circlet_count":0,"master_deck":["AscendersBane","Strike_R","Strike_R","Strike_R","Strike_R","Strike_R","Defend_R","Defend_R","Defend_R","Bash+1","Limit Break+1","Shrug It Off","Power Through","Iron Wave","Whirlwind","Feed+1","Rage","Reaper","Feed","Spot Weakness","Clothesline","Seeing Red+1","RitualDagger"],"special_seed":0,"relics":["Burning Blood","Charon\u0027s Ashes","Red Skull","Kunai","PreservedInsect","Orrery"],"potions_floor_usage":[18],"damage_taken":[{"damage":14.0,"enemies":"Jaw Worm","floor":1.0,"turns":3.0},{"damage":0.0,"enemies":"2 Louse","floor":4.0,"turns":3.0},{"damage":59.0,"enemies":"3 Sentries","floor":6.0,"turns":12.0},{"damage":27.0,"enemies":"Gremlin Nob","floor":8.0,"turns":4.0},{"damage":0.0,"enemies":"Cultist","floor":11.0,"turns":3.0},{"damage":9.0,"enemies":"Exordium Thugs","floor":13.0,"turns":3.0},{"damage":0.0,"enemies":"Slime Boss","floor":16.0,"turns":5.0},{"damage":11,"enemies":"3 Byrds","floor":18,"turns":3},{"damage":22,"enemies":"Spheric Guardian","floor":20,"turns":5}],"seed_played":"-702777574630853680","potions_obtained":[{"floor":6.0,"key":"Energy Potion"},{"floor":13.0,"key":"LiquidBronze"},{"floor":16.0,"key":"SpeedPotion"}],"is_trial":false,"path_per_floor":["M","?","?","M","$","E","R","E","T","R","M","R","M","T","R","B",null,"M","?","M"],"character_chosen":"IRONCLAD","items_purchased":["Whirlwind"],"campfire_rested":1,"item_purchase_floors":[5],"current_hp_per_floor":[60,65,65,71,71,18,42,21,21,21,31,31,32,32,32,38,76,71,65,43],"gold":288,"neow_bonus":"ONE_RANDOM_RARE_CARD","is_prod":false,"is_daily":false,"chose_seed":false,"campfire_upgraded":3,"win_rate":0,"timestamp":1553262483,"path_taken":["M","?","?","?","$","E","R","E","T","R","M","R","M","?","R","BOSS","M","?","M"],"build_version":"2019-03-15","purchased_purges":0,"victory":false,"max_hp_per_floor":[75,80,80,80,80,80,80,80,80,80,84,84,88,88,88,88,88,88,88,88],"card_choices":[{"not_picked":["Warcry","Dropkick"],"picked":"Shrug It Off","floor":1.0},{"not_picked":["Feel No Pain","Flex"],"picked":"Iron Wave","floor":4.0},{"not_picked":["Hemokinesis","Clothesline"],"picked":"Feed","floor":6.0},{"not_picked":["Flex","Rampage","Body Slam"],"picked":"SKIP","floor":8.0},{"not_picked":["Wild Strike","Entrench","Combust"],"picked":"SKIP","floor":11.0},{"not_picked":["Burning Pact","Warcry"],"picked":"Rage","floor":13.0},{"not_picked":["Fiend Fire","Immolate"],"picked":"Reaper","floor":16.0},{"not_picked":["Flame Barrier","Intimidate"],"picked":"Feed","floor":17},{"not_picked":["Flame Barrier","Armaments"],"picked":"Spot Weakness","floor":17},{"not_picked":["Armaments","Power Through"],"picked":"Clothesline","floor":17},{"not_picked":["Searing Blow","Body Slam+1"],"picked":"Seeing Red+1","floor":18}],"player_experience":743772,"relics_obtained":[{"floor":6.0,"key":"Charon\u0027s Ashes"},{"floor":8.0,"key":"Red Skull"},{"floor":9.0,"key":"Kunai"},{"floor":14.0,"key":"PreservedInsect"}],"event_choices":[{"damage_healed":0.0,"max_hp_gain":5.0,"max_hp_loss":0.0,"gold_gain":0.0,"event_name":"Big Fish","player_choice":"Donut","floor":2.0,"gold_loss":0.0,"damage_taken":0.0},{"damage_healed":0.0,"max_hp_gain":0.0,"max_hp_loss":0.0,"gold_gain":0.0,"cards_transformed":["Defend_R"],"event_name":"Transmorgrifier","player_choice":"Transformed","floor":3.0,"gold_loss":0.0,"damage_taken":0.0,"cards_obtained":["Power Through"]},{"damage_healed":0,"gold_gain":0,"player_choice":"Joined the Cult","damage_taken":6,"max_hp_gain":0,"max_hp_loss":0,"event_name":"Nest","floor":19,"gold_loss":0,"cards_obtained":["RitualDagger"]}],"is_beta":true,"boss_relics":[{"not_picked":["Busted Crown","White Beast Statue"],"picked":"Orrery"}],"items_purged_floors":[],"is_endless":false,"potions_floor_spawned":[6,13,16],"killed_by":"Spheric Guardian","ascension_level":20}