{"path_per_floor":["M","M","M","?","$","R","M","M","T","M","R","M","M","M","R","B",null,"M","M","M","$","M","R"],"character_chosen":"IRONCLAD","items_purchased":["Clash","Shrug It Off","Whirlwind"],"gold_per_floor":[110,128,140,140,43,43,55,69,69,82,82,100,112,127,127,232,232,242,257,272,136,151,151],"floor_reached":24,"campfire_rested":0,"playtime":2021,"current_hp_per_floor":[72,67,72,65,65,65,53,55,69,39,39,30,20,26,26,8,86,66,54,45,45,27,27],"items_purged":["Strike_R","Defend_R"],"gold":151,"play_id":"f4dc5da1-1d31-432a-a0a2-d29c0127484a","is_prod":false,"is_daily":false,"is_ascension_mode":false,"campfire_upgraded":4,"path_taken":["M","M","M","?","$","R","M","M","T","M","R","M","M","M","R","BOSS","M","M","M","$","M","R","E"],"build_version":"2018-01-25-PROD3","purchased_purges":3,"victory":false,"master_deck":["Strike_R","Strike_R","Strike_R","Defend_R","Defend_R","Bash+1","Sword Boomerang","Whirlwind","Blood for Blood","Clash","Seeing Red","Anger","Inflame+1","Clash","Shrug It Off","Heavy Blade+1","Limit Break+1","Iron Wave","Heavy Blade","Heavy Blade","Shrug It Off","Whirlwind","Spot Weakness"],"max_hp_per_floor":[72,72,72,72,72,72,72,72,86,86,86,86,86,86,86,86,86,86,86,86,86,86,86],"relics":["Burning Blood","Smiling Mask","Mango","Sozu"],"card_choices":[{"not_picked":["Thunderclap","Warcry"],"picked":"Blood for Blood"},{"not_picked":["Armaments","Hemokinesis"],"picked":"Seeing Red"},{"not_picked":["Thunderclap","Feel No Pain"],"picked":"Anger"},{"not_picked":["Double Tap","Anger"],"picked":"Inflame"},{"not_picked":["Fire Breathing","Power Through"],"picked":"Clash"},{"not_picked":["Sword Boomerang","Clash"],"picked":"Shrug It Off"},{"not_picked":["Anger","Intimidate"],"picked":"Heavy Blade"},{"not_picked":["Dark Embrace","Berserk"],"picked":"Limit Break"},{"not_picked":["Pommel Strike","Corruption"],"picked":"Iron Wave"},{"not_picked":["Body Slam","Dual Wield"],"picked":"Heavy Blade"},{"not_picked":["Wild Strike","Blood for Blood"],"picked":"Heavy Blade"},{"not_picked":["Sword Boomerang","Barricade"],"picked":"Spot Weakness"}],"player_experience":63968,"potions_floor_usage":[16],"damage_taken":[{"damage":6,"enemies":"Cultist","floor":1,"turns":3},{"damage":11,"enemies":"Small Slimes","floor":2,"turns":3},{"damage":0,"enemies":"2 Louse","floor":3,"turns":2},{"damage":18,"enemies":"Lots of Slimes","floor":7,"turns":3},{"damage":4,"enemies":"Large Slime","floor":8,"turns":5},{"damage":36,"enemies":"Gremlin Gang","floor":10,"turns":5},{"damage":15,"enemies":"Looter","floor":12,"turns":3},{"damage":16,"enemies":"Exordium Thugs","floor":13,"turns":3},{"damage":0,"enemies":"Large Slime","floor":14,"turns":2},{"damage":24,"enemies":"Hexaghost","floor":16,"turns":5},{"damage":26,"enemies":"3 Byrds","floor":18,"turns":4},{"damage":18,"enemies":"Chosen","floor":19,"turns":4},{"damage":15,"enemies":"3 Cultists","floor":20,"turns":5},{"damage":24,"enemies":"Centurion and Healer","floor":22,"turns":4},{"damage":28,"enemies":"Gremlin Leader","floor":24,"turns":3}],"event_choices":[{"event_name":"Scrap Ooze","player_choice":"success","floor":4,"damage_taken":7}],"boss_relics":[{"not_picked":["Tiny House","Mark of Pain"],"picked":"Sozu"}],"potions_floor_spawned":[1,3,12,13,14,20],"seed_played":"-8042520956886719839","killed_by":"Gremlin Leader","ascension_level":0,"is_trial":false}