{"gold_per_floor":[362,380,56,56,56,56,21,21,47,77,88,33,33,107,107,107],"floor_reached":16,"playtime":312,"items_purged":[],"score":192,"play_id":"27d5ef46-3a7b-44f2-9588-bca2adafd29b","local_time":"20190325155800","is_ascension_mode":true,"campfire_choices":[{"data":"Zap","floor":6,"key":"SMITH"},{"data":"Coolheaded","floor":8,"key":"SMITH"},{"data":"Coolheaded","floor":15,"key":"SMITH"}],"neow_cost":"TEN_PERCENT_HP_LOSS","seed_source_timestamp":75759129388500,"circlet_count":0,"master_deck":["AscendersBane","Strike_B","Strike_B","Strike_B+1","Strike_B","Defend_B+1","Defend_B","Defend_B","Defend_B","Zap+1","Dualcast","Coolheaded+1","Coolheaded+1"],"relics":["Cracked Core","Lantern","Juzu Bracelet","Dodecahedron","Orichalcum","Bag of Preparation","Meat on the Bone"],"potions_floor_usage":[16,16],"damage_taken":[{"damage":7,"enemies":"Cultist","floor":1,"turns":4},{"damage":2,"enemies":"2 Louse","floor":2,"turns":3},{"damage":32,"enemies":"3 Sentries","floor":10,"turns":9},{"damage":2,"enemies":"Jaw Worm","floor":11,"turns":2},{"damage":17,"enemies":"Hexaghost","floor":16,"turns":9}],"seed_played":"-6128563098329529612","potions_obtained":[{"floor":1,"key":"SteroidPotion"},{"floor":2,"key":"Dexterity Potion"}],"is_trial":false,"path_per_floor":["M","M","$","?","?","R","?","R","T","E","M","$","?","T","R","B"],"character_chosen":"DEFECT","items_purchased":["Lantern","Juzu Bracelet","PowerPotion"],"campfire_rested":0,"item_purchase_floors":[3,3,12],"current_hp_per_floor":[57,55,55,50,55,55,69,69,69,37,35,35,14,14,14,0],"gold":107,"neow_bonus":"TWO_FIFTY_GOLD","is_prod":false,"is_daily":false,"chose_seed":false,"campfire_upgraded":3,"win_rate":0,"timestamp":1553497080,"path_taken":["M","M","$","?","?","R","?","R","T","E","M","$","?","?","R","BOSS"],"build_version":"2019-01-23","purchased_purges":0,"victory":false,"max_hp_per_floor":[64,64,64,64,69,69,69,69,69,69,69,69,69,69,69,69],"card_choices":[{"not_picked":["Reprogram","Compile Driver","Fusion"],"picked":"SKIP","floor":1},{"not_picked":["Hello World","Force Field"],"picked":"Coolheaded","floor":2},{"not_picked":["Compile Driver","Rebound"],"picked":"Coolheaded","floor":10},{"not_picked":["Leap","Sweeping Beam","Steam"],"picked":"SKIP","floor":11}],"player_experience":2568000,"relics_obtained":[{"floor":9,"key":"Orichalcum"},{"floor":10,"key":"Bag of Preparation"},{"floor":14,"key":"Meat on the Bone"}],"event_choices":[{"damage_healed":0,"gold_gain":0,"player_choice":"Success","damage_taken":5,"relics_obtained":["Dodecahedron"],"max_hp_gain":0,"max_hp_loss":0,"event_name":"Scrap Ooze","floor":4,"gold_loss":0},{"damage_healed":0,"gold_gain":0,"player_choice":"Donut","damage_taken":0,"max_hp_gain":5,"max_hp_loss":0,"event_name":"Big Fish","floor":5,"gold_loss":0},{"damage_healed":17,"gold_gain":0,"player_choice":"Healed","damage_taken":0,"max_hp_gain":0,"max_hp_loss":0,"event_name":"The Cleric","floor":7,"gold_loss":35},{"damage_healed":0,"gold_gain":0,"player_choice":"Entered Light","damage_taken":21,"max_hp_gain":0,"max_hp_loss":0,"event_name":"Shining Light","floor":13,"gold_loss":0,"cards_upgraded":["Defend_B","Strike_B"]}],"is_beta":false,"boss_relics":[],"items_purged_floors":[],"is_endless":false,"potions_floor_spawned":[1,2],"killed_by":"Hexaghost","ascension_level":20}