{"path_per_floor":["M","$","M","?","M","R","E","R","T","E","?","M","E","M","R","B",null,"M","M","$","?","M","R","M"],"character_chosen":"IRONCLAD","items_purchased":["Battle Trance","Metallicize"],"gold_per_floor":[116,40,55,55,74,74,104,104,127,159,259,278,311,323,323,428,428,383,383,228,143,143,143,143,143],"floor_reached":25,"campfire_rested":1,"playtime":1118,"current_hp_per_floor":[75,75,75,75,72,72,70,70,70,46,46,51,36,42,42,10,63,69,61,61,61,12,36,22,0],"items_purged":["Strike_R"],"gold":143,"score":335,"play_id":"696fa994-3502-405d-9d3b-308648a10b31","local_time":"20180411223008","is_prod":false,"is_daily":false,"chose_seed":false,"is_ascension_mode":true,"campfire_upgraded":3,"timestamp":1523457008,"path_taken":["M","$","M","?","M","R","E","R","T","E","?","M","E","M","R","BOSS","M","M","$","?","M","R","M","E"],"build_version":"2018-04-10","seed_source_timestamp":1412955466181504,"purchased_purges":1,"victory":false,"master_deck":["Strike_R","Strike_R","Strike_R","Strike_R","Defend_R","Defend_R+1","Defend_R","Defend_R","AscendersBane","Uppercut+1","Battle Trance+1","Rampage+1","True Grit","Double Tap+1","Headbutt","Double Tap","Shrug It Off+1","Metallicize","Pommel Strike","Battle Trance"],"max_hp_per_floor":[80,80,80,80,80,80,80,80,80,80,80,80,80,80,80,80,80,80,80,80,80,80,80,80,80],"relics":["Burning Blood","Anchor","Pen Nib","War Paint","Happy Flower","Ectoplasm","Lantern"],"card_choices":[{"not_picked":["Anger","Reckless Charge"],"picked":"Uppercut","floor":1},{"not_picked":["Hemokinesis","Pommel Strike"],"picked":"Rampage","floor":5},{"not_picked":["Armaments","Dual Wield"],"picked":"True Grit","floor":10},{"not_picked":["Corruption","Sword Boomerang"],"picked":"Double Tap","floor":12},{"not_picked":["Disarm","Armaments"],"picked":"Headbutt","floor":14},{"not_picked":["Fiend Fire","Demon Form"],"picked":"Double Tap","floor":16},{"not_picked":["Twin Strike","Bloodletting"],"picked":"Shrug It Off","floor":18},{"not_picked":["Body Slam","Twin Strike"],"picked":"Pommel Strike","floor":22},{"not_picked":["Hemokinesis","Reckless Charge"],"picked":"Battle Trance","floor":24}],"player_experience":270700,"potions_floor_usage":[7,7,10,13,22],"damage_taken":[{"damage":3,"enemies":"Small Slimes","floor":1,"turns":4},{"damage":6,"enemies":"Cultist","floor":3,"turns":3},{"damage":9,"enemies":"Jaw Worm","floor":5,"turns":3},{"damage":8,"enemies":"Gremlin Nob","floor":7,"turns":4},{"damage":30,"enemies":"Lagavulin","floor":10,"turns":6},{"damage":1,"enemies":"Looter","floor":12,"turns":2},{"damage":21,"enemies":"3 Sentries","floor":13,"turns":6},{"damage":0,"enemies":"Red Slaver","floor":14,"turns":4},{"damage":38,"enemies":"Slime Boss","floor":16,"turns":7},{"damage":0,"enemies":"2 Thieves","floor":18,"turns":3},{"damage":14,"enemies":"3 Byrds","floor":19,"turns":4},{"damage":55,"enemies":"Cultist and Chosen","floor":22,"turns":7},{"damage":20,"enemies":"Snecko","floor":24,"turns":4},{"damage":27,"enemies":"Slavers","floor":25,"turns":2}],"event_choices":[{"event_name":"Bonfire Elementals","player_choice":"BASIC","floor":4,"damage_taken":0},{"event_name":"Wheel of Change","player_choice":"Gold","floor":11,"damage_taken":0},{"event_name":"Addict","player_choice":"Obtained Relic","floor":21,"damage_taken":0}],"boss_relics":[{"not_picked":["Velvet Choker","Runic Cube"],"picked":"Ectoplasm"}],"potions_floor_spawned":[3,5,7,10,19],"seed_played":"-1363028373059794082","killed_by":"Slavers","ascension_level":10,"is_trial":false}