{"gold_per_floor":[114,114,128,128,140,187,199,223,235,276,288],"floor_reached":11,"playtime":238,"items_purged":[],"score":162,"play_id":"709d753d-2711-494b-ac75-8a8e3ae379b6","local_time":"20190407143558","is_ascension_mode":true,"campfire_choices":[{"data":"Buffer","floor":7,"key":"SMITH"}],"neow_cost":"NONE","seed_source_timestamp":45649156198800,"circlet_count":0,"master_deck":["AscendersBane","Strike_B","Strike_B","Strike_B","Strike_B","Defend_B","Defend_B","Defend_B","Zap","Dualcast","Buffer+1","Capacitor","Rainbow","Defragment","FTL"],"relics":["Cracked Core","MawBank","Bag of Preparation","Question Card","Blood Vial"],"potions_floor_usage":[11],"damage_taken":[{"damage":0,"enemies":"Cultist","floor":1,"turns":4},{"damage":7,"enemies":"Jaw Worm","floor":3,"turns":3},{"damage":32,"enemies":"Lagavulin","floor":6,"turns":9},{"damage":9,"enemies":"Small Slimes","floor":8,"turns":4},{"damage":14,"enemies":"Gremlin Nob","floor":10,"turns":6},{"damage":1,"enemies":"3 Louse","floor":11,"turns":3}],"seed_played":"-3754859059823240166","potions_obtained":[{"floor":1,"key":"Ancient Potion"},{"floor":6,"key":"PowerPotion"}],"is_trial":false,"path_per_floor":["M","?","M","T","?","E","R","M","T","E","M"],"character_chosen":"DEFECT","items_purchased":[],"campfire_rested":0,"item_purchase_floors":[],"current_hp_per_floor":[64,64,57,57,57,25,25,16,16,2,3],"gold":288,"neow_bonus":"ONE_RANDOM_RARE_CARD","is_prod":false,"is_daily":false,"chose_seed":false,"campfire_upgraded":1,"win_rate":0,"timestamp":1554615358,"path_taken":["M","?","M","?","?","E","R","M","T","E","M"],"build_version":"2019-01-23","purchased_purges":0,"victory":false,"max_hp_per_floor":[71,71,71,71,71,71,71,71,71,71,71],"card_choices":[{"not_picked":["Turbo","Doom and Gloom"],"picked":"Capacitor","floor":1},{"not_picked":["Heatsinks","Barrage"],"picked":"Defragment","floor":3},{"not_picked":["Storm","Chaos","Beam Cell"],"picked":"SKIP","floor":6},{"not_picked":["Hologram","Auto Shields","Sweeping Beam"],"picked":"SKIP","floor":8},{"not_picked":["Compile Driver","BootSequence","Static Discharge"],"picked":"FTL","floor":10}],"player_experience":2943642,"relics_obtained":[{"floor":4,"key":"MawBank"},{"floor":6,"key":"Bag of Preparation"},{"floor":9,"key":"Question Card"},{"floor":10,"key":"Blood Vial"}],"event_choices":[{"damage_healed":0,"gold_gain":0,"cards_transformed":["Defend_B"],"player_choice":"Change","damage_taken":0,"max_hp_gain":0,"max_hp_loss":0,"event_name":"Living Wall","floor":2,"gold_loss":0,"cards_obtained":["Rainbow"]},{"damage_healed":0,"gold_gain":0,"player_choice":"Ignored","damage_taken":0,"max_hp_gain":0,"max_hp_loss":0,"event_name":"Liars Game","floor":5,"gold_loss":0}],"is_beta":false,"boss_relics":[],"items_purged_floors":[],"is_endless":false,"potions_floor_spawned":[1,6],"killed_by":"3 Louse","ascension_level":20}