{"gold_per_floor":[110,129,139,139,214,214,225,256,283,198,198,232,12,32,32,103,103,117,129,144,160,176,204,221,221,247,272,289,135,135,151,151,151],"floor_reached":33,"playtime":3056,"items_purged":["Strike_G"],"score":587,"play_id":"674d09df-8d80-4211-a62a-fe96583554e1","local_time":"20190106232537","is_ascension_mode":true,"campfire_choices":[{"data":"Dagger Spray","floor":6.0,"key":"SMITH"},{"floor":11.0,"key":"REST"},{"data":"Dash","floor":15.0,"key":"SMITH"},{"data":"Malaise","floor":25.0,"key":"SMITH"},{"floor":30,"key":"REST"},{"data":"Footwork","floor":32,"key":"SMITH"}],"neow_cost":"NONE","seed_source_timestamp":95143215846545,"circlet_count":0,"master_deck":["AscendersBane","Defend_G+1","Defend_G","Defend_G","Defend_G+1","Strike_G+1","Strike_G+1","Survivor","Neutralize","Dagger Spray+1","Footwork+1","Flying Knee","PiercingWail","Calculated Gamble","Dash+1","Adrenaline","Well Laid Plans+1","Slice+1","Venomology+1","Skewer+1","Malaise+1","Outmaneuver","Leg Sweep","Riddle With Holes+1","Blur","PiercingWail","Dodge and Roll"],"special_seed":0,"relics":["Ring of the Snake","Bag of Marbles","War Paint","Oddly Smooth Stone","Strawberry","Ornamental Fan","Dream Catcher","Vajra","Astrolabe","Orichalcum","Whetstone","Prayer Wheel"],"potions_floor_usage":[27,31,33,33,33],"damage_taken":[{"damage":0.0,"enemies":"Small Slimes","floor":1.0,"turns":4.0},{"damage":2.0,"enemies":"Jaw Worm","floor":2.0,"turns":6.0},{"damage":0.0,"enemies":"Cultist","floor":3.0,"turns":3.0},{"damage":4.0,"enemies":"3 Louse","floor":7.0,"turns":4.0},{"damage":26.0,"enemies":"Gremlin Nob","floor":8.0,"turns":4.0},{"damage":11.0,"enemies":"3 Sentries","floor":12.0,"turns":7.0},{"damage":16.0,"enemies":"Exordium Wildlife","floor":14.0,"turns":6.0},{"damage":1.0,"enemies":"Hexaghost","floor":16.0,"turns":10.0},{"damage":10.0,"enemies":"3 Byrds","floor":18.0,"turns":7.0},{"damage":0.0,"enemies":"Chosen","floor":19.0,"turns":3.0},{"damage":2.0,"enemies":"Snecko","floor":20.0,"turns":3.0},{"damage":0.0,"enemies":"Snake Plant","floor":21.0,"turns":4.0},{"damage":15.0,"enemies":"Shelled Parasite and Fungi","floor":22.0,"turns":8.0},{"damage":2.0,"enemies":"Gremlin Leader","floor":23.0,"turns":4.0},{"damage":0.0,"enemies":"Centurion and Healer","floor":24.0,"turns":6.0},{"damage":21,"enemies":"Slavers","floor":27,"turns":6},{"damage":0,"enemies":"Snecko","floor":28,"turns":8},{"damage":4,"enemies":"Cultist and Chosen","floor":31,"turns":6},{"damage":27,"enemies":"Champ","floor":33,"turns":20}],"seed_played":"-1330238478667509709","potions_obtained":[{"floor":2.0,"key":"Strength Potion"},{"floor":7.0,"key":"FearPotion"},{"floor":8.0,"key":"PowerPotion"},{"floor":20.0,"key":"Swift Potion"},{"floor":28,"key":"Energy Potion"}],"is_trial":false,"path_per_floor":["M","M","M","?","?","R","M","E","T","?","R","E","$","M","R","B",null,"M","M","M","M","M","E","M","R","T","E","M","$","R","M","R","B"],"character_chosen":"THE_SILENT","items_purchased":["Vajra","PowerPotion","Blur"],"campfire_rested":2,"item_purchase_floors":[13,13,29],"current_hp_per_floor":[59,57,57,46,35,35,31,5,12,12,33,22,22,6,6,5,56,46,46,44,44,29,27,27,27,27,6,6,6,27,23,23,0],"gold":151,"neow_bonus":"RANDOM_COMMON_RELIC","is_prod":false,"is_daily":false,"chose_seed":false,"campfire_upgraded":4,"win_rate":0,"timestamp":1546788337,"path_taken":["M","M","M","?","?","R","M","E","T","?","R","E","$","M","R","BOSS","M","?","M","M","M","E","M","R","T","E","M","$","R","M","R","BOSS"],"build_version":"2019-01-03v4","purchased_purges":1,"victory":false,"max_hp_per_floor":[66,66,66,66,66,66,66,66,73,73,73,73,73,73,73,73,73,73,73,73,73,73,73,73,73,73,73,73,73,73,73,73,73],"card_choices":[{"not_picked":["Prepared","Blade Dance"],"picked":"Dagger Spray","floor":1.0},{"not_picked":["Flechettes","Choke","Sucker Punch"],"picked":"SKIP","floor":2.0},{"not_picked":["Terror","Cloak And Dagger"],"picked":"Footwork","floor":3.0},{"not_picked":["Blade Dance","Acrobatics"],"picked":"Flying Knee","floor":7.0},{"not_picked":["Poisoned Stab","Blade Dance"],"picked":"PiercingWail","floor":8.0},{"not_picked":["Bane","Phantasmal Killer"],"picked":"Calculated Gamble","floor":12.0},{"not_picked":["Dodge and Roll","Tactician"],"picked":"Dash","floor":14.0},{"not_picked":["Malaise","Storm of Steel"],"picked":"Adrenaline","floor":16.0},{"not_picked":["Deflect","Dodge and Roll+1"],"picked":"Skewer+1","floor":18.0},{"not_picked":["PiercingWail","Underhanded Strike"],"picked":"Malaise","floor":19.0},{"not_picked":["Acrobatics","Slice"],"picked":"Outmaneuver","floor":20.0},{"not_picked":["Well Laid Plans","All Out Attack"],"picked":"Leg Sweep","floor":21.0},{"not_picked":["Accuracy","Outmaneuver","Bane"],"picked":"SKIP","floor":22.0},{"not_picked":["Flying Knee","Sucker Punch+1"],"picked":"Riddle With Holes+1","floor":23.0},{"not_picked":["Deadly Poison","Setup+1","Acrobatics"],"picked":"SKIP","floor":24.0},{"not_picked":["Dagger Spray","Expertise","Slice"],"picked":"SKIP","floor":27},{"not_picked":["Deflect","Slice","Bullet Time"],"picked":"SKIP","floor":28},{"not_picked":["Dagger Throw","Underhanded Strike","Cloak And Dagger"],"picked":"SKIP","floor":28},{"not_picked":["Bane","Dagger Throw"],"picked":"PiercingWail","floor":30},{"not_picked":["Dagger Throw","Flying Knee"],"picked":"Dodge and Roll","floor":31},{"not_picked":["Bane","Outmaneuver","Sucker Punch"],"picked":"SKIP","floor":31}],"player_experience":700861,"relics_obtained":[{"floor":8.0,"key":"Oddly Smooth Stone"},{"floor":9.0,"key":"Strawberry"},{"floor":12.0,"key":"Dream Catcher"},{"floor":23.0,"key":"Orichalcum"},{"floor":26.0,"key":"Whetstone"},{"floor":27,"key":"Prayer Wheel"}],"event_choices":[{"damage_healed":0.0,"max_hp_gain":0.0,"max_hp_loss":0.0,"gold_gain":0.0,"event_name":"Scrap Ooze","player_choice":"Success","floor":4.0,"gold_loss":0.0,"damage_taken":11.0,"relics_obtained":["War Paint"]},{"damage_healed":0.0,"max_hp_gain":0.0,"max_hp_loss":0.0,"gold_gain":75.0,"event_name":"World of Goop","player_choice":"Gather Gold","floor":5.0,"gold_loss":0.0,"damage_taken":11.0},{"damage_healed":0.0,"max_hp_gain":0.0,"max_hp_loss":0.0,"gold_gain":0.0,"event_name":"WeMeetAgain","player_choice":"Paid Gold","floor":10.0,"gold_loss":85.0,"damage_taken":0.0,"relics_obtained":["Ornamental Fan"]}],"is_beta":true,"boss_relics":[{"not_picked":["Runic Dome","Snecko Eye"],"picked":"Astrolabe"}],"items_purged_floors":[29],"is_endless":false,"potions_floor_spawned":[2,7,8,20,22,28],"killed_by":"Champ","ascension_level":19}