{"gold_per_floor":[127,153,315,327,339,351,378,665,677,702,727,783,795,573,573,662,662,683,683,683,698,464,497,497,204,204,204,204,245,245,270,270,366,366,387,403,403,403,403],"floor_reached":39,"playtime":1410,"items_purged":["Regret","Strike_B","Strike_B"],"score":884,"play_id":"6cbcb24f-b113-48e7-a6be-4ad9377b88a3","local_time":"20190419200813","is_ascension_mode":true,"campfire_choices":[{"data":"Zap","floor":6,"key":"SMITH"},{"floor":13,"key":"DIG"},{"floor":15,"key":"REST"},{"data":"Defragment","floor":24,"key":"SMITH"},{"floor":28,"key":"REST"},{"floor":32,"key":"REST"}],"neow_cost":"NONE","seed_source_timestamp":316510053304600,"circlet_count":0,"master_deck":["AscendersBane","Strike_B","Strike_B","Defend_B","Defend_B","Defend_B","Zap+1","Dualcast","Chill","Conserve Battery","Biased Cognition","Genetic Algorithm","Recycle","Defragment+1","Turbo","Echo Form","Hologram","Doom and Gloom","Self Repair","Buffer","Pain","Loop","Core Surge"],"relics":["Cracked Core","MawBank","Golden Idol","Happy Flower","StoneCalendar","Shovel","DataDisk","Snecko Eye","Gambling Chip","Regal Pillow","Ornamental Fan","WarpedTongs","Black Star","Pocketwatch"],"potions_floor_usage":[10,16,16,21,23,27,31],"damage_taken":[{"damage":1,"enemies":"Cultist","floor":1,"turns":3},{"damage":4,"enemies":"2 Louse","floor":2,"turns":2},{"damage":0,"enemies":"Jaw Worm","floor":7,"turns":3},{"damage":12,"enemies":"Exordium Wildlife","floor":10,"turns":4},{"damage":2,"enemies":"Lots of Slimes","floor":11,"turns":5},{"damage":18,"enemies":"3 Sentries","floor":12,"turns":7},{"damage":23,"enemies":"Slime Boss","floor":16,"turns":7},{"damage":8,"enemies":"Shell Parasite","floor":18,"turns":4},{"damage":16,"enemies":"2 Thieves","floor":21,"turns":5},{"damage":40,"enemies":"Gremlin Leader","floor":23,"turns":6},{"damage":0,"enemies":"Snake Plant","floor":27,"turns":1},{"damage":20,"enemies":"Slavers","floor":29,"turns":4},{"damage":22,"enemies":"Shelled Parasite and Fungi","floor":31,"turns":4},{"damage":14,"enemies":"Collector","floor":33,"turns":7},{"damage":22,"enemies":"Orb Walker","floor":35,"turns":6},{"damage":15,"enemies":"3 Shapes","floor":36,"turns":4},{"damage":0,"enemies":"Jaw Worm Horde","floor":39,"turns":1}],"seed_played":"-8437731265697750258","potions_obtained":[{"floor":2,"key":"Dexterity Potion"},{"floor":10,"key":"Fruit Juice"},{"floor":16,"key":"PowerPotion"},{"floor":18,"key":"Regen Potion"},{"floor":23,"key":"SmokeBomb"},{"floor":31,"key":"FocusPotion"},{"floor":36,"key":"FearPotion"}],"is_trial":false,"path_per_floor":["M","M","?","?","?","R","M","?","T","M","M","E","R","$","R","B",null,"M","?","?","M","$","E","R","$","T","M","R","E","?","M","R","B",null,"M","M","?","?","M"],"character_chosen":"DEFECT","items_purchased":["Defragment","PowerPotion","Turbo","Self Repair","Energy Potion","Buffer"],"campfire_rested":3,"item_purchase_floors":[14,14,14,22,22,25],"current_hp_per_floor":[63,59,59,59,48,48,48,48,48,41,39,21,21,21,41,18,56,48,48,48,32,32,14,14,14,14,21,56,43,43,21,56,49,64,42,27,27,27,27],"gold":403,"neow_bonus":"RANDOM_COMMON_RELIC","is_prod":false,"is_daily":false,"chose_seed":false,"campfire_upgraded":2,"win_rate":0,"timestamp":1555672093,"path_taken":["M","M","?","?","?","R","?","?","T","?","M","E","R","$","R","BOSS","M","?","?","?","$","E","R","$","T","M","R","E","?","?","R","BOSS","M","?","?","?","?"],"build_version":"2019-01-23","purchased_purges":3,"victory":false,"max_hp_per_floor":[71,71,71,64,64,64,64,64,64,69,69,69,69,69,69,69,69,69,69,69,69,69,69,69,69,69,69,69,69,69,69,69,69,69,69,69,69,69,69],"card_choices":[{"not_picked":["Gash","Redo"],"picked":"Chill","floor":1},{"not_picked":["Barrage","Skim"],"picked":"Ball Lightning","floor":2},{"not_picked":["Compile Driver","Barrage"],"picked":"Conserve Battery","floor":7},{"not_picked":["Conserve Battery","Barrage"],"picked":"Biased Cognition","floor":10},{"not_picked":["Blizzard","Stack"],"picked":"Genetic Algorithm","floor":11},{"not_picked":["Gash","Undo"],"picked":"Recycle","floor":12},{"not_picked":["Amplify","Fission"],"picked":"Echo Form","floor":16},{"not_picked":["Reinforced Body","Scrape","Beam Cell"],"picked":"SKIP","floor":18},{"not_picked":["Tempest","Beam Cell"],"picked":"Doom and Gloom","floor":21},{"not_picked":["Rebound","Go for the Eyes","Redo"],"picked":"SKIP","floor":23},{"not_picked":["Barrage","Beam Cell","Scrape"],"picked":"SKIP","floor":29},{"not_picked":["Reprogram+1","BootSequence"],"picked":"Loop","floor":31},{"not_picked":["Thunder Strike","Amplify"],"picked":"Core Surge","floor":33},{"not_picked":["Conserve Battery+1","Beam Cell","Barrage"],"picked":"SKIP","floor":35},{"not_picked":["Tempest","Redo","Stack+1"],"picked":"SKIP","floor":36}],"player_experience":3232818,"relics_obtained":[{"floor":9,"key":"StoneCalendar"},{"floor":12,"key":"Shovel"},{"floor":13,"key":"DataDisk"},{"floor":23,"key":"Gambling Chip"},{"floor":26,"key":"Regal Pillow"},{"floor":29,"key":"Ornamental Fan"}],"event_choices":[{"damage_healed":0,"gold_gain":150,"player_choice":"AGREE","damage_taken":0,"max_hp_gain":0,"max_hp_loss":0,"event_name":"Liars Game","floor":3,"gold_loss":0,"cards_obtained":["Doubt"]},{"damage_healed":0,"gold_gain":0,"player_choice":"Lose Max HP","damage_taken":0,"relics_obtained":["Golden Idol"],"max_hp_gain":0,"max_hp_loss":7,"event_name":"Golden Idol","floor":4,"gold_loss":0},{"damage_healed":0,"gold_gain":0,"player_choice":"Success","damage_taken":11,"relics_obtained":["Happy Flower"],"max_hp_gain":0,"max_hp_loss":0,"event_name":"Scrap Ooze","floor":5,"gold_loss":0},{"damage_healed":0,"gold_gain":275,"player_choice":"Desecrate","damage_taken":0,"max_hp_gain":0,"max_hp_loss":0,"event_name":"Golden Shrine","floor":8,"gold_loss":0,"cards_obtained":["Regret"]},{"cards_removed":["Doubt"],"damage_healed":0,"gold_gain":0,"player_choice":"Elegance","damage_taken":0,"max_hp_gain":0,"max_hp_loss":0,"event_name":"Back to Basics","floor":19,"gold_loss":0},{"damage_healed":0,"gold_gain":0,"player_choice":"1 cards matched","damage_taken":0,"max_hp_gain":0,"max_hp_loss":0,"event_name":"Match and Keep!","floor":20,"gold_loss":0,"cards_obtained":["Hologram"]},{"damage_healed":0,"gold_gain":0,"player_choice":"Rummage","damage_taken":0,"relics_obtained":["WarpedTongs"],"max_hp_gain":0,"max_hp_loss":0,"event_name":"Accursed Blacksmith","floor":30,"gold_loss":0,"cards_obtained":["Pain"]},{"cards_removed":["Defend_B"],"damage_healed":0,"gold_gain":0,"player_choice":"Removed Skill","damage_taken":0,"max_hp_gain":0,"max_hp_loss":0,"event_name":"Falling","floor":37,"gold_loss":0},{"cards_removed":["Ball Lightning"],"damage_healed":0,"gold_gain":0,"player_choice":"Gave Card","damage_taken":0,"relics_obtained":["Pocketwatch"],"max_hp_gain":0,"max_hp_loss":0,"event_name":"WeMeetAgain","floor":38,"gold_loss":0}],"is_beta":false,"boss_relics":[{"not_picked":["Philosopher\u0027s Stone","Astrolabe"],"picked":"Snecko Eye"},{"not_picked":["Runic Pyramid","Calling Bell"],"picked":"Black Star"}],"items_purged_floors":[14,22,25],"is_endless":false,"potions_floor_spawned":[2,10,16,18,23,31,36],"killed_by":"Jaw Worm Horde","ascension_level":20}