{"gold_per_floor":[109,123,123,134,59,59,59,59,59,59,59,86,86,104,104,181,181,193,193,193,207,225,225,225,238,238,238,238,238,238,258,258,337,337,357,371,646,295,310,345,361,361,384,18,43,43,55,55,55,55,55,55,55,2,32,32],"floor_reached":57,"playtime":2516,"items_purged":["Regret","Defend_R"],"score":3216,"play_id":"55696d8a-eb8f-46ec-81bd-f3e7de97b964","local_time":"20190317202333","is_ascension_mode":true,"campfire_choices":[{"data":"Bash","floor":6.0,"key":"SMITH"},{"data":"Rampage","floor":8.0,"key":"SMITH"},{"data":"Strike_R","floor":11.0,"key":"PURGE"},{"data":"Strike_R","floor":15.0,"key":"PURGE"},{"data":"Strike_R","floor":23.0,"key":"PURGE"},{"data":"Barricade","floor":29.0,"key":"SMITH"},{"data":"True Grit","floor":32.0,"key":"SMITH"},{"data":"Defend_R","floor":42.0,"key":"PURGE"},{"floor":49.0,"key":"RECALL"},{"data":"Shrug It Off","floor":53.0,"key":"SMITH"}],"neow_cost":"NONE","seed_source_timestamp":32020916728300,"circlet_count":0,"master_deck":["AscendersBane","Defend_R","Defend_R","Bash+1","Inflame","Rampage+1","Shrug It Off","Ghostly","Ghostly","Ghostly","Ghostly","True Grit+1","Barricade+1","Shrug It Off+1","Offering","Battle Trance+1","Clumsy"],"special_seed":0,"relics":["Burning Blood","NeowsBlessing","Peace Pipe","Lantern","Omamori","Anchor","Calling Bell","Boot","Mercury Hourglass","Gambling Chip","Regal Pillow","Happy Flower","Cursed Key","Mummified Hand","Singing Bowl","Sundial","Orichalcum","Molten Egg 2","Ginger"],"potions_floor_usage":[56,56],"damage_taken":[{"damage":0.0,"enemies":"Jaw Worm","floor":1.0,"turns":1.0},{"damage":0.0,"enemies":"Cultist","floor":2.0,"turns":1.0},{"damage":0.0,"enemies":"Small Slimes","floor":4.0,"turns":1.0},{"damage":39.0,"enemies":"3 Sentries","floor":12.0,"turns":12.0},{"damage":1.0,"enemies":"Looter","floor":14.0,"turns":3.0},{"damage":27.0,"enemies":"The Guardian","floor":16.0,"turns":10.0},{"damage":15.0,"enemies":"3 Byrds","floor":18.0,"turns":6.0},{"damage":14.0,"enemies":"Spheric Guardian","floor":21.0,"turns":7.0},{"damage":0.0,"enemies":"Centurion and Healer","floor":22.0,"turns":7.0},{"damage":2.0,"enemies":"Shelled Parasite and Fungi","floor":25.0,"turns":5.0},{"damage":3.0,"enemies":"Snake Plant","floor":31.0,"turns":5.0},{"damage":0.0,"enemies":"Champ","floor":33.0,"turns":12.0},{"damage":1.0,"enemies":"Orb Walker","floor":35.0,"turns":6.0},{"damage":1.0,"enemies":"3 Shapes","floor":36.0,"turns":5.0},{"damage":1.0,"enemies":"Maw","floor":39.0,"turns":8.0},{"damage":1.0,"enemies":"Reptomancer","floor":40.0,"turns":12.0},{"damage":1.0,"enemies":"Transient","floor":41.0,"turns":6.0},{"damage":1.0,"enemies":"Nemesis","floor":45.0,"turns":7.0},{"damage":1.0,"enemies":"Writhing Mass","floor":47.0,"turns":5.0},{"damage":1.0,"enemies":"Donu and Deca","floor":50.0,"turns":7.0},{"damage":1.0,"enemies":"Time Eater","floor":51.0,"turns":7.0},{"damage":1.0,"enemies":"Shield and Spear","floor":55.0,"turns":8.0},{"damage":7,"enemies":"The Heart","floor":56,"turns":10}],"seed_played":"-7876123185323728634","potions_obtained":[{"floor":1.0,"key":"EssenceOfSteel"},{"floor":4.0,"key":"Weak Potion"},{"floor":21.0,"key":"Weak Potion"},{"floor":25.0,"key":"Weak Potion"}],"is_trial":false,"path_per_floor":["M","M","?","M","?","R","$","R","T","?","R","E","T","M","R","B",null,"M","?","?","M","M","R","?","M","T","$","?","R","T","M","R","B",null,"M","M","?","$","M","E","M","R","T","$","E","?","M","$","R","B","B",null,"R","$","E","B",null],"character_chosen":"IRONCLAD","items_purchased":["Mummified Hand","Sundial","Swift Potion"],"campfire_rested":0,"item_purchase_floors":[38,44,54],"current_hp_per_floor":[74,75,75,75,75,75,75,75,75,70,70,37,37,42,42,21,62,53,37,37,29,35,35,35,37,37,37,37,37,37,37,37,37,37,37,37,37,37,37,39,41,41,41,41,43,43,45,45,45,45,45,45,45,45,47,46],"gold":32,"neow_bonus":"THREE_ENEMY_KILL","is_prod":false,"is_daily":false,"chose_seed":false,"campfire_upgraded":5,"win_rate":0,"timestamp":1552821813,"path_taken":["M","M","?","?","?","R","$","R","T","?","R","E","?","M","R","BOSS","M","?","?","?","M","R","?","M","T","$","?","R","?","M","R","BOSS","M","M","?","$","?","E","M","R","T","$","E","?","?","?","R","BOSS","BOSS","R","$","E","BOSS"],"build_version":"2019-01-23","purchased_purges":2,"victory":true,"max_hp_per_floor":[75,75,75,75,75,75,75,75,75,75,75,75,75,75,75,75,75,75,37,37,37,37,37,37,37,37,37,37,37,37,37,37,37,37,37,37,37,37,37,39,41,41,41,41,43,43,45,45,45,45,45,45,45,45,47,47],"card_choices":[{"not_picked":["Infernal Blade","Clash"],"picked":"Inflame","floor":1.0},{"not_picked":["Heavy Blade","Metallicize"],"picked":"Rampage","floor":2.0},{"not_picked":["Wild Strike","Searing Blow"],"picked":"Shrug It Off","floor":4.0},{"not_picked":["Thunderclap","Burning Pact","Shockwave"],"picked":"SKIP","floor":12.0},{"not_picked":["Intimidate","Dual Wield","Clothesline"],"picked":"SKIP","floor":14.0},{"not_picked":["Inflame","Body Slam","Thunderclap"],"picked":"SKIP","floor":18.0},{"not_picked":["Cleave","Inflame","Shockwave"],"picked":"SKIP","floor":21.0},{"not_picked":["Clothesline","Blood for Blood","Cleave"],"picked":"SKIP","floor":22.0},{"not_picked":["Corruption","Iron Wave"],"picked":"True Grit","floor":25.0},{"not_picked":["Pommel Strike","Twin Strike"],"picked":"Shrug It Off","floor":31.0},{"not_picked":["Immolate","Barricade"],"picked":"Offering","floor":33.0},{"not_picked":["Body Slam","Pommel Strike+1","Rampage+1"],"picked":"SKIP","floor":35.0},{"not_picked":["Body Slam","Pommel Strike+1","Rampage+1"],"picked":"SKIP","floor":35.0},{"not_picked":["Heavy Blade+1","Wild Strike","Anger"],"picked":"SKIP","floor":36.0},{"not_picked":["Seeing Red","Armaments+1"],"picked":"Battle Trance+1","floor":39.0},{"not_picked":["Iron Wave","Clash","Corruption"],"picked":"Singing Bowl","floor":40.0},{"not_picked":["True Grit","Corruption","Twin Strike"],"picked":"Singing Bowl","floor":41.0},{"not_picked":["Havoc","True Grit","Blood for Blood+1"],"picked":"Singing Bowl","floor":45.0},{"not_picked":["Thunderclap+1","Evolve","Spot Weakness"],"picked":"Singing Bowl","floor":47.0},{"not_picked":["Power Through","Ghostly Armor","Barricade"],"picked":"Singing Bowl","floor":55.0}],"player_experience":2328342,"relics_obtained":[{"floor":9.0,"key":"Peace Pipe"},{"floor":12.0,"key":"Omamori"},{"floor":13.0,"key":"Anchor"},{"floor":17.0,"key":"Boot"},{"floor":17.0,"key":"Mercury Hourglass"},{"floor":17.0,"key":"Gambling Chip"},{"floor":26.0,"key":"Regal Pillow"},{"floor":30.0,"key":"Happy Flower"},{"floor":40.0,"key":"Singing Bowl"},{"floor":45.0,"key":"Orichalcum"},{"floor":55.0,"key":"Ginger"}],"event_choices":[{"cards_removed":["Strike_R"],"damage_healed":0.0,"max_hp_gain":0.0,"max_hp_loss":0.0,"gold_gain":0.0,"event_name":"Bonfire Elementals","player_choice":"Offered Basic","floor":3.0,"gold_loss":0.0,"damage_taken":0.0},{"cards_removed":["Strike_R"],"damage_healed":0.0,"max_hp_gain":0.0,"max_hp_loss":0.0,"gold_gain":0.0,"event_name":"The Cleric","player_choice":"Card Removal","floor":5.0,"gold_loss":75.0,"damage_taken":0.0},{"damage_healed":0.0,"max_hp_gain":0.0,"max_hp_loss":0.0,"gold_gain":0.0,"event_name":"Scrap Ooze","player_choice":"Success","floor":10.0,"gold_loss":0.0,"damage_taken":5.0,"relics_obtained":["Lantern"]},{"damage_healed":0.0,"max_hp_gain":0.0,"max_hp_loss":38.0,"gold_gain":0.0,"event_name":"Ghosts","player_choice":"Became a Ghost","floor":19.0,"gold_loss":0.0,"damage_taken":0.0,"cards_obtained":["Ghostly","Ghostly","Ghostly"]},{"damage_healed":0.0,"max_hp_gain":0.0,"max_hp_loss":0.0,"gold_gain":0.0,"event_name":"Duplicator","player_choice":"Copied","floor":20.0,"gold_loss":0.0,"damage_taken":0.0,"cards_obtained":["Ghostly"]},{"cards_removed":["Clumsy"],"damage_healed":0.0,"max_hp_gain":0.0,"max_hp_loss":0.0,"gold_gain":0.0,"event_name":"Back to Basics","player_choice":"Elegance","floor":24.0,"gold_loss":0.0,"damage_taken":0.0},{"damage_healed":0.0,"max_hp_gain":0.0,"max_hp_loss":0.0,"gold_gain":0.0,"event_name":"The Library","player_choice":"Read","floor":28.0,"gold_loss":0.0,"damage_taken":0.0,"cards_obtained":["Barricade"]},{"damage_healed":0.0,"max_hp_gain":0.0,"max_hp_loss":0.0,"gold_gain":275.0,"event_name":"Golden Shrine","player_choice":"Desecrate","floor":37.0,"gold_loss":0.0,"damage_taken":0.0,"cards_obtained":["Regret"]},{"damage_healed":0.0,"max_hp_gain":0.0,"max_hp_loss":0.0,"gold_gain":0.0,"event_name":"WeMeetAgain","player_choice":"Gave Potion","floor":46.0,"gold_loss":0.0,"damage_taken":0.0,"relics_obtained":["Molten Egg 2"]}],"is_beta":false,"boss_relics":[{"not_picked":["Empty Cage","Fusion Hammer"],"picked":"Calling Bell"},{"not_picked":["Philosopher\u0027s Stone","Runic Dome"],"picked":"Cursed Key"}],"items_purged_floors":[38,44],"is_endless":false,"potions_floor_spawned":[1,4,21,25,31,40,45],"ascension_level":20}