{"gold_per_floor":[114,114,128,203,71,71,71,102,102,102,132,132,149,149,149,224,224,240,165,165,35,35,35,35,35,90,90,124,124],"floor_reached":29,"playtime":603,"items_purged":["Strike_B"],"score":536,"play_id":"989eda96-b2e7-4986-81f8-be1958f2b483","local_time":"20190219211208","is_ascension_mode":true,"campfire_choices":[{"data":"Defragment","floor":6,"key":"SMITH"},{"data":"Beam Cell","floor":12,"key":"SMITH"},{"data":"Zap","floor":15,"key":"SMITH"},{"floor":24,"key":"REST"},{"data":"Sunder","floor":27,"key":"SMITH"}],"neow_cost":"NONE","seed_source_timestamp":472597036564800,"circlet_count":0,"master_deck":["AscendersBane","Strike_B","Strike_B","Defend_B+1","Defend_B","Defend_B","Zap+1","Dualcast+1","Cold Snap","Gash","Beam Cell+1","Defragment+1","Cold Snap","Echo Form","Sunder+1","Capacitor","Capacitor"],"relics":["Cracked Core","NeowsBlessing","Pantograph","The Courier","Symbiotic Virus","DataDisk","Runic Dome","War Paint","Tiny Chest","Potion Belt"],"potions_floor_usage":[11,16,22],"damage_taken":[{"damage":0,"enemies":"Jaw Worm","floor":1,"turns":1},{"damage":0,"enemies":"Cultist","floor":3,"turns":1},{"damage":0,"enemies":"Gremlin Nob","floor":8,"turns":1},{"damage":27,"enemies":"3 Sentries","floor":11,"turns":7},{"damage":16,"enemies":"2 Louse","floor":13,"turns":2},{"damage":14,"enemies":"Hexaghost","floor":16,"turns":8},{"damage":23,"enemies":"2 Thieves","floor":18,"turns":3},{"damage":24,"enemies":"Colosseum Slavers","floor":22,"turns":4},{"damage":37,"enemies":"Gremlin Leader","floor":28,"turns":6},{"damage":8,"enemies":"Spheric Guardian","floor":29,"turns":2}],"seed_played":"-6419008227221531847","potions_obtained":[{"floor":3,"key":"Strength Potion"},{"floor":8,"key":"AttackPotion"},{"floor":13,"key":"Weak Potion"},{"floor":18,"key":"Regen Potion"}],"is_trial":false,"path_per_floor":["M","?","M","?","$","R","$","E","T","?","E","R","M","T","R","B",null,"M","?","T","$","?","$","R","$","T","R","E","M"],"character_chosen":"DEFECT","items_purchased":["Defragment","Cold Snap","Capacitor"],"campfire_rested":1,"item_purchase_floors":[5,5,21],"current_hp_per_floor":[64,64,64,53,53,53,53,53,53,53,26,26,10,10,10,21,59,36,36,36,36,24,24,45,45,45,45,8,0],"gold":124,"neow_bonus":"THREE_ENEMY_KILL","is_prod":false,"is_daily":false,"chose_seed":false,"campfire_upgraded":4,"win_rate":0,"timestamp":1550578328,"path_taken":["M","?","?","?","?","R","$","E","T","?","E","R","?","?","R","BOSS","M","?","?","$","?","?","R","$","T","R","E","M"],"build_version":"2019-01-23","purchased_purges":1,"victory":false,"max_hp_per_floor":[71,71,71,71,71,71,71,71,71,71,71,71,71,71,71,71,71,71,71,71,71,71,71,71,71,71,71,71,71],"card_choices":[{"not_picked":["Ball Lightning","Rebound"],"picked":"Cold Snap","floor":1},{"not_picked":["Skim","Go for the Eyes"],"picked":"Beam Cell","floor":3},{"not_picked":["Barrage","Coolheaded"],"picked":"Echo Form","floor":8},{"not_picked":["Darkness","Undo","Tempest"],"picked":"SKIP","floor":11},{"not_picked":["Darkness","Undo","Tempest"],"picked":"SKIP","floor":11},{"not_picked":["Ball Lightning","Compile Driver","Leap"],"picked":"SKIP","floor":13},{"not_picked":["Go for the Eyes","Stack+1"],"picked":"Sunder","floor":18},{"not_picked":["Static Discharge","Force Field"],"picked":"Capacitor","floor":28}],"player_experience":1650686,"relics_obtained":[{"floor":8,"key":"Pantograph"},{"floor":9,"key":"The Courier"},{"floor":11,"key":"Symbiotic Virus"},{"floor":14,"key":"DataDisk"},{"floor":20,"key":"War Paint"},{"floor":26,"key":"Tiny Chest"},{"floor":28,"key":"Potion Belt"}],"event_choices":[{"damage_healed":0,"gold_gain":0,"cards_transformed":["Defend_B"],"player_choice":"Transformed","damage_taken":0,"max_hp_gain":0,"max_hp_loss":0,"event_name":"Transmorgrifier","floor":2,"gold_loss":0,"cards_obtained":["Gash"]},{"damage_healed":0,"gold_gain":75,"player_choice":"Gather Gold","damage_taken":11,"max_hp_gain":0,"max_hp_loss":0,"event_name":"World of Goop","floor":4,"gold_loss":0},{"damage_healed":0,"gold_gain":0,"player_choice":"Ignored","damage_taken":0,"max_hp_gain":0,"max_hp_loss":0,"event_name":"Liars Game","floor":10,"gold_loss":0},{"cards_removed":["Strike_B"],"damage_healed":0,"gold_gain":0,"player_choice":"Gave Gold","damage_taken":0,"max_hp_gain":0,"max_hp_loss":0,"event_name":"Beggar","floor":19,"gold_loss":75},{"damage_healed":0,"gold_gain":0,"player_choice":"Fight","damage_taken":0,"max_hp_gain":0,"max_hp_loss":0,"event_name":"Colosseum","floor":22,"gold_loss":0},{"damage_healed":0,"gold_gain":0,"player_choice":"Fled From Nobs","damage_taken":0,"max_hp_gain":0,"max_hp_loss":0,"event_name":"Colosseum","floor":22,"gold_loss":0}],"is_beta":false,"boss_relics":[{"not_picked":["White Beast Statue","Ectoplasm"],"picked":"Runic Dome"}],"items_purged_floors":[21],"is_endless":false,"potions_floor_spawned":[3,8,13,18,22],"killed_by":"Spheric Guardian","ascension_level":20}