{"gold_per_floor":[18,18,18,18,30,30,60,60,60,60,72,132,143,143],"floor_reached":14,"playtime":406,"items_purged":[],"score":110,"play_id":"6e5e1dbc-af9a-44c7-93c8-2f419417be33","local_time":"20181016011727","is_ascension_mode":true,"campfire_choices":[{"data":"Neutralize","floor":6,"key":"SMITH"},{"floor":8,"key":"REST"},{"floor":10,"key":"REST"}],"neow_cost":"NO_GOLD","seed_source_timestamp":0,"circlet_count":0,"master_deck":["Defend_G","Defend_G","Defend_G","Defend_G","Defend_G","Strike_G","Strike_G","Strike_G","Strike_G","Strike_G","Survivor","Neutralize+1","Shame","Predator","PiercingWail","Quick Slash","Crippling Poison","Leg Sweep"],"special_seed":0,"relics":["Ring of the Snake","Torii","Question Card","Tingsha","Singing Bowl"],"potions_floor_usage":[7,13],"damage_taken":[{"damage":1,"enemies":"Jaw Worm","floor":1,"turns":6},{"damage":7,"enemies":"Cultist","floor":5,"turns":5},{"damage":45,"enemies":"Lagavulin","floor":7,"turns":7},{"damage":7,"enemies":"2 Louse","floor":11,"turns":3},{"damage":40,"enemies":"Lagavulin Event","floor":12,"turns":7},{"damage":7,"enemies":"Lots of Slimes","floor":13,"turns":2},{"damage":9,"enemies":"3 Louse","floor":14,"turns":1}],"seed_played":"520836286652812163","potions_obtained":[{"floor":5,"key":"Poison Potion"},{"floor":11,"key":"GamblersBrew"},{"floor":12,"key":"EssenceOfSteel"},{"floor":12,"key":"Explosive Potion"}],"is_trial":false,"path_per_floor":["M","?","?","$","M","R","E","R","T","R","M","?","M"],"character_chosen":"THE_SILENT","items_purchased":[],"campfire_rested":2,"item_purchase_floors":[],"current_hp_per_floor":[69,69,69,69,62,62,17,38,38,59,52,12,5,0],"gold":143,"neow_bonus":"ONE_RARE_RELIC","is_prod":false,"is_daily":false,"chose_seed":false,"campfire_upgraded":1,"win_rate":0,"timestamp":1539667047,"path_taken":["M","?","?","?","M","R","E","R","T","R","M","?","M","?"],"build_version":"2018-10-11","purchased_purges":0,"victory":false,"max_hp_per_floor":[70,70,70,70,70,70,70,70,70,70,70,70,70,70],"card_choices":[{"not_picked":["Underhanded Strike","Concentrate","Slice"],"picked":"SKIP","floor":1},{"not_picked":["Prepared","Riddle With Holes"],"picked":"Predator","floor":5},{"not_picked":["Bouncing Flask","Flechettes"],"picked":"PiercingWail","floor":7},{"not_picked":["All Out Attack","Bane","Dagger Throw"],"picked":"Quick Slash","floor":11},{"not_picked":["Poisoned Stab","Skewer","Envenom"],"picked":"Crippling Poison","floor":12},{"not_picked":["Acrobatics","Setup","PiercingWail"],"picked":"Leg Sweep","floor":13}],"player_experience":146900,"relics_obtained":[{"floor":7,"key":"Question Card"},{"floor":9,"key":"Tingsha"}],"event_choices":[{"event_name":"Wheel of Change","player_choice":"Curse","floor":2,"damage_taken":0},{"event_name":"Transmorgrifier","player_choice":"Transform","floor":3,"damage_taken":0},{"event_name":"Dead Adventurer","player_choice":"Searched \u00272\u0027 times","floor":12,"damage_taken":0}],"is_beta":false,"boss_relics":[],"items_purged_floors":[],"is_endless":false,"potions_floor_spawned":[5,11,12,12],"killed_by":"3 Louse","ascension_level":5}