{"gold_per_floor":[808,808,835,868,903,903,179,179,204,234,262,262,10,10,42,67,94,94],"floor_reached":18,"playtime":647,"items_purged":["Strike_R","Strike_R"],"score":280,"play_id":"8942589e-6baf-4b8e-9e1b-b4576b9b614c","local_time":"20190414212255","daily_mods":["Uncertain Future"],"is_ascension_mode":false,"campfire_choices":[{"data":"Sword Boomerang","floor":2,"key":"SMITH"},{"data":"True Grit","floor":8,"key":"SMITH"},{"floor":14,"key":"REST"}],"neow_cost":"","seed_source_timestamp":0,"circlet_count":0,"master_deck":["Strike_R","Strike_R","Strike_R","Defend_R","Defend_R","Defend_R+1","Defend_R","Bash","Sword Boomerang+1","Feel No Pain","True Grit+1","Evolve","Shrug It Off","Power Through+1","Shockwave","Inflame","Limit Break","Sword Boomerang","Dark Embrace"],"relics":["Burning Blood","Black Star","Sling","PreservedInsect","Ancient Tea Set","Happy Flower","Red Skull","Anchor","Centennial Puzzle","Letter Opener","Mark of Pain","Gambling Chip","Incense Burner","StoneCalendar","Ornamental Fan","Dodecahedron","Pocketwatch","Potion Belt","Bag of Preparation","Fusion Hammer","War Paint","Kunai","Charon\u0027s Ashes","Oddly Smooth Stone","Paper Frog","Question Card","Regal Pillow"],"potions_floor_usage":[9,17],"damage_taken":[{"damage":15,"enemies":"3 Sentries","floor":3,"turns":6},{"damage":15,"enemies":"Lagavulin","floor":4,"turns":5},{"damage":16,"enemies":"Gremlin Nob","floor":5,"turns":3},{"damage":12,"enemies":"Slavers","floor":9,"turns":5},{"damage":14,"enemies":"Gremlin Leader","floor":10,"turns":6},{"damage":0,"enemies":"Book of Stabbing","floor":11,"turns":3},{"damage":16,"enemies":"Giant Head","floor":15,"turns":6},{"damage":0,"enemies":"Nemesis","floor":16,"turns":5},{"damage":13,"enemies":"Reptomancer","floor":17,"turns":5},{"damage":55,"enemies":"Shield and Spear","floor":18,"turns":2}],"seed_played":"4665347397952403286","potions_obtained":[{"floor":3,"key":"AttackPotion"},{"floor":15,"key":"Fire Potion"},{"floor":16,"key":"Fire Potion"}],"is_trial":true,"path_per_floor":["$","R","E","E","E","T","$","R","E","E","E","T","$","R","E","E","E","E"],"character_chosen":"IRONCLAD","items_purchased":["Sword Boomerang","Feel No Pain","Gambling Chip","Incense Burner","Energy Potion","Swift Potion","War Paint"],"campfire_rested":1,"item_purchase_floors":[1,1,7,7,13,13,13],"current_hp_per_floor":[72,72,63,54,44,44,44,44,38,30,36,36,36,60,50,56,49,0],"gold":94,"neow_bonus":"","is_prod":false,"is_daily":false,"chose_seed":false,"campfire_upgraded":2,"win_rate":0,"timestamp":1555244575,"path_taken":["$","R","E","E","E","T","$","R","E","E","E","T","$","R","E","E","E","E"],"build_version":"2019-01-23","purchased_purges":2,"victory":false,"max_hp_per_floor":[80,80,80,80,80,80,80,80,80,80,80,80,80,80,80,80,80,80],"card_choices":[{"not_picked":["Shrug It Off","Power Through"],"picked":"True Grit","floor":3},{"not_picked":["Havoc","Searing Blow"],"picked":"Evolve","floor":4},{"not_picked":["Reckless Charge","Sever Soul"],"picked":"Shrug It Off","floor":5},{"not_picked":["Sword Boomerang","Havoc"],"picked":"Power Through","floor":9},{"not_picked":["Warcry","Dropkick"],"picked":"Shockwave","floor":10},{"not_picked":["Infernal Blade","Pommel Strike"],"picked":"Inflame","floor":11},{"not_picked":["Shrug It Off","Flame Barrier"],"picked":"Limit Break","floor":15},{"not_picked":["Wild Strike","Clash"],"picked":"Sword Boomerang","floor":16},{"not_picked":["Heavy Blade","Flex"],"picked":"Dark Embrace","floor":17}],"player_experience":3138320,"relics_obtained":[{"floor":3,"key":"Ancient Tea Set"},{"floor":3,"key":"Happy Flower"},{"floor":4,"key":"Red Skull"},{"floor":4,"key":"Anchor"},{"floor":5,"key":"Centennial Puzzle"},{"floor":5,"key":"Letter Opener"},{"floor":9,"key":"StoneCalendar"},{"floor":9,"key":"Ornamental Fan"},{"floor":10,"key":"Dodecahedron"},{"floor":10,"key":"Pocketwatch"},{"floor":11,"key":"Potion Belt"},{"floor":11,"key":"Bag of Preparation"},{"floor":15,"key":"Kunai"},{"floor":15,"key":"Charon\u0027s Ashes"},{"floor":16,"key":"Oddly Smooth Stone"},{"floor":16,"key":"Paper Frog"},{"floor":17,"key":"Question Card"},{"floor":17,"key":"Regal Pillow"}],"event_choices":[],"is_beta":false,"boss_relics":[{"not_picked":["Calling Bell","Runic Pyramid"],"picked":"Mark of Pain"},{"not_picked":["Ectoplasm","Astrolabe"],"picked":"Fusion Hammer"}],"items_purged_floors":[1,7],"is_endless":false,"potions_floor_spawned":[3,15,16],"killed_by":"Shield and Spear","ascension_level":9}