{"gold_per_floor":[119,119,129,129,54,84,84,118,143,170,245,245,261,281,281,355,355,372,52,69,69,80,80,80,110,110,144,144,159,159,34,34,34],"floor_reached":33,"playtime":1421,"items_purged":["Doubt"],"score":620,"play_id":"88d53f5c-dee1-425b-9275-dc39bb96a9a1","local_time":"20181121102737","is_ascension_mode":true,"campfire_choices":[{"data":"Neutralize","floor":7,"key":"SMITH"},{"data":"Footwork","floor":12,"key":"SMITH"},{"data":"Cloak And Dagger","floor":15,"key":"SMITH"},{"data":"Noxious Fumes","floor":23,"key":"SMITH"},{"data":"Envenom","floor":28,"key":"SMITH"},{"data":"Riddle With Holes","floor":30,"key":"SMITH"},{"data":"Riddle With Holes","floor":32,"key":"SMITH"}],"neow_cost":"NONE","seed_source_timestamp":958170931786298,"circlet_count":0,"master_deck":["AscendersBane","Defend_G+1","Defend_G+1","Defend_G+1","Defend_G","Strike_G","Strike_G","Strike_G","Strike_G","Strike_G","Survivor+1","Neutralize+1","Riddle With Holes+1","Blur","Footwork+1","Die Die Die","Infinite Blades","Dodge and Roll","Cloak And Dagger+1","Envenom+1","Deadly Poison+1","Noxious Fumes+1","Riddle With Holes+1"],"relics":["Ring of the Snake","NeowsBlessing","Vajra","Bottled Tornado","Bronze Scales","War Paint","Singing Bowl","Cursed Key","Mummified Hand","Thread and Needle","Ornamental Fan","Potion Belt"],"potions_floor_usage":[10,10,22,25],"damage_taken":[{"damage":0,"enemies":"2 Louse","floor":1,"turns":1},{"damage":0,"enemies":"Jaw Worm","floor":3,"turns":1},{"damage":0,"enemies":"3 Sentries","floor":6,"turns":1},{"damage":19,"enemies":"Lagavulin","floor":8,"turns":9},{"damage":10,"enemies":"Gremlin Nob","floor":10,"turns":4},{"damage":0,"enemies":"Small Slimes","floor":13,"turns":2},{"damage":0,"enemies":"Looter","floor":14,"turns":4},{"damage":9,"enemies":"The Guardian","floor":16,"turns":12},{"damage":0,"enemies":"3 Byrds","floor":18,"turns":3},{"damage":15,"enemies":"2 Thieves","floor":20,"turns":4},{"damage":8,"enemies":"Colosseum Slavers","floor":21,"turns":3},{"damage":1,"enemies":"3 Cultists","floor":22,"turns":4},{"damage":0,"enemies":"Slavers","floor":25,"turns":3},{"damage":0,"enemies":"Gremlin Leader","floor":27,"turns":7},{"damage":0,"enemies":"Snecko","floor":29,"turns":5},{"damage":45,"enemies":"Automaton","floor":33,"turns":6}],"seed_played":"5286282590052291393","potions_obtained":[{"floor":3,"key":"Block Potion"},{"floor":8,"key":"Regen Potion"},{"floor":18,"key":"Explosive Potion"},{"floor":22,"key":"SteroidPotion"},{"floor":27,"key":"SteroidPotion"}],"is_trial":false,"path_per_floor":["M","?","M","?","$","E","R","E","T","E","T","R","M","M","R","B",null,"M","$","M","?","M","R","?","E","T","E","R","M","R","$","R","B"],"character_chosen":"THE_SILENT","items_purchased":["Footwork","Mummified Hand","Noxious Fumes","SteroidPotion"],"campfire_rested":0,"item_purchase_floors":[5,19,19,31],"current_hp_per_floor":[63,49,49,42,42,42,42,23,23,25,25,25,25,25,25,16,57,57,57,42,34,35,35,35,37,37,39,39,41,41,41,41,0],"gold":34,"neow_bonus":"THREE_ENEMY_KILL","is_prod":false,"is_daily":false,"chose_seed":false,"campfire_upgraded":7,"win_rate":0,"timestamp":1542767257,"path_taken":["M","?","M","?","$","E","R","E","T","E","?","R","?","M","R","BOSS","M","$","M","?","M","R","?","E","T","E","R","M","R","$","R","BOSS"],"build_version":"2018-11-15","purchased_purges":1,"victory":false,"max_hp_per_floor":[70,70,70,70,70,70,70,70,70,70,70,70,70,70,70,70,70,70,70,70,70,72,72,72,74,74,76,76,78,78,78,78,78],"card_choices":[{"not_picked":["Quick Slash","Reflex"],"picked":"Riddle With Holes","floor":1},{"not_picked":["Dagger Spray","PiercingWail"],"picked":"Blur","floor":3},{"not_picked":["Bane","Backflip"],"picked":"Die Die Die","floor":6},{"not_picked":["Dodge and Roll","PiercingWail"],"picked":"Infinite Blades","floor":8},{"not_picked":["PiercingWail","Quick Slash","Deflect"],"picked":"SKIP","floor":10},{"not_picked":["Crippling Poison","Deadly Poison"],"picked":"Dodge and Roll","floor":13},{"not_picked":["Dash","Flying Knee"],"picked":"Cloak And Dagger","floor":14},{"not_picked":["Grand Finale","Adrenaline"],"picked":"Envenom","floor":16},{"not_picked":["Poisoned Stab","Tactician"],"picked":"Deadly Poison+1","floor":18},{"not_picked":["Poisoned Stab","Endless Agony"],"picked":"Riddle With Holes","floor":20},{"not_picked":["Sucker Punch","Expertise","Dash"],"picked":"Singing Bowl","floor":22},{"not_picked":["Tactician","Choke","Deadly Poison"],"picked":"Singing Bowl","floor":25},{"not_picked":["Bullet Time","PiercingWail","Quick Slash"],"picked":"Singing Bowl","floor":27},{"not_picked":["Sucker Punch","Concentrate","Choke"],"picked":"Singing Bowl","floor":29}],"player_experience":513319,"relics_obtained":[{"floor":6,"key":"Vajra"},{"floor":8,"key":"Bottled Tornado"},{"floor":9,"key":"Bronze Scales"},{"floor":10,"key":"War Paint"},{"floor":11,"key":"Singing Bowl"},{"floor":25,"key":"Thread and Needle"},{"floor":26,"key":"Ornamental Fan"},{"floor":27,"key":"Potion Belt"}],"event_choices":[{"damage_healed":0,"gold_gain":0,"player_choice":"Entered Light","damage_taken":14,"max_hp_gain":0,"max_hp_loss":0,"event_name":"Shining Light","floor":2,"gold_loss":0,"cards_upgraded":["Defend_G","Defend_G"]},{"cards_removed":["Defend_G"],"damage_healed":0,"gold_gain":0,"player_choice":"Card Removal","damage_taken":7,"max_hp_gain":0,"max_hp_loss":0,"event_name":"Golden Wing","floor":4,"gold_loss":0},{"damage_healed":0,"gold_gain":0,"player_choice":"Fight","damage_taken":0,"max_hp_gain":0,"max_hp_loss":0,"event_name":"Colosseum","floor":21,"gold_loss":0},{"damage_healed":0,"gold_gain":0,"player_choice":"Fled From Nobs","damage_taken":0,"max_hp_gain":0,"max_hp_loss":0,"event_name":"Colosseum","floor":21,"gold_loss":0},{"damage_healed":0,"gold_gain":0,"player_choice":"Ignored","damage_taken":0,"max_hp_gain":0,"max_hp_loss":0,"event_name":"Ghosts","floor":24,"gold_loss":0}],"is_beta":true,"boss_relics":[{"not_picked":["Snecko Eye","Pandora\u0027s Box"],"picked":"Cursed Key"}],"items_purged_floors":[31],"is_endless":false,"potions_floor_spawned":[3,8,18,22,27],"killed_by":"Automaton","ascension_level":13}