{"gold_per_floor":[118,32,32,32,44,44,77,87,87,102,113,113,38,38,38,38],"floor_reached":16,"playtime":245,"items_purged":[],"score":250,"play_id":"3f2f084b-e652-479c-9e69-fe840e8ba3f0","local_time":"20190406215752","is_ascension_mode":true,"campfire_choices":[{"data":"Rampage","floor":6,"key":"SMITH"},{"data":"Bash","floor":12,"key":"SMITH"},{"data":"Battle Trance","floor":15,"key":"SMITH"}],"neow_cost":"NONE","seed_source_timestamp":730501988517800,"circlet_count":0,"master_deck":["AscendersBane","Strike_R","Strike_R","Strike_R","Strike_R","Defend_R","Defend_R","Defend_R","Defend_R","Bash+1","Rampage+1","Bash","Ghostly Armor","Battle Trance+1"],"relics":["Burning Blood","NeowsBlessing","Dodecahedron","Blood Vial","Golden Idol"],"potions_floor_usage":[16,16],"damage_taken":[{"damage":0,"enemies":"2 Louse","floor":1,"turns":1},{"damage":0,"enemies":"Cultist","floor":5,"turns":1},{"damage":0,"enemies":"Lagavulin","floor":7,"turns":2},{"damage":10,"enemies":"Small Slimes","floor":8,"turns":4},{"damage":15,"enemies":"3 Louse","floor":10,"turns":4},{"damage":25,"enemies":"Exordium Thugs","floor":11,"turns":4},{"damage":21,"enemies":"Hexaghost","floor":16,"turns":7}],"seed_played":"-4314841662973080982","potions_obtained":[{"floor":5,"key":"FearPotion"},{"floor":7,"key":"Weak Potion"}],"is_trial":false,"path_per_floor":["M","$","?","?","M","R","E","M","T","M","M","R","?","?","R","B"],"character_chosen":"IRONCLAD","items_purchased":["Rampage"],"campfire_rested":0,"item_purchase_floors":[2],"current_hp_per_floor":[74,74,56,56,62,62,68,66,66,59,42,42,42,16,16,0],"gold":38,"neow_bonus":"THREE_ENEMY_KILL","is_prod":false,"is_daily":false,"chose_seed":false,"campfire_upgraded":3,"win_rate":0,"timestamp":1554555472,"path_taken":["M","$","?","?","M","R","E","M","T","?","M","R","?","?","R","BOSS"],"build_version":"2019-01-23","purchased_purges":0,"victory":false,"max_hp_per_floor":[75,75,75,75,75,75,75,75,75,75,75,75,75,75,75,75],"card_choices":[{"not_picked":["Sword Boomerang","Cleave","Sever Soul"],"picked":"SKIP","floor":1},{"not_picked":["Pommel Strike","Heavy Blade","Hemokinesis"],"picked":"SKIP","floor":5},{"not_picked":["Headbutt","Power Through","Bloodletting"],"picked":"SKIP","floor":7},{"not_picked":["Body Slam","Heavy Blade","Warcry"],"picked":"SKIP","floor":8},{"not_picked":["Cleave","Heavy Blade"],"picked":"Ghostly Armor","floor":10},{"not_picked":["Cleave","Limit Break"],"picked":"Battle Trance","floor":11}],"player_experience":2929863,"relics_obtained":[{"floor":7,"key":"Blood Vial"}],"event_choices":[{"damage_healed":0,"gold_gain":0,"player_choice":"Success","damage_taken":18,"relics_obtained":["Dodecahedron"],"max_hp_gain":0,"max_hp_loss":0,"event_name":"Scrap Ooze","floor":3,"gold_loss":0},{"damage_healed":0,"gold_gain":0,"player_choice":"1 cards matched","damage_taken":0,"max_hp_gain":0,"max_hp_loss":0,"event_name":"Match and Keep!","floor":4,"gold_loss":0,"cards_obtained":["Bash"]},{"cards_removed":["Strike_R"],"damage_healed":0,"gold_gain":0,"player_choice":"Card Removal","damage_taken":0,"max_hp_gain":0,"max_hp_loss":0,"event_name":"The Cleric","floor":13,"gold_loss":75},{"damage_healed":0,"gold_gain":0,"player_choice":"Take Damage","damage_taken":26,"relics_obtained":["Golden Idol"],"max_hp_gain":0,"max_hp_loss":0,"event_name":"Golden Idol","floor":14,"gold_loss":0}],"is_beta":false,"boss_relics":[],"items_purged_floors":[],"is_endless":false,"potions_floor_spawned":[5,7,10],"killed_by":"Hexaghost","ascension_level":20}