{"gold_per_floor":[116,116,266,4,4,31,31,58,83,83,93,110,129,159,159,233,233,249,249,260,102,120,120,152,163,186,203,203],"floor_reached":28,"playtime":748,"items_purged":["Doubt"],"score":616,"play_id":"a649e02e-08dd-43d3-9c27-447cfcc139a9","local_time":"20190222213605","is_ascension_mode":true,"campfire_choices":[{"data":"Buffer","floor":7.0,"key":"SMITH"},{"data":"Zap","floor":10.0,"key":"SMITH"},{"data":"Streamline","floor":15.0,"key":"SMITH"},{"floor":23,"key":"REST"}],"neow_cost":"NONE","seed_source_timestamp":207471945180200,"circlet_count":0,"master_deck":["AscendersBane","Strike_B","Strike_B","Strike_B","Strike_B","Defend_B","Defend_B","Defend_B","Zap+1","Dualcast","Ball Lightning","Buffer+1","Streamline+1","Cold Snap","Electrodynamics","Defragment","Chill","Turbo","White Noise","Coolheaded"],"special_seed":0,"relics":["Cracked Core","NeowsBlessing","Cables","Dream Catcher","DataDisk","Regal Pillow","Kunai","Fusion Hammer","Letter Opener","Blood Vial"],"potions_floor_usage":[16,16,24,28],"damage_taken":[{"damage":0.0,"enemies":"Jaw Worm","floor":1.0,"turns":1.0},{"damage":0.0,"enemies":"Lagavulin","floor":6.0,"turns":1.0},{"damage":0.0,"enemies":"3 Sentries","floor":8.0,"turns":1.0},{"damage":0.0,"enemies":"2 Louse","floor":11.0,"turns":2.0},{"damage":0.0,"enemies":"Cultist","floor":12.0,"turns":3.0},{"damage":7.0,"enemies":"2 Fungi Beasts","floor":13.0,"turns":3.0},{"damage":8.0,"enemies":"Gremlin Nob","floor":14.0,"turns":4.0},{"damage":28,"enemies":"Hexaghost","floor":16,"turns":10},{"damage":11,"enemies":"Shell Parasite","floor":18,"turns":5},{"damage":0,"enemies":"2 Thieves","floor":20,"turns":2},{"damage":12,"enemies":"Shelled Parasite and Fungi","floor":22,"turns":3},{"damage":56,"enemies":"Book of Stabbing","floor":24,"turns":5},{"damage":6,"enemies":"Chosen and Byrds","floor":25,"turns":3},{"damage":4,"enemies":"Centurion and Healer","floor":27,"turns":5},{"damage":24,"enemies":"Slavers","floor":28,"turns":1}],"seed_played":"-3706470647353524956","potions_obtained":[{"floor":6.0,"key":"Poison Potion"},{"floor":11.0,"key":"Dexterity Potion"},{"floor":14.0,"key":"SkillPotion"},{"floor":18,"key":"AttackPotion"},{"floor":22,"key":"Regen Potion"},{"floor":27,"key":"Dexterity Potion"}],"is_trial":false,"path_per_floor":["M","?","?","$","?","E","R","E","T","R","M","M","M","E","R","B",null,"M","?","M","$","M","R","E","M","T","M","E"],"character_chosen":"DEFECT","items_purchased":["Cables","FocusPotion"],"campfire_rested":1,"item_purchase_floors":[4,21],"current_hp_per_floor":[64,64,64,64,54,54,54,54,54,54,54,54,47,39,39,11,56,45,45,45,45,33,69,25,19,19,17,0],"gold":203,"neow_bonus":"THREE_ENEMY_KILL","is_prod":false,"is_daily":false,"chose_seed":false,"campfire_upgraded":3,"win_rate":0,"timestamp":1550838965,"path_taken":["M","?","?","$","?","E","R","E","T","R","M","M","M","E","R","BOSS","M","?","M","$","M","R","E","M","T","M","E"],"build_version":"2019-01-23","purchased_purges":1,"victory":false,"max_hp_per_floor":[71,71,71,71,71,71,71,71,71,71,71,71,71,71,71,71,71,71,71,71,71,71,71,71,71,71,71,71],"card_choices":[{"not_picked":["Rebound","Steam","Scrape"],"picked":"SKIP","floor":1.0},{"not_picked":["Streamline","Turbo"],"picked":"Buffer","floor":6.0},{"not_picked":["Stack","Rebound","Sweeping Beam"],"picked":"SKIP","floor":8.0},{"not_picked":["Beam Cell","Darkness"],"picked":"Streamline","floor":11.0},{"not_picked":["Fission","Compile Driver"],"picked":"Cold Snap","floor":12.0},{"not_picked":["Go for the Eyes","Redo","Streamline"],"picked":"SKIP","floor":13.0},{"not_picked":["Reprogram","Storm","Skim"],"picked":"SKIP","floor":14.0},{"not_picked":["Echo Form","Creative AI"],"picked":"Electrodynamics","floor":16},{"not_picked":["Sweeping Beam","Redo"],"picked":"Defragment","floor":18},{"not_picked":["Sweeping Beam","Leap"],"picked":"Turbo","floor":20},{"not_picked":["Streamline","Go for the Eyes+1","Storm"],"picked":"SKIP","floor":22},{"not_picked":["All For One","Go for the Eyes","Sweeping Beam"],"picked":"SKIP","floor":24},{"not_picked":["Steam Power","Steam"],"picked":"White Noise","floor":25},{"not_picked":["Recycle+1","Beam Cell"],"picked":"Coolheaded","floor":27}],"player_experience":1745649,"relics_obtained":[{"floor":6.0,"key":"Dream Catcher"},{"floor":8.0,"key":"DataDisk"},{"floor":9.0,"key":"Regal Pillow"},{"floor":14.0,"key":"Kunai"},{"floor":24,"key":"Letter Opener"},{"floor":26,"key":"Blood Vial"}],"event_choices":[{"damage_healed":0.0,"max_hp_gain":0.0,"max_hp_loss":0.0,"gold_gain":0.0,"cards_transformed":["Defend_B"],"event_name":"Living Wall","player_choice":"Change","floor":2.0,"gold_loss":0.0,"damage_taken":0.0,"cards_obtained":["Ball Lightning"]},{"damage_healed":0.0,"max_hp_gain":0.0,"max_hp_loss":0.0,"gold_gain":150.0,"event_name":"Liars Game","player_choice":"AGREE","floor":3.0,"gold_loss":0.0,"damage_taken":0.0,"cards_obtained":["Doubt"]},{"damage_healed":0.0,"max_hp_gain":0.0,"max_hp_loss":0.0,"gold_gain":0.0,"event_name":"Wheel of Change","player_choice":"Damaged","floor":5.0,"gold_loss":0.0,"damage_taken":10.0},{"damage_healed":0,"gold_gain":0,"player_choice":"Read","damage_taken":0,"max_hp_gain":0,"max_hp_loss":0,"event_name":"The Library","floor":19,"gold_loss":0,"cards_obtained":["Chill"]}],"is_beta":false,"boss_relics":[{"not_picked":["Black Star","Eternal Feather"],"picked":"Fusion Hammer"}],"items_purged_floors":[21],"is_endless":false,"potions_floor_spawned":[6,11,12,14,18,22,27],"killed_by":"Slavers","ascension_level":20}