{"gold_per_floor":[118,67,67,90,90,90,130,144,144,167,167,167,182,14,14,14],"floor_reached":16,"playtime":457,"items_purged":[],"score":200,"play_id":"b21f26a4-a916-4b02-be15-84cb7fe0173a","local_time":"20190411190833","is_ascension_mode":true,"campfire_choices":[{"data":"Armaments","floor":6.0,"key":"SMITH"},{"floor":15.0,"key":"REST"}],"neow_cost":"PERCENT_DAMAGE","seed_source_timestamp":0,"circlet_count":0,"master_deck":["AscendersBane","Strike_R","Strike_R","Defend_R","Defend_R","Defend_R","Defend_R","Bash","Pummel","Armaments+1","Dropkick","Shockwave","Corruption","Ghostly Armor","Whirlwind"],"special_seed":0,"relics":["Burning Blood","Golden Idol","Sundial","Kunai","Bag of Preparation"],"potions_floor_usage":[],"damage_taken":[{"damage":0.0,"enemies":"2 Louse","floor":1.0,"turns":2.0},{"damage":9.0,"enemies":"Small Slimes","floor":4.0,"turns":4.0},{"damage":62.0,"enemies":"3 Sentries","floor":7.0,"turns":13.0},{"damage":1.0,"enemies":"Cultist","floor":8.0,"turns":3.0},{"damage":9.0,"enemies":"3 Louse","floor":10.0,"turns":3.0},{"damage":6.0,"enemies":"Looter","floor":13.0,"turns":3.0},{"damage":66,"enemies":"The Guardian","floor":16,"turns":14}],"seed_played":"-5767367501755877191","potions_obtained":[{"floor":7.0,"key":"FairyPotion"},{"floor":8.0,"key":"Explosive Potion"},{"floor":10.0,"key":"Ancient Potion"},{"floor":12.0,"key":"SmokeBomb"}],"is_trial":false,"path_per_floor":["M","$","?","M","?","R","E","M","T","M","?","?","M","$","R","B"],"character_chosen":"IRONCLAD","items_purchased":["Armaments","Bag of Preparation"],"campfire_rested":1,"item_purchase_floors":[2,14],"current_hp_per_floor":[56,56,30,27,75,75,19,24,24,21,21,21,21,21,43,4],"gold":14,"neow_bonus":"TRANSFORM_TWO_CARDS","is_prod":false,"is_daily":false,"chose_seed":false,"campfire_upgraded":1,"win_rate":0,"timestamp":1554977313,"path_taken":["M","$","?","M","?","R","E","M","T","?","?","?","M","$","R","BOSS"],"build_version":"2019-01-23","purchased_purges":0,"victory":false,"max_hp_per_floor":[75,75,75,75,75,75,75,75,75,75,75,75,75,75,75,75],"card_choices":[{"not_picked":["Havoc","Sword Boomerang","Wild Strike"],"picked":"SKIP","floor":1.0},{"not_picked":["Body Slam","Pummel","Uppercut"],"picked":"SKIP","floor":4.0},{"not_picked":["Iron Wave","Demon Form"],"picked":"Dropkick","floor":7.0},{"not_picked":["Havoc","Clothesline"],"picked":"Shockwave","floor":8.0},{"not_picked":["Ghostly Armor","Headbutt"],"picked":"Corruption","floor":10.0},{"not_picked":["Brutality","Power Through"],"picked":"Whirlwind","floor":13.0}],"player_experience":3057488,"relics_obtained":[{"floor":7.0,"key":"Sundial"},{"floor":9.0,"key":"Kunai"}],"event_choices":[{"damage_healed":0.0,"max_hp_gain":0.0,"max_hp_loss":0.0,"gold_gain":0.0,"event_name":"Golden Idol","player_choice":"Take Damage","floor":3.0,"gold_loss":0.0,"damage_taken":26.0,"relics_obtained":["Golden Idol"]},{"cards_removed":["Sever Soul"],"damage_healed":48.0,"max_hp_gain":0.0,"max_hp_loss":0.0,"gold_gain":0.0,"event_name":"Bonfire Elementals","player_choice":"Offered Uncommon","floor":5.0,"gold_loss":0.0,"damage_taken":0.0},{"damage_healed":0.0,"max_hp_gain":0.0,"max_hp_loss":0.0,"gold_gain":0.0,"cards_transformed":["Strike_R"],"event_name":"Living Wall","player_choice":"Change","floor":11.0,"gold_loss":0.0,"damage_taken":0.0,"cards_obtained":["Ghostly Armor"]},{"damage_healed":0.0,"max_hp_gain":0.0,"max_hp_loss":0.0,"gold_gain":0.0,"event_name":"Lab","player_choice":"Got Potions","floor":12.0,"gold_loss":0.0,"damage_taken":0.0}],"is_beta":false,"boss_relics":[],"items_purged_floors":[],"is_endless":false,"potions_floor_spawned":[7,8,10],"killed_by":"The Guardian","ascension_level":20}