{"gold_per_floor":[115,129,129,129,54,87,87,120,143,38,51,64,64,80,80,155,155,170,170,42,2,2,2,19,19,19,39,39,39,74,94,94,166,166,180,198,208,16,16,44,0,0,0,22,34,77,89,113,125,137,149,161,173,17,51,51],"floor_reached":57,"playtime":2165,"items_purged":["Strike_R","Strike_R","Corruption","Bash+1"],"score":2951,"play_id":"8f0dc4c0-a237-4b39-92c1-9eeb0de61c53","local_time":"20190410201355","is_ascension_mode":true,"campfire_choices":[{"data":"Bash","floor":7,"key":"SMITH"},{"data":"Barricade","floor":13,"key":"SMITH"},{"data":"Armaments","floor":15,"key":"SMITH"},{"data":"Feel No Pain","floor":23,"key":"SMITH"},{"data":"Body Slam","floor":28,"key":"SMITH"},{"data":"Barricade","floor":32,"key":"SMITH"},{"floor":42,"key":"RECALL"},{"data":"Offering","floor":45,"key":"SMITH"},{"data":"Discovery","floor":49,"key":"SMITH"},{"data":"Chrysalis","floor":53,"key":"SMITH"}],"neow_cost":"NONE","seed_source_timestamp":323193347577600,"circlet_count":0,"master_deck":["AscendersBane","Defend_R","Defend_R","Defend_R","Defend_R+1","Shrug It Off+1","Feel No Pain+1","Barricade+1","Armaments+1","True Grit","Body Slam+1","Offering+1","Second Wind","Entrench","Intimidate","Impervious","Barricade+1","Shrug It Off","Reaper","Corruption+1","Headbutt+1","Body Slam+1","Shrug It Off","Shrug It Off","Discovery+1","Chrysalis+1","Discovery","Impatience","Evolve+1","Feel No Pain","Armaments","Armaments+1"],"relics":["Burning Blood","NeowsBlessing","Smiling Mask","Bag of Marbles","Dodecahedron","Sozu","Nloth\u0027s Gift","FaceOfCleric","Matryoshka","Ancient Tea Set","Astrolabe","Orichalcum","Red Mask","MawBank","Pantograph","Ornamental Fan","Mummified Hand"],"potions_floor_usage":[8,35],"damage_taken":[{"damage":0,"enemies":"2 Louse","floor":1,"turns":1},{"damage":0,"enemies":"Small Slimes","floor":2,"turns":1},{"damage":0,"enemies":"Gremlin Nob","floor":6,"turns":1},{"damage":11,"enemies":"3 Sentries","floor":8,"turns":13},{"damage":1,"enemies":"Cultist","floor":11,"turns":4},{"damage":18,"enemies":"Large Slime","floor":12,"turns":9},{"damage":11,"enemies":"Red Slaver","floor":14,"turns":5},{"damage":38,"enemies":"Slime Boss","floor":16,"turns":10},{"damage":24,"enemies":"Spheric Guardian","floor":18,"turns":6},{"damage":14,"enemies":"Shell Parasite","floor":24,"turns":6},{"damage":32,"enemies":"Shelled Parasite and Fungi","floor":27,"turns":6},{"damage":16,"enemies":"Book of Stabbing","floor":30,"turns":5},{"damage":6,"enemies":"Snecko","floor":31,"turns":4},{"damage":6,"enemies":"Collector","floor":33,"turns":8},{"damage":53,"enemies":"3 Shapes","floor":35,"turns":7},{"damage":6,"enemies":"Orb Walker","floor":36,"turns":5},{"damage":19,"enemies":"Sphere and 2 Shapes","floor":37,"turns":5},{"damage":6,"enemies":"Nemesis","floor":40,"turns":11},{"damage":8,"enemies":"Transient","floor":44,"turns":6},{"damage":6,"enemies":"Giant Head","floor":46,"turns":6},{"damage":6,"enemies":"3 Darklings","floor":48,"turns":19},{"damage":49,"enemies":"Donu and Deca","floor":50,"turns":9},{"damage":28,"enemies":"Awakened One","floor":51,"turns":9},{"damage":29,"enemies":"Shield and Spear","floor":55,"turns":8},{"damage":59,"enemies":"The Heart","floor":56,"turns":10}],"seed_played":"216900806427061574","potions_obtained":[{"floor":1,"key":"Strength Potion"},{"floor":2,"key":"Block Potion"}],"is_trial":false,"path_per_floor":["M","M","?","?","?","E","R","E","T","$","M","M","R","M","R","B",null,"M","?","$","$","?","R","M","?","T","M","R","$","E","M","R","B",null,"M","M","M","$","?","E","?","R","T","M","R","E","$","M","R","B","B",null,"R","$","E","B",null],"character_chosen":"IRONCLAD","items_purchased":["Armaments","Entrench","Intimidate","Shrug It Off","Discovery","Feel No Pain","Armaments"],"campfire_rested":0,"item_purchase_floors":[10,20,21,38,38,54,54],"current_hp_per_floor":[74,75,57,57,57,63,63,58,58,58,63,51,51,46,46,14,60,42,75,75,75,75,75,67,67,67,42,42,42,33,34,34,35,68,26,31,19,19,9,16,16,16,16,25,25,26,26,86,86,44,58,81,81,81,59,36],"gold":51,"neow_bonus":"THREE_ENEMY_KILL","is_prod":false,"is_daily":false,"chose_seed":false,"campfire_upgraded":9,"win_rate":0,"timestamp":1554894835,"path_taken":["M","M","?","?","?","E","R","E","T","$","M","M","R","M","R","BOSS","M","?","?","$","?","R","?","?","T","?","R","$","E","M","R","BOSS","M","M","?","$","?","E","?","R","T","M","R","E","$","?","R","BOSS","BOSS","R","$","E","BOSS"],"build_version":"2019-01-23","purchased_purges":4,"victory":true,"max_hp_per_floor":[75,75,75,75,75,75,75,75,75,75,75,75,75,75,75,75,75,75,75,75,75,75,75,75,75,75,76,76,76,77,78,78,79,79,80,81,82,82,82,83,83,83,83,84,84,85,85,86,86,87,88,88,88,88,89,90],"card_choices":[{"not_picked":["Warcry","Iron Wave"],"picked":"Corruption","floor":1},{"not_picked":["Iron Wave","Perfected Strike"],"picked":"Shrug It Off","floor":2},{"not_picked":["Clothesline","Combust"],"picked":"Feel No Pain","floor":6},{"not_picked":["Warcry","Thunderclap"],"picked":"Barricade","floor":8},{"not_picked":["Blood for Blood","Disarm"],"picked":"True Grit","floor":11},{"not_picked":["Pommel Strike","Havoc"],"picked":"Evolve","floor":12},{"not_picked":["Bloodletting","Twin Strike"],"picked":"Body Slam","floor":14},{"not_picked":["Feed","Double Tap"],"picked":"Offering","floor":16},{"not_picked":["Cleave","Sword Boomerang"],"picked":"Second Wind","floor":18},{"not_picked":["Body Slam","Twin Strike","Clothesline+1"],"picked":"SKIP","floor":24},{"not_picked":["Warcry","Second Wind"],"picked":"Impervious","floor":27},{"not_picked":["Dropkick","Wild Strike","Barricade"],"picked":"SKIP","floor":30},{"not_picked":["Dropkick","Wild Strike"],"picked":"Barricade","floor":30},{"not_picked":["Clash","Flex"],"picked":"Shrug It Off","floor":31},{"not_picked":["Double Tap","Offering"],"picked":"Reaper","floor":33},{"not_picked":["Warcry","Body Slam"],"picked":"Shrug It Off","floor":35},{"not_picked":["Berserk","Twin Strike","Clothesline"],"picked":"SKIP","floor":36},{"not_picked":["Sword Boomerang","Intimidate","True Grit"],"picked":"SKIP","floor":37},{"not_picked":["Good Instincts","Swift Strike"],"picked":"Chrysalis","floor":39},{"not_picked":["Impatience","Violence"],"picked":"Discovery","floor":39},{"not_picked":["Trip","Panacea"],"picked":"Impatience","floor":39},{"not_picked":["Twin Strike","Heavy Blade","Flex"],"picked":"SKIP","floor":40},{"not_picked":["Fire Breathing+1","Carnage","Pummel+1"],"picked":"SKIP","floor":44},{"not_picked":["Spot Weakness+1","Thunderclap","Fiend Fire"],"picked":"SKIP","floor":46},{"not_picked":["Seeing Red","Berserk"],"picked":"Evolve+1","floor":48},{"not_picked":["Hemokinesis","Headbutt"],"picked":"Armaments+1","floor":55}],"player_experience":3038809,"relics_obtained":[{"floor":6,"key":"Bag of Marbles"},{"floor":8,"key":"Dodecahedron"},{"floor":26,"key":"Matryoshka"},{"floor":30,"key":"Ancient Tea Set"},{"floor":40,"key":"Orichalcum"},{"floor":43,"key":"MawBank"},{"floor":43,"key":"Pantograph"},{"floor":46,"key":"Ornamental Fan"},{"floor":55,"key":"Mummified Hand"}],"event_choices":[{"damage_healed":0,"gold_gain":0,"player_choice":"Success","damage_taken":18,"relics_obtained":["War Paint"],"max_hp_gain":0,"max_hp_loss":0,"event_name":"Scrap Ooze","floor":3,"gold_loss":0},{"damage_healed":0,"gold_gain":0,"player_choice":"Box","damage_taken":0,"relics_obtained":["Smiling Mask"],"max_hp_gain":0,"max_hp_loss":0,"event_name":"Big Fish","floor":4,"gold_loss":0,"cards_obtained":["Regret"]},{"cards_removed":["Regret"],"damage_healed":0,"gold_gain":0,"player_choice":"Card Removal","damage_taken":0,"max_hp_gain":0,"max_hp_loss":0,"event_name":"The Cleric","floor":5,"gold_loss":75},{"cards_removed":["Evolve"],"damage_healed":33,"gold_gain":0,"player_choice":"Offered Uncommon","damage_taken":0,"max_hp_gain":0,"max_hp_loss":0,"event_name":"Bonfire Elementals","floor":19,"gold_loss":0},{"damage_healed":0,"gold_gain":0,"player_choice":"Traded Relic","damage_taken":0,"relics_obtained":["Nloth\u0027s Gift"],"max_hp_gain":0,"max_hp_loss":0,"event_name":"N\u0027loth","floor":22,"relics_lost":["War Paint"],"gold_loss":0},{"damage_healed":0,"gold_gain":0,"player_choice":"Trade","damage_taken":0,"relics_obtained":["FaceOfCleric"],"max_hp_gain":0,"max_hp_loss":0,"event_name":"FaceTrader","floor":25,"gold_loss":0},{"damage_healed":0,"gold_gain":0,"player_choice":"Memory 3","damage_taken":10,"max_hp_gain":0,"max_hp_loss":0,"event_name":"SensoryStone","floor":39,"gold_loss":0},{"damage_healed":0,"gold_gain":0,"player_choice":"Paid","damage_taken":0,"relics_obtained":["Red Mask"],"max_hp_gain":0,"max_hp_loss":0,"event_name":"Tomb of Lord Red Mask","floor":41,"gold_loss":44}],"is_beta":false,"boss_relics":[{"not_picked":["Busted Crown","Calling Bell"],"picked":"Sozu"},{"not_picked":["Runic Dome","Cursed Key"],"picked":"Astrolabe"}],"items_purged_floors":[10,20,38,54],"is_endless":false,"potions_floor_spawned":[1,2,6,27,33,36,37,40,48],"ascension_level":20}