{"gold_per_floor":[110,260,271,271,271,301,301,321,345,375,375,19,19,38,38,114,114,133,133,48,48,58,58,88,88,88,11,24,24,24],"floor_reached":30,"playtime":764,"items_purged":["Strike_B"],"score":558,"play_id":"a43bc882-b2cb-453a-8cab-7d46d295068f","local_time":"20190330164810","is_ascension_mode":true,"campfire_choices":[{"data":"Streamline","floor":7,"key":"SMITH"},{"floor":11,"key":"REST"},{"data":"Defragment","floor":13,"key":"SMITH"},{"data":"Darkness","floor":15,"key":"SMITH"},{"data":"Blizzard","floor":23,"key":"SMITH"},{"data":"Capacitor","floor":25,"key":"SMITH"}],"neow_cost":"NONE","seed_source_timestamp":106596705414500,"circlet_count":0,"master_deck":["AscendersBane","Strike_B","Strike_B+1","Strike_B","Defend_B","Defend_B","Defend_B","Defend_B","Zap","Dualcast","Recycle+1","Streamline+1","Core Surge+1","Defragment+1","Cold Snap","Darkness+1","Multi-Cast","Coolheaded","Blizzard+1","Capacitor+1","Double Energy","White Noise","Loop"],"relics":["Cracked Core","NeowsBlessing","Bronze Scales","Smiling Mask","Lantern","Eternal Feather","Whetstone","Blood Vial"],"potions_floor_usage":[16,24,28,28],"damage_taken":[{"damage":0,"enemies":"Cultist","floor":1,"turns":1},{"damage":0,"enemies":"Jaw Worm","floor":3,"turns":1},{"damage":0,"enemies":"Lagavulin","floor":6,"turns":1},{"damage":12,"enemies":"Small Slimes","floor":8,"turns":3},{"damage":45,"enemies":"3 Sentries","floor":10,"turns":6},{"damage":1,"enemies":"2 Fungi Beasts","floor":14,"turns":2},{"damage":18,"enemies":"Hexaghost","floor":16,"turns":8},{"damage":4,"enemies":"3 Byrds","floor":18,"turns":3},{"damage":24,"enemies":"Spheric Guardian","floor":22,"turns":5},{"damage":38,"enemies":"Book of Stabbing","floor":24,"turns":5},{"damage":17,"enemies":"Centurion and Healer","floor":28,"turns":8},{"damage":0,"enemies":"Colosseum Slavers","floor":30,"turns":1}],"seed_played":"-2616303566439485553","potions_obtained":[{"floor":10,"key":"Weak Potion"},{"floor":14,"key":"SpeedPotion"},{"floor":16,"key":"FocusPotion"},{"floor":18,"key":"Fire Potion"},{"floor":24,"key":"Fire Potion"}],"is_trial":false,"path_per_floor":["M","?","M","?","?","E","R","M","T","E","R","$","R","M","R","B",null,"M","?","$","?","M","R","E","R","T","$","M","$","?"],"character_chosen":"DEFECT","items_purchased":["Defragment","Lantern","Cold Snap","Capacitor","Loop"],"campfire_rested":1,"item_purchase_floors":[12,12,12,20,27],"current_hp_per_floor":[64,64,64,69,69,69,69,57,57,12,34,34,34,33,33,15,61,57,57,57,57,33,45,7,19,19,19,4,4,6],"gold":24,"neow_bonus":"THREE_ENEMY_KILL","is_prod":false,"is_daily":false,"chose_seed":false,"campfire_upgraded":5,"win_rate":0,"timestamp":1553932090,"path_taken":["M","?","M","?","?","E","R","M","T","E","R","$","R","M","R","BOSS","M","?","$","?","?","R","E","R","T","?","?","$","?"],"build_version":"2019-01-23","purchased_purges":1,"victory":false,"max_hp_per_floor":[71,71,71,76,76,76,76,76,76,76,76,76,76,76,76,76,76,76,76,76,76,76,76,76,76,76,76,76,76,76],"card_choices":[{"not_picked":["Streamline","Stack"],"picked":"Recycle","floor":1},{"not_picked":["Leap","Capacitor"],"picked":"Streamline","floor":3},{"not_picked":["Barrage","Scrape","Gash"],"picked":"SKIP","floor":6},{"not_picked":["Turbo","Streamline","Go for the Eyes"],"picked":"SKIP","floor":8},{"not_picked":["Reprogram","Conserve Battery"],"picked":"Core Surge","floor":10},{"not_picked":["Rebound","Ball Lightning"],"picked":"Darkness","floor":14},{"not_picked":["Amplify","Seek"],"picked":"Multi-Cast","floor":16},{"not_picked":["Leap","Steam+1"],"picked":"Coolheaded","floor":18},{"not_picked":["FTL","Coolheaded"],"picked":"Double Energy","floor":22},{"not_picked":["Stack","Leap"],"picked":"White Noise","floor":24},{"not_picked":["Steam+1","All For One","Chaos"],"picked":"SKIP","floor":28}],"player_experience":2752572,"relics_obtained":[{"floor":6,"key":"Bronze Scales"},{"floor":10,"key":"Smiling Mask"},{"floor":24,"key":"Whetstone"},{"floor":26,"key":"Blood Vial"}],"event_choices":[{"damage_healed":0,"gold_gain":150,"player_choice":"AGREE","damage_taken":0,"max_hp_gain":0,"max_hp_loss":0,"event_name":"Liars Game","floor":2,"gold_loss":0,"cards_obtained":["Doubt"]},{"damage_healed":0,"gold_gain":0,"player_choice":"Donut","damage_taken":0,"max_hp_gain":5,"max_hp_loss":0,"event_name":"Big Fish","floor":4,"gold_loss":0},{"cards_removed":["Doubt"],"damage_healed":0,"gold_gain":0,"player_choice":"Forget","damage_taken":0,"max_hp_gain":0,"max_hp_loss":0,"event_name":"Living Wall","floor":5,"gold_loss":0},{"damage_healed":0,"gold_gain":0,"player_choice":"Read","damage_taken":0,"max_hp_gain":0,"max_hp_loss":0,"event_name":"The Library","floor":19,"gold_loss":0,"cards_obtained":["Blizzard"]},{"damage_healed":0,"gold_gain":0,"player_choice":"Upgraded","damage_taken":0,"max_hp_gain":0,"max_hp_loss":0,"event_name":"Upgrade Shrine","floor":21,"gold_loss":0,"cards_upgraded":["Recycle"]},{"damage_healed":0,"gold_gain":0,"player_choice":"Fight","damage_taken":0,"max_hp_gain":0,"max_hp_loss":0,"event_name":"Colosseum","floor":30,"gold_loss":0}],"is_beta":false,"boss_relics":[{"not_picked":["Tiny House","White Beast Statue"],"picked":"Eternal Feather"}],"items_purged_floors":[12],"is_endless":false,"potions_floor_spawned":[10,14,16,18,24],"killed_by":"Colosseum Slavers","ascension_level":20}