{"gold_per_floor":[213,227,152,222,54,54,86,51,76,88,100,130,142,173,185,197],"floor_reached":16,"playtime":486,"items_purged":[],"score":181,"play_id":"594f52b1-31d1-488a-b7eb-fd87136fa3ba","local_time":"20190311190909","is_ascension_mode":true,"campfire_choices":[{"floor":6,"key":"REST"},{"floor":10,"key":"REST"},{"data":"Storm","floor":13,"key":"SMITH"},{"floor":15,"key":"REST"}],"neow_cost":"NONE","seed_source_timestamp":525853150644194,"circlet_count":0,"master_deck":["AscendersBane","Strike_B","Strike_B","Strike_B","Strike_B","Defend_B","Defend_B","Defend_B","Defend_B","Zap","Dualcast","Sunder","Force Field","Capacitor","Storm+1","Force Field","Redo","Leap","Cold Snap"],"relics":["Cracked Core","Bag of Marbles","MawBank"],"potions_floor_usage":[7,16],"damage_taken":[{"damage":9,"enemies":"Jaw Worm","floor":1,"turns":3},{"damage":0,"enemies":"Small Slimes","floor":2,"turns":2},{"damage":46,"enemies":"Gremlin Nob","floor":7,"turns":5},{"damage":0,"enemies":"Cultist","floor":12,"turns":3},{"damage":2,"enemies":"Looter","floor":14,"turns":3},{"damage":76,"enemies":"Slime Boss","floor":16,"turns":9}],"seed_played":"-2888316122791103466","potions_obtained":[{"floor":1,"key":"Block Potion"},{"floor":14,"key":"SpeedPotion"}],"is_trial":false,"path_per_floor":["M","M","$","?","$","R","E","?","T","R","?","M","R","M","R","B"],"character_chosen":"DEFECT","items_purchased":["Capacitor","Storm","Force Field"],"campfire_rested":3,"item_purchase_floors":[3,5,5],"current_hp_per_floor":[55,55,55,55,55,71,25,42,42,63,68,68,68,66,76,0],"gold":197,"neow_bonus":"HUNDRED_GOLD","is_prod":false,"is_daily":false,"chose_seed":false,"campfire_upgraded":1,"win_rate":0,"timestamp":1552324149,"path_taken":["M","M","$","?","$","R","E","?","T","R","?","?","R","M","R","BOSS"],"build_version":"2019-01-23","purchased_purges":0,"victory":false,"max_hp_per_floor":[71,71,71,71,71,71,71,71,71,71,76,76,76,76,76,76],"card_choices":[{"not_picked":["Redo","Coolheaded"],"picked":"Sunder","floor":1},{"not_picked":["Streamline","Consume"],"picked":"Force Field","floor":2},{"not_picked":["Go for the Eyes","Aggregate"],"picked":"Redo","floor":7},{"not_picked":["Reinforced Body","Turbo"],"picked":"Leap","floor":12},{"not_picked":["Sweeping Beam","Leap"],"picked":"Cold Snap","floor":14}],"player_experience":1080667,"relics_obtained":[{"floor":7,"key":"Bag of Marbles"},{"floor":9,"key":"MawBank"}],"event_choices":[{"damage_healed":0,"gold_gain":70,"player_choice":"Gained Gold","damage_taken":0,"max_hp_gain":0,"max_hp_loss":0,"event_name":"Golden Wing","floor":4,"gold_loss":0},{"damage_healed":17,"gold_gain":0,"player_choice":"Healed","damage_taken":0,"max_hp_gain":0,"max_hp_loss":0,"event_name":"The Cleric","floor":8,"gold_loss":35},{"damage_healed":0,"gold_gain":0,"player_choice":"Donut","damage_taken":0,"max_hp_gain":5,"max_hp_loss":0,"event_name":"Big Fish","floor":11,"gold_loss":0}],"is_beta":false,"boss_relics":[],"items_purged_floors":[],"is_endless":false,"potions_floor_spawned":[1,14],"killed_by":"Slime Boss","ascension_level":17}