{"gold_per_floor":[109,109,34,34,34,61,61,71,96,111,144,144,219,10,10,87,87,101,101,101,111,111,111,111,111,111,58,58,58,74,74,74,74],"floor_reached":33,"playtime":726,"items_purged":[],"score":548,"play_id":"74309c0a-f56b-4fcc-ae5b-f91363796b16","local_time":"20190414140851","is_ascension_mode":true,"campfire_choices":[{"data":"Barricade","floor":7,"key":"SMITH"},{"data":"Body Slam","floor":12,"key":"SMITH"},{"data":"Demon Form","floor":15,"key":"SMITH"},{"data":"Shrug It Off","floor":23,"key":"SMITH"},{"floor":25,"key":"REST"},{"data":"Armaments","floor":29,"key":"SMITH"},{"floor":32,"key":"REST"}],"neow_cost":"NONE","seed_source_timestamp":181694305510900,"circlet_count":0,"master_deck":["AscendersBane","Evolve","Barricade+1","Corruption","Combust","Body Slam+1","Cleave","Demon Form+1","Offering","Clothesline","Rampage","Intimidate","Double Tap","Uppercut","Rage","Ghostly Armor+1","Shrug It Off","Shrug It Off+1","Power Through","Armaments+1"],"relics":["Burning Blood","NeowsBlessing","Dream Catcher","Centennial Puzzle","Juzu Bracelet","Pandora\u0027s Box","StoneCalendar","CultistMask"],"potions_floor_usage":[11,16,28,30],"damage_taken":[{"damage":0,"enemies":"Jaw Worm","floor":1,"turns":1},{"damage":0,"enemies":"Gremlin Nob","floor":6,"turns":1},{"damage":0,"enemies":"2 Louse","floor":8,"turns":1},{"damage":15,"enemies":"Cultist","floor":10,"turns":5},{"damage":33,"enemies":"Lagavulin","floor":11,"turns":9},{"damage":19,"enemies":"Hexaghost","floor":16,"turns":8},{"damage":28,"enemies":"Shell Parasite","floor":18,"turns":3},{"damage":14,"enemies":"Chosen","floor":21,"turns":5},{"damage":0,"enemies":"Snake Plant","floor":28,"turns":2},{"damage":19,"enemies":"Cultist and Chosen","floor":30,"turns":5},{"damage":44,"enemies":"Automaton","floor":33,"turns":6}],"seed_played":"-6091038260927748064","potions_obtained":[{"floor":8,"key":"SpeedPotion"},{"floor":10,"key":"EssenceOfSteel"},{"floor":16,"key":"EssenceOfSteel"},{"floor":22,"key":"SmokeBomb"},{"floor":22,"key":"Fire Potion"},{"floor":30,"key":"Weak Potion"}],"is_trial":false,"path_per_floor":["M","?","?","?","?","E","R","M","T","M","E","R","?","$","R","B",null,"M","?","?","M","?","R","?","R","T","$","M","R","M","?","R","B"],"character_chosen":"IRONCLAD","items_purchased":["Demon Form","PowerPotion","Armaments"],"campfire_rested":2,"item_purchase_floors":[14,14,27],"current_hp_per_floor":[74,74,74,79,79,80,80,80,80,71,44,44,33,33,33,20,65,43,43,43,35,35,35,12,37,37,37,43,43,30,30,55,11],"gold":74,"neow_bonus":"THREE_ENEMY_KILL","is_prod":false,"is_daily":false,"chose_seed":false,"campfire_upgraded":5,"win_rate":0,"timestamp":1555218531,"path_taken":["M","?","?","?","?","E","R","M","T","M","E","R","?","$","R","BOSS","M","?","?","M","?","R","?","R","T","$","M","R","M","?","R","BOSS"],"build_version":"2019-01-23","purchased_purges":0,"victory":false,"max_hp_per_floor":[75,75,75,80,80,80,80,80,80,80,80,80,80,80,80,80,80,80,80,80,80,80,80,85,85,85,85,85,85,85,85,85,85],"card_choices":[{"not_picked":["Twin Strike","Body Slam"],"picked":"Evolve","floor":1},{"not_picked":["Fire Breathing","Twin Strike"],"picked":"Corruption","floor":6},{"not_picked":["Wild Strike","Intimidate"],"picked":"Combust","floor":8},{"not_picked":["Perfected Strike","Sword Boomerang"],"picked":"Body Slam","floor":10},{"not_picked":["Power Through","Intimidate"],"picked":"Cleave","floor":11},{"not_picked":["Immolate","Barricade"],"picked":"Offering","floor":16},{"not_picked":["Perfected Strike","Armaments"],"picked":"Ghostly Armor+1","floor":18},{"not_picked":["Rage","Spot Weakness+1"],"picked":"Shrug It Off","floor":21},{"not_picked":["Pommel Strike","Clothesline"],"picked":"Power Through","floor":25},{"not_picked":["Inflame","Barricade","Heavy Blade+1"],"picked":"SKIP","floor":30},{"not_picked":["Inflame","Barricade","Heavy Blade+1"],"picked":"SKIP","floor":30}],"player_experience":3124466,"relics_obtained":[{"floor":6,"key":"Dream Catcher"},{"floor":9,"key":"Centennial Puzzle"},{"floor":11,"key":"Juzu Bracelet"},{"floor":26,"key":"StoneCalendar"}],"event_choices":[{"damage_healed":0,"gold_gain":0,"cards_transformed":["Strike_R"],"player_choice":"Change","damage_taken":0,"max_hp_gain":0,"max_hp_loss":0,"event_name":"Living Wall","floor":2,"gold_loss":0,"cards_obtained":["Barricade"]},{"cards_removed":["Strike_R"],"damage_healed":0,"gold_gain":0,"player_choice":"Card Removal","damage_taken":0,"max_hp_gain":0,"max_hp_loss":0,"event_name":"The Cleric","floor":3,"gold_loss":75},{"damage_healed":0,"gold_gain":0,"player_choice":"Donut","damage_taken":0,"max_hp_gain":5,"max_hp_loss":0,"event_name":"Big Fish","floor":4,"gold_loss":0},{"cards_removed":["Strike_R"],"damage_healed":0,"gold_gain":0,"player_choice":"Offered Basic","damage_taken":0,"max_hp_gain":0,"max_hp_loss":0,"event_name":"Bonfire Elementals","floor":5,"gold_loss":0},{"damage_healed":0,"gold_gain":75,"player_choice":"Gather Gold","damage_taken":11,"max_hp_gain":0,"max_hp_loss":0,"event_name":"World of Goop","floor":13,"gold_loss":0},{"damage_healed":0,"gold_gain":0,"player_choice":"Read","damage_taken":0,"max_hp_gain":0,"max_hp_loss":0,"event_name":"The Library","floor":19,"gold_loss":0,"cards_obtained":["Shrug It Off"]},{"cards_removed":["Bash"],"damage_healed":0,"gold_gain":0,"player_choice":"Elegance","damage_taken":0,"max_hp_gain":0,"max_hp_loss":0,"event_name":"Back to Basics","floor":20,"gold_loss":0},{"damage_healed":0,"gold_gain":0,"player_choice":"Got Potions","damage_taken":0,"max_hp_gain":0,"max_hp_loss":0,"event_name":"Lab","floor":22,"gold_loss":0},{"damage_healed":0,"gold_gain":0,"player_choice":"Shed Blood","damage_taken":28,"max_hp_gain":5,"max_hp_loss":0,"event_name":"Forgotten Altar","floor":24,"gold_loss":0},{"damage_healed":0,"gold_gain":0,"player_choice":"Trade","damage_taken":0,"relics_obtained":["CultistMask"],"max_hp_gain":0,"max_hp_loss":0,"event_name":"FaceTrader","floor":31,"gold_loss":0}],"is_beta":false,"boss_relics":[{"not_picked":["Calling Bell","Velvet Choker"],"picked":"Pandora\u0027s Box"}],"items_purged_floors":[],"is_endless":false,"potions_floor_spawned":[8,10,16,28,30],"killed_by":"Automaton","ascension_level":20}