{"gold_per_floor":[17,17,31,31,6,6,18,18,41,73,73,90,119,135,135,211,211,228,242,37,48,48,48,68,84,107,107,120,138,138],"floor_reached":30,"playtime":1540,"items_purged":[],"score":415,"play_id":"3e0582d4-1069-4bc6-86dd-7950aa757ffb","local_time":"20181006181306","is_ascension_mode":true,"campfire_choices":[{"floor":6.0,"key":"REST"},{"data":"Chaos","floor":8.0,"key":"SMITH"},{"floor":11.0,"key":"REST"},{"floor":15.0,"key":"REST"},{"floor":23,"key":"REST"},{"floor":27,"key":"REST"}],"neow_cost":"NO_GOLD","seed_source_timestamp":1898866170579061,"circlet_count":0,"master_deck":["Strike_B","Strike_B","Strike_B","Strike_B","Defend_B+1","Defend_B","Defend_B","Zap+1","Dualcast","AscendersBane","Compile Driver","Chaos+1","Doom and Gloom","Cold Snap","Blizzard","Ball Lightning+1","Amplify","Doom and Gloom+1","Darkness","Rainbow","Cold Snap+1","White Noise","Compile Driver+1","Loop","Chill","Zap","Flash of Steel+1","Compile Driver+1","Blizzard+1","Steam","Loop"],"special_seed":0,"relics":["Cracked Core","Emotion Chip","War Paint","Molten Egg 2","Gambling Chip","Inserter","Omamori"],"potions_floor_usage":[16,18,21,25,28],"damage_taken":[{"damage":2.0,"enemies":"2 Louse","floor":1.0,"turns":2.0},{"damage":0.0,"enemies":"Cultist","floor":3.0,"turns":3.0},{"damage":8.0,"enemies":"Small Slimes","floor":7.0,"turns":2.0},{"damage":8.0,"enemies":"3 Sentries","floor":10.0,"turns":4.0},{"damage":6.0,"enemies":"Exordium Thugs","floor":12.0,"turns":3.0},{"damage":20.0,"enemies":"Lagavulin","floor":13.0,"turns":5.0},{"damage":10.0,"enemies":"Lots of Slimes","floor":14.0,"turns":2.0},{"damage":36,"enemies":"Hexaghost","floor":16,"turns":9},{"damage":7,"enemies":"Shell Parasite","floor":18,"turns":4},{"damage":16,"enemies":"3 Byrds","floor":19,"turns":5},{"damage":28,"enemies":"Centurion and Healer","floor":21,"turns":6},{"damage":7,"enemies":"Sentry and Sphere","floor":24,"turns":4},{"damage":20,"enemies":"Snecko","floor":25,"turns":4},{"damage":21,"enemies":"Cultist and Chosen","floor":28,"turns":6},{"damage":6,"enemies":"Chosen and Byrds","floor":29,"turns":5},{"damage":20,"enemies":"3 Cultists","floor":30,"turns":3}],"seed_played":"4544631631582508217","potions_obtained":[{"floor":3.0,"key":"SpeedPotion"},{"floor":7.0,"key":"Explosive Potion"},{"floor":14.0,"key":"Regen Potion"},{"floor":16,"key":"Energy Potion"},{"floor":18,"key":"Ancient Potion"},{"floor":25,"key":"SteroidPotion"}],"is_trial":false,"path_per_floor":["M","?","M","?","$","R","M","R","T","E","R","M","E","M","R","B",null,"M","M","$","M","?","R","M","M","T","R","M","M"],"character_chosen":"DEFECT","items_purchased":["Cold Snap","Compile Driver+1","Loop","Regen Potion"],"campfire_rested":5,"item_purchase_floors":[5,20,20,20],"current_hp_per_floor":[62,62,62,55,55,71,63,63,63,55,71,65,45,35,56,35,62,55,39,39,26,26,47,40,20,20,41,20,14,0],"gold":138,"neow_bonus":"ONE_RARE_RELIC","is_prod":false,"is_daily":false,"chose_seed":false,"campfire_upgraded":1,"win_rate":0,"timestamp":1538838786,"path_taken":["M","?","?","?","?","R","M","R","T","E","R","M","E","M","R","BOSS","M","M","?","?","?","R","M","?","T","R","?","M","?"],"build_version":"2018-10-04v2","purchased_purges":0,"victory":false,"max_hp_per_floor":[71,71,71,71,71,71,71,71,71,71,71,71,71,71,71,71,71,71,71,71,71,71,71,71,71,71,71,71,71,71],"card_choices":[{"not_picked":["Steam","Consume"],"picked":"Compile Driver","floor":1.0},{"not_picked":["Turbo","Barrage"],"picked":"Doom and Gloom","floor":3.0},{"not_picked":["Rebound","Stack"],"picked":"Blizzard","floor":7.0},{"not_picked":["Hologram","Chill"],"picked":"Ball Lightning","floor":10.0},{"not_picked":["Streamline+1","Undo"],"picked":"Amplify","floor":12.0},{"not_picked":["Auto Shields","Hologram"],"picked":"Doom and Gloom+1","floor":13.0},{"not_picked":["Stack","BootSequence"],"picked":"Darkness","floor":14.0},{"not_picked":["Biased Cognition","Machine Learning"],"picked":"Rainbow","floor":16},{"not_picked":["Sweeping Beam+1","Rebound+1"],"picked":"Cold Snap+1","floor":18},{"not_picked":["Beam Cell+1","Stack"],"picked":"White Noise","floor":19},{"not_picked":["Leap","Stack"],"picked":"Chill","floor":21},{"not_picked":["Streamline+1","Undo"],"picked":"Compile Driver+1","floor":24},{"not_picked":["Turbo","Barrage+1"],"picked":"Blizzard+1","floor":25},{"not_picked":["Turbo","Leap"],"picked":"Steam","floor":28},{"not_picked":["Tempest+1","Scrape+1"],"picked":"Loop","floor":29}],"player_experience":740081,"relics_obtained":[{"floor":9.0,"key":"War Paint"},{"floor":10.0,"key":"Molten Egg 2"},{"floor":13.0,"key":"Gambling Chip"},{"floor":26,"key":"Omamori"}],"event_choices":[{"event_name":"Transmorgrifier","player_choice":"Transform","floor":2.0,"damage_taken":0.0},{"event_name":"Wheel of Change","player_choice":"Damage","floor":4.0,"damage_taken":0.0},{"event_name":"Match and Keep!","player_choice":"2 cards matched","floor":22,"damage_taken":0}],"is_beta":false,"boss_relics":[{"not_picked":["Runic Pyramid","Ectoplasm"],"picked":"Inserter"}],"items_purged_floors":[],"is_endless":false,"potions_floor_spawned":[3,7,14,16,18,25],"killed_by":"3 Cultists","ascension_level":14}