{"gold_per_floor":[112,36,36,36,36,66,66,93,119,135,163,213,213,225,225,301,301,312,312,312,328,39,39,73,85,109,109],"floor_reached":27,"playtime":1118,"items_purged":["Writhe"],"score":564,"play_id":"0db5b142-8147-453c-8928-f43fb418d35d","local_time":"20181220124750","is_ascension_mode":true,"campfire_choices":[{"data":"Noxious Fumes","floor":13.0,"key":"SMITH"},{"data":"Neutralize","floor":15.0,"key":"SMITH"},{"data":"Crippling Poison","floor":23.0,"key":"SMITH"}],"neow_cost":"NONE","seed_source_timestamp":2154265515656883,"circlet_count":0,"master_deck":["AscendersBane","Defend_G","Defend_G","Defend_G","Defend_G","Defend_G","Strike_G","Strike_G","Strike_G","Strike_G","Strike_G","Survivor","Neutralize+1","Blur","Noxious Fumes+1","Skewer","Bane","Dagger Spray+1","Poisoned Stab","Poisoned Stab+1","Adrenaline","Leg Sweep","Crippling Poison+1","Blur","PiercingWail","Dodge and Roll"],"special_seed":0,"relics":["Ring of the Snake","NeowsBlessing","Paper Crane","Orichalcum","Blood Vial","Bag of Preparation","Smiling Mask","Snake Skull","Sozu","Anchor","Whetstone","Art of War","Omamori"],"potions_floor_usage":[24],"damage_taken":[{"damage":0.0,"enemies":"Small Slimes","floor":1.0,"turns":1.0},{"damage":0.0,"enemies":"Gremlin Nob","floor":6.0,"turns":1.0},{"damage":0.0,"enemies":"Lagavulin","floor":8.0,"turns":1.0},{"damage":2.0,"enemies":"Jaw Worm","floor":10.0,"turns":4.0},{"damage":13.0,"enemies":"Gremlin Nob","floor":11.0,"turns":4.0},{"damage":0.0,"enemies":"2 Louse","floor":14.0,"turns":2.0},{"damage":12.0,"enemies":"The Guardian","floor":16.0,"turns":8.0},{"damage":16.0,"enemies":"2 Thieves","floor":18.0,"turns":4.0},{"damage":16.0,"enemies":"Colosseum Slavers","floor":19.0,"turns":3.0},{"damage":2.0,"enemies":"Chosen","floor":21.0,"turns":4.0},{"damage":23,"enemies":"Book of Stabbing","floor":24,"turns":5},{"damage":12,"enemies":"Shelled Parasite and Fungi","floor":25,"turns":4},{"damage":5,"enemies":"Slavers","floor":27,"turns":2}],"seed_played":"-2164031876342421099","potions_obtained":[{"floor":10.0,"key":"SkillPotion"},{"floor":11.0,"key":"Strength Potion"},{"floor":14.0,"key":"Weak Potion"}],"is_trial":false,"path_per_floor":["M","$","?","T","$","E","?","E","T","M","E","?","R","M","R","B",null,"M","?","?","M","$","R","E","M","T","E"],"character_chosen":"THE_SILENT","items_purchased":["Noxious Fumes","Blur","Whetstone"],"campfire_rested":0,"item_purchase_floors":[2,22,22],"current_hp_per_floor":[59,59,59,59,59,59,59,61,61,61,50,50,50,52,52,42,60,46,32,32,32,32,32,11,1,1,0],"gold":109,"neow_bonus":"THREE_ENEMY_KILL","is_prod":false,"is_daily":false,"chose_seed":false,"campfire_upgraded":3,"win_rate":0,"timestamp":1545281270,"path_taken":["M","$","?","?","$","E","?","E","T","M","E","?","R","M","R","BOSS","M","?","?","M","$","R","E","M","T","E"],"build_version":"2018-12-17","purchased_purges":1,"victory":false,"max_hp_per_floor":[66,66,66,66,66,66,66,66,66,66,66,66,66,66,66,66,66,66,66,66,66,66,66,66,66,66,66],"card_choices":[{"not_picked":["Quick Slash","Underhanded Strike"],"picked":"Blur","floor":1.0},{"not_picked":["Dagger Spray","Bane"],"picked":"Skewer","floor":6.0},{"not_picked":["Backflip","Infinite Blades"],"picked":"Bane","floor":8.0},{"not_picked":["Cloak And Dagger","Dodge and Roll"],"picked":"Dagger Spray","floor":10.0},{"not_picked":["Prepared","Expertise"],"picked":"Poisoned Stab","floor":11.0},{"not_picked":["Flying Knee","Underhanded Strike"],"picked":"Poisoned Stab","floor":14.0},{"not_picked":["Burst","Phantasmal Killer"],"picked":"Adrenaline","floor":16.0},{"not_picked":["Calculated Gamble+1","Backflip"],"picked":"Leg Sweep","floor":18.0},{"not_picked":["Deadly Poison+1","Acrobatics"],"picked":"Crippling Poison","floor":21.0},{"not_picked":["Cloak And Dagger","Prepared"],"picked":"PiercingWail","floor":24},{"not_picked":["Terror","Underhanded Strike+1"],"picked":"Dodge and Roll","floor":25}],"player_experience":648160,"relics_obtained":[{"floor":4.0,"key":"Paper Crane"},{"floor":6.0,"key":"Orichalcum"},{"floor":8.0,"key":"Bag of Preparation"},{"floor":9.0,"key":"Smiling Mask"},{"floor":11.0,"key":"Snake Skull"},{"floor":24,"key":"Art of War"},{"floor":26,"key":"Omamori"}],"event_choices":[{"damage_healed":0.0,"max_hp_gain":0.0,"max_hp_loss":0.0,"gold_gain":0.0,"event_name":"The Cleric","player_choice":"Leave","floor":3.0,"gold_loss":0.0,"damage_taken":0.0},{"damage_healed":0.0,"max_hp_gain":0.0,"max_hp_loss":0.0,"gold_gain":0.0,"event_name":"Dead Adventurer","player_choice":"Searched \u00271\u0027 times","floor":7.0,"gold_loss":0.0,"damage_taken":0.0,"relics_obtained":["Blood Vial"]},{"damage_healed":0.0,"max_hp_gain":0.0,"max_hp_loss":0.0,"gold_gain":50.0,"event_name":"Golden Shrine","player_choice":"Pray","floor":12.0,"gold_loss":0.0,"damage_taken":0.0},{"damage_healed":0.0,"max_hp_gain":0.0,"max_hp_loss":0.0,"gold_gain":0.0,"event_name":"Colosseum","player_choice":"Fight","floor":19.0,"gold_loss":0.0,"damage_taken":0.0},{"damage_healed":0.0,"max_hp_gain":0.0,"max_hp_loss":0.0,"gold_gain":0.0,"event_name":"Colosseum","player_choice":"Fled From Nobs","floor":19.0,"gold_loss":0.0,"damage_taken":0.0},{"damage_healed":0.0,"max_hp_gain":0.0,"max_hp_loss":0.0,"gold_gain":0.0,"event_name":"The Mausoleum","player_choice":"Opened","floor":20.0,"gold_loss":0.0,"damage_taken":0.0,"relics_obtained":["Anchor"],"cards_obtained":["Writhe"]}],"is_beta":true,"boss_relics":[{"not_picked":["Calling Bell","Runic Pyramid"],"picked":"Sozu"}],"items_purged_floors":[22],"is_endless":false,"potions_floor_spawned":[10,11,14,21,25],"killed_by":"Slavers","ascension_level":18}