{"gold_per_floor":[114,129,129,149,174,217,182,357,357,357,391,412,412,432,432,432],"floor_reached":16,"playtime":701,"items_purged":[],"score":112,"play_id":"88b02557-617f-41ce-91c7-69be541dcc91","local_time":"20190123182754","is_ascension_mode":false,"campfire_choices":[{"data":"White Noise","floor":10.0,"key":"SMITH"},{"floor":13,"key":"REST"},{"data":"Chaos","floor":15,"key":"SMITH"}],"neow_cost":"NONE","seed_source_timestamp":254098999060020,"circlet_count":0,"master_deck":["Strike_B","Strike_B","Strike_B","Strike_B","Defend_B","Defend_B","Defend_B","Defend_B","Zap","Dualcast","Darkness","White Noise+1","Injury","Chill","Cold Snap","Doubt","Chaos+1","BootSequence"],"special_seed":0,"relics":["Cracked Core","Golden Idol","Blood Vial","Regal Pillow","Darkstone Periapt"],"potions_floor_usage":[14,14],"damage_taken":[{"damage":6.0,"enemies":"Jaw Worm","floor":1.0,"turns":3.0},{"damage":1.0,"enemies":"2 Louse","floor":2.0,"turns":3.0},{"damage":7.0,"enemies":"Small Slimes","floor":4.0,"turns":4.0},{"damage":0.0,"enemies":"Red Slaver","floor":5.0,"turns":4.0},{"damage":2.0,"enemies":"Lagavulin","floor":6.0,"turns":5.0},{"damage":17.0,"enemies":"Gremlin Nob","floor":11.0,"turns":5.0},{"damage":10,"enemies":"Blue Slaver","floor":12,"turns":4},{"damage":6,"enemies":"3 Louse","floor":14,"turns":3},{"damage":0,"enemies":"The Guardian","floor":16,"turns":2}],"seed_played":"3949503408490776802","potions_obtained":[{"floor":0.0,"key":"SneckoOil"},{"floor":0.0,"key":"PowerPotion"},{"floor":0.0,"key":"FearPotion"},{"floor":1.0,"key":"SkillPotion"},{"floor":6.0,"key":"LiquidBronze"},{"floor":12,"key":"GamblersBrew"}],"is_trial":false,"path_per_floor":["M","M","?","M","M","E","?","?","T","R","E","M","R","M","R","B"],"character_chosen":"DEFECT","items_purchased":[],"campfire_rested":1,"item_purchase_floors":[],"current_hp_per_floor":[69,68,68,61,61,59,75,75,75,75,58,50,75,69,69,71],"gold":432,"neow_bonus":"THREE_SMALL_POTIONS","is_prod":false,"is_daily":false,"chose_seed":false,"campfire_upgraded":2,"win_rate":0,"timestamp":1548260874,"path_taken":["M","M","?","M","M","E","?","?","T","R","E","M","R","?","R","BOSS"],"build_version":"2019-01-17v2","purchased_purges":0,"victory":false,"max_hp_per_floor":[75,75,75,75,75,75,75,75,75,75,75,75,75,75,75,75],"card_choices":[{"not_picked":["Chaos","Turbo"],"picked":"Darkness","floor":1.0},{"not_picked":["Beam Cell","Genetic Algorithm"],"picked":"White Noise","floor":2.0},{"not_picked":["Melter","Stack"],"picked":"Chill","floor":4.0},{"not_picked":["Coolheaded","Stack","All For One"],"picked":"SKIP","floor":5.0},{"not_picked":["Compile Driver","Skim"],"picked":"Cold Snap","floor":6.0},{"not_picked":["Leap","Scrape","Compile Driver"],"picked":"SKIP","floor":11.0},{"not_picked":["Genetic Algorithm","Undo"],"picked":"Chaos","floor":12},{"not_picked":["Gash","Tempest"],"picked":"BootSequence","floor":14}],"player_experience":917698,"relics_obtained":[{"floor":6.0,"key":"Blood Vial"},{"floor":9.0,"key":"Regal Pillow"},{"floor":11.0,"key":"Darkstone Periapt"}],"event_choices":[{"damage_healed":0.0,"max_hp_gain":0.0,"max_hp_loss":0.0,"gold_gain":0.0,"event_name":"Golden Idol","player_choice":"Take Wound","floor":3.0,"gold_loss":0.0,"damage_taken":0.0,"relics_obtained":["Golden Idol"],"cards_obtained":["Injury"]},{"damage_healed":18.0,"max_hp_gain":0.0,"max_hp_loss":0.0,"gold_gain":0.0,"event_name":"The Cleric","player_choice":"Healed","floor":7.0,"gold_loss":35.0,"damage_taken":0.0},{"damage_healed":0.0,"max_hp_gain":0.0,"max_hp_loss":0.0,"gold_gain":175.0,"event_name":"Liars Game","player_choice":"AGREE","floor":8.0,"gold_loss":0.0,"damage_taken":0.0,"cards_obtained":["Doubt"]}],"is_beta":false,"boss_relics":[],"items_purged_floors":[],"is_endless":false,"potions_floor_spawned":[1,4,6,12],"killed_by":"The Guardian","ascension_level":0}