{"gold_per_floor":[115,133,208,383,402,402,422,456,456,456,476,487,498,510,510,614,614,632,292,292,303,317,317],"floor_reached":23,"playtime":1244,"items_purged":["Doubt"],"score":256,"play_id":"8526e1ae-c112-4db0-b9ac-58fd16a1608f","local_time":"20180715131547","is_ascension_mode":true,"campfire_choices":[{"floor":6,"key":"REST"},{"floor":15,"key":"REST"}],"neow_cost":"NONE","seed_source_timestamp":0,"circlet_count":0,"master_deck":["Strike_B","Strike_B","Strike_B","Strike_B","Defend_B","Defend_B","Defend_B","Defend_B","Zap","Dualcast","Cold Snap","Static Discharge","Ball Lightning","Cold Snap","Auto Shields","Ball Lightning","Amplify","Hello World","Hello World","Buffer","Redo","Reprogram","Heatsinks","Chill"],"special_seed":17727,"relics":["Cracked Core","Happy Flower","Bottled Tornado","Sundial","Peace Pipe","Orrery","Art of War"],"potions_floor_usage":[8,12,13,16,16,16,16,21],"damage_taken":[{"damage":7,"enemies":"Small Slimes","floor":1,"turns":3},{"damage":5,"enemies":"Jaw Worm","floor":2,"turns":3},{"damage":0,"enemies":"2 Louse","floor":5,"turns":2},{"damage":0,"enemies":"Large Slime","floor":7,"turns":5},{"damage":16,"enemies":"Gremlin Nob","floor":8,"turns":3},{"damage":12,"enemies":"2 Fungi Beasts","floor":11,"turns":3},{"damage":5,"enemies":"Gremlin Gang","floor":12,"turns":4},{"damage":6,"enemies":"Exordium Thugs","floor":13,"turns":3},{"damage":16,"enemies":"Lots of Slimes","floor":14,"turns":3},{"damage":17,"enemies":"Hexaghost","floor":16,"turns":7},{"damage":24,"enemies":"Shell Parasite","floor":18,"turns":7},{"damage":8,"enemies":"Chosen","floor":21,"turns":4},{"damage":3,"enemies":"Snecko","floor":22,"turns":6},{"damage":38,"enemies":"Slavers","floor":23,"turns":3}],"seed_played":"-3267651053854438972","potions_obtained":[{"floor":1,"key":"Swift Potion"},{"floor":11,"key":"Fire Potion"},{"floor":12,"key":"FocusPotion"},{"floor":13,"key":"FearPotion"},{"floor":14,"key":"EntropicBrew"}],"is_trial":false,"path_per_floor":["M","M","?","?","M","R","M","E","T","?","M","M","M","M","R","B",null,"M","$","?","M","M"],"character_chosen":"DEFECT","items_purchased":["PowerPotion","Heatsinks","Art of War"],"campfire_rested":2,"item_purchase_floors":[19,19,19],"current_hp_per_floor":[61,56,45,45,45,67,67,51,51,51,39,34,28,12,34,17,61,37,37,37,29,26,0],"gold":317,"neow_bonus":"RANDOM_COMMON_RELIC","is_prod":false,"is_daily":false,"chose_seed":false,"campfire_upgraded":0,"win_rate":0,"timestamp":1531649747,"path_taken":["M","M","?","?","M","R","M","E","T","?","M","?","M","?","R","BOSS","M","$","?","M","M","E"],"build_version":"2018-07-12","purchased_purges":1,"victory":false,"max_hp_per_floor":[75,75,75,75,75,75,75,75,75,75,75,75,75,75,75,75,75,75,75,75,75,75,75],"card_choices":[{"not_picked":["Scrape","BootSequence"],"picked":"Cold Snap","floor":1},{"not_picked":["Conserve Battery","Glacier"],"picked":"Static Discharge","floor":2},{"not_picked":["Sweeping Beam","Scrape","Aggregate"],"picked":"SKIP","floor":5},{"not_picked":["Redo","Leap"],"picked":"Ball Lightning","floor":7},{"not_picked":["Steam","Go for the Eyes","Conserve Battery"],"picked":"SKIP","floor":8},{"not_picked":["Rebound","Seek"],"picked":"Cold Snap","floor":11},{"not_picked":["Rebound","Sweeping Beam"],"picked":"Auto Shields","floor":12},{"not_picked":["Recycle","Beam Cell"],"picked":"Ball Lightning","floor":13},{"not_picked":["Leap","Tempest","Go for the Eyes"],"picked":"SKIP","floor":14},{"not_picked":["Thunder Strike","Seek"],"picked":"Amplify","floor":16},{"not_picked":["Hologram","Compile Driver"],"picked":"Hello World","floor":17},{"not_picked":["Turbo","Rebound"],"picked":"Hello World","floor":17},{"not_picked":["Conserve Battery","Chaos"],"picked":"Buffer","floor":17},{"not_picked":["Recycle","Streamline"],"picked":"Redo","floor":17},{"not_picked":["Go for the Eyes+1","Steam"],"picked":"Reprogram","floor":18},{"not_picked":["Coolheaded","Gash"],"picked":"Chill","floor":21},{"not_picked":["Lockon","Rebound","Compile Driver"],"picked":"SKIP","floor":22}],"player_experience":580763,"relics_obtained":[{"floor":8,"key":"Bottled Tornado"},{"floor":9,"key":"Sundial"}],"event_choices":[{"event_name":"World of Goop","player_choice":"Gather Gold","floor":3,"damage_taken":0},{"event_name":"Liars Game","player_choice":"agreed","floor":4,"damage_taken":0},{"event_name":"Dead Adventurer","player_choice":"Searched \u00272\u0027 times","floor":10,"damage_taken":0},{"event_name":"Ghosts","player_choice":"Ignored","floor":20,"damage_taken":0}],"boss_relics":[{"not_picked":["Runic Pyramid","Velvet Choker"],"picked":"Orrery"}],"items_purged_floors":[19],"is_endless":false,"potions_floor_spawned":[1,11,12,13,14],"killed_by":"Slavers","ascension_level":6}