{"gold_per_floor":[113,113,132,132,150,150,178,253,253,253,273,298,317,317,317,419,449,466,480,39,59,72,103,103,103,149,178,178,178,205,221,221,317,317,337,337,348,0,12,42,42,52,78,78,41,59,88,88,88,88],"floor_reached":51,"playtime":3924,"items_purged":[],"score":963,"play_id":"c58b988d-bace-4ff7-9e27-8940220952f3","local_time":"20180624160230","is_ascension_mode":true,"campfire_choices":[{"floor":6.0,"key":"REST"},{"floor":10.0,"key":"REST"},{"floor":15.0,"key":"REST"},{"floor":24.0,"key":"REST"},{"floor":29.0,"key":"REST"},{"floor":32.0,"key":"REST"},{"floor":41,"key":"REST"},{"floor":44,"key":"REST"},{"floor":49,"key":"REST"}],"neow_cost":"","seed_source_timestamp":0,"circlet_count":0,"master_deck":["Strike_B","Strike_B","Strike_B","Strike_B","Defend_B+1","Defend_B","Defend_B","Zap","Dualcast","Rebound","Genetic Algorithm+1","Rebound","Go for the Eyes+1","Streamline","Hologram","Gash+1","Echo Form","Sunder+1","Gash","Mind Blast","Rebound","Rebound","Hologram","Rebound+1","Steam","Buffer","Steam+1","Hologram","Secret Technique","Streamline+1","Redo+1","Redo+1","FTL+1","Gash+1"],"special_seed":0,"relics":["Cracked Core","Shuriken","Blue Candle","Cables","Tiny House","Incense Burner","Juzu Bracelet","DataDisk","Torii","Ornamental Fan","Molten Egg 2","Nuclear Battery","Kunai","Orichalcum","Pen Nib","Dead Branch"],"potions_floor_usage":[35,37,40,46,50],"damage_taken":[{"damage":2.0,"enemies":"Jaw Worm","floor":1.0,"turns":3.0},{"damage":0.0,"enemies":"Small Slimes","floor":3.0,"turns":2.0},{"damage":1.0,"enemies":"Cultist","floor":5.0,"turns":3.0},{"damage":18.0,"enemies":"Gremlin Nob","floor":7.0,"turns":5.0},{"damage":0.0,"enemies":"Large Slime","floor":11.0,"turns":3.0},{"damage":9.0,"enemies":"3 Sentries","floor":12.0,"turns":6.0},{"damage":6.0,"enemies":"Blue Slaver","floor":13.0,"turns":3.0},{"damage":38.0,"enemies":"Hexaghost","floor":16.0,"turns":7.0},{"damage":23.0,"enemies":"Chosen","floor":18.0,"turns":5.0},{"damage":23.0,"enemies":"Spheric Guardian","floor":19.0,"turns":4.0},{"damage":2.0,"enemies":"Snecko","floor":21.0,"turns":4.0},{"damage":5.0,"enemies":"3 Cultists","floor":22.0,"turns":4.0},{"damage":7.0,"enemies":"Slavers","floor":23.0,"turns":4.0},{"damage":35.0,"enemies":"Gremlin Leader","floor":27.0,"turns":6.0},{"damage":22.0,"enemies":"Slavers","floor":30.0,"turns":5.0},{"damage":15.0,"enemies":"Chosen and Byrds","floor":31.0,"turns":4.0},{"damage":34.0,"enemies":"Champ","floor":33.0,"turns":8.0},{"damage":20,"enemies":"3 Darklings","floor":35,"turns":3},{"damage":0,"enemies":"3 Shapes","floor":37,"turns":2},{"damage":0,"enemies":"Maw","floor":39,"turns":6},{"damage":46,"enemies":"2 Orb Walkers","floor":40,"turns":5},{"damage":0,"enemies":"4 Shapes","floor":42,"turns":3},{"damage":20,"enemies":"3 Darklings","floor":46,"turns":3},{"damage":0,"enemies":"Nemesis","floor":47,"turns":7},{"damage":75,"enemies":"Donu and Deca","floor":50,"turns":8}],"seed_played":"1820329095597571286","potions_obtained":[{"floor":1.0,"key":"EntropicBrew"},{"floor":5.0,"key":"EssenceOfSteel"},{"floor":11.0,"key":"FocusPotion"},{"floor":17.0,"key":"FairyPotion"},{"floor":18.0,"key":"Regen Potion"},{"floor":22.0,"key":"Regen Potion"},{"floor":31.0,"key":"PowerPotion"},{"floor":33.0,"key":"SneckoOil"},{"floor":35,"key":"Block Potion"},{"floor":42,"key":"PowerPotion"},{"floor":46,"key":"Explosive Potion"},{"floor":47,"key":"Ancient Potion"}],"is_trial":false,"path_per_floor":["M","?","M","?","M","R","E","?","T","R","M","E","M","?","R","B",null,"M","M","$","M","M","E","R","?","T","E","T","R","E","M","R","B",null,"M","?","M","$","M","E","R","M","T","R","$","M","E","T","R","B"],"character_chosen":"DEFECT","items_purchased":["Incense Burner","Mind Blast","Fire Potion","Hologram","Secret Technique","Streamline+1","Regen Potion","FTL+1"],"campfire_rested":9,"item_purchase_floors":[],"current_hp_per_floor":[73,66,66,51,50,72,54,43,43,65,65,56,50,50,72,34,70,47,36,36,34,29,34,58,58,58,23,23,47,25,10,34,8,62,42,80,80,80,80,43,67,67,67,80,80,67,67,67,80,5],"gold":88,"neow_bonus":"","is_prod":false,"is_daily":false,"chose_seed":false,"campfire_upgraded":0,"win_rate":0,"timestamp":1529845350,"path_taken":["M","?","M","?","M","R","E","?","T","R","?","E","M","?","R","BOSS","M","M","$","M","?","E","R","?","T","E","?","R","E","M","R","BOSS","M","?","M","$","M","E","R","M","T","R","$","M","E","?","R","BOSS"],"build_version":"2018-06-21v2","purchased_purges":0,"victory":true,"max_hp_per_floor":[75,75,75,75,75,75,75,75,75,75,75,75,75,75,75,75,80,80,80,80,80,80,80,80,80,80,80,80,80,80,80,80,80,80,80,80,80,80,80,80,80,80,80,80,80,80,80,80,80,80],"card_choices":[{"not_picked":["Compile Driver","Force Field"],"picked":"Rebound","floor":0.0},{"not_picked":["Redo","Barrage"],"picked":"Genetic Algorithm","floor":1.0},{"not_picked":["Reinforced Body","Reprogram"],"picked":"Rebound","floor":3.0},{"not_picked":["Cold Snap","Stack"],"picked":"Go for the Eyes","floor":5.0},{"not_picked":["Steam Power","Cold Snap"],"picked":"Streamline","floor":7.0},{"not_picked":["Leap","Loop"],"picked":"Hologram","floor":11.0},{"not_picked":["Barrage","Redo"],"picked":"Gash","floor":12.0},{"not_picked":["Glacier","Stack","Redo"],"picked":"SKIP","floor":13.0},{"not_picked":["All For One","Hyperbeam"],"picked":"Echo Form","floor":16.0},{"not_picked":["Doom and Gloom","Tempest"],"picked":"Sunder","floor":17.0},{"not_picked":["Sweeping Beam","Auto Shields+1"],"picked":"Gash","floor":18.0},{"not_picked":["Lockon","Conserve Battery","Leap"],"picked":"SKIP","floor":19.0},{"not_picked":["Undo+1","Compile Driver"],"picked":"Rebound","floor":21.0},{"not_picked":["Storm","Coolheaded+1"],"picked":"Rebound","floor":22.0},{"not_picked":["Multi-Cast","Darkness+1"],"picked":"Hologram","floor":23.0},{"not_picked":["Reinforced Body","Rip and Tear+1"],"picked":"Rebound+1","floor":27.0},{"not_picked":["Scrape","Darkness","Redo"],"picked":"SKIP","floor":30.0},{"not_picked":["Rebound+1","Auto Shields"],"picked":"Steam","floor":31.0},{"not_picked":["Biased Cognition","Thunder Strike+1"],"picked":"Buffer","floor":33.0},{"not_picked":["Turbo+1","Leap"],"picked":"Static Discharge","floor":35},{"not_picked":["Static Discharge","Conserve Battery"],"picked":"Steam+1","floor":37},{"not_picked":["Tempest","Consume"],"picked":"Redo+1","floor":39},{"not_picked":["Barrage+1","Stack","Cold Snap+1"],"picked":"SKIP","floor":40},{"not_picked":["Auto Shields+1","All For One+1"],"picked":"Redo+1","floor":42},{"not_picked":["Stack+1","Rebound+1"],"picked":"Gash+1","floor":46},{"not_picked":["Heatsinks","Barrage+1","Coolheaded"],"picked":"SKIP","floor":47}],"player_experience":511506,"relics_obtained":[{"floor":7.0,"key":"Shuriken"},{"floor":9.0,"key":"Blue Candle"},{"floor":12.0,"key":"Cables"},{"floor":23.0,"key":"Juzu Bracelet"},{"floor":26.0,"key":"DataDisk"},{"floor":27.0,"key":"Torii"},{"floor":28.0,"key":"Ornamental Fan"},{"floor":30.0,"key":"Molten Egg 2"},{"floor":40,"key":"Kunai"},{"floor":43,"key":"Orichalcum"},{"floor":47,"key":"Pen Nib"},{"floor":48,"key":"Dead Branch"}],"event_choices":[{"event_name":"Golden Wing","player_choice":"Card Removal","floor":2.0,"damage_taken":0.0},{"event_name":"Shining Light","player_choice":"Entered Light","floor":4.0,"damage_taken":0.0},{"event_name":"World of Goop","player_choice":"Gather Gold","floor":8.0,"damage_taken":0.0},{"event_name":"Accursed Blacksmith","player_choice":"Forge","floor":14.0,"damage_taken":0.0},{"event_name":"Upgrade Shrine","player_choice":"Upgraded","floor":25.0,"damage_taken":0.0},{"event_name":"Bonfire Elementals","player_choice":"UNCOMMON","floor":36,"damage_taken":0}],"boss_relics":[{"not_picked":["Philosopher\u0027s Stone","Busted Crown"],"picked":"Tiny House"},{"not_picked":["Astrolabe","Cursed Key"],"picked":"Nuclear Battery"}],"items_purged_floors":[],"is_endless":false,"potions_floor_spawned":[1,5,11,18,22,31,33,35,42,46,47],"ascension_level":5}