{"gold_per_floor":[118,37,37,37,37,72,72,106,106,106,119,133,133,169,169,262,262,287,287,287,26,40,40,76,76,126,150,150,169,209,222,222,315,315,334,352,40,40,55,91,91,91,91,132,153,191,191,191,191,191,191,191,191,7,43,43],"floor_reached":57,"playtime":2365,"items_purged":["Strike_R","Bash"],"score":3188,"play_id":"fad24954-f764-4701-b699-62c3c284ec52","local_time":"20190322180005","is_ascension_mode":true,"campfire_choices":[{"data":"Juggernaut","floor":7,"key":"SMITH"},{"data":"Pommel Strike","floor":13,"key":"SMITH"},{"data":"Rage","floor":15,"key":"SMITH"},{"floor":23,"key":"RECALL"},{"floor":28,"key":"REST"},{"floor":32,"key":"REST"},{"floor":42,"key":"REST"},{"floor":47,"key":"REST"},{"floor":49,"key":"REST"},{"floor":53,"key":"REST"}],"neow_cost":"NONE","seed_source_timestamp":254985428429100,"circlet_count":0,"master_deck":["AscendersBane","Defend_R","Defend_R","Defend_R","Evolve","Juggernaut+1","Rage+1","Pommel Strike+1","Barricade","Ghostly","Ghostly","Ghostly","Apotheosis","Shrug It Off","True Grit","Armaments+1","Offering","Impervious+1","Offering+1","Feel No Pain+1","Second Wind","Seeing Red","Body Slam","Burning Pact","Warcry+1","Barricade","Disarm"],"relics":["Burning Blood","NeowsBlessing","Golden Idol","Omamori","Art of War","Gremlin Horn","Mercury Hourglass","Sundial","Potion Belt","Fusion Hammer","WarpedTongs","Torii","Astrolabe","Medical Kit","Centennial Puzzle","Self Forming Clay","Strawberry","Oddly Smooth Stone","Letter Opener","Bird Faced Urn"],"potions_floor_usage":[14,24,27,30,31,31,31,55,56,56,56],"damage_taken":[{"damage":0,"enemies":"Small Slimes","floor":1,"turns":1},{"damage":0,"enemies":"Lagavulin","floor":6,"turns":1},{"damage":0,"enemies":"3 Sentries","floor":8,"turns":2},{"damage":9,"enemies":"Jaw Worm","floor":11,"turns":4},{"damage":0,"enemies":"2 Louse","floor":12,"turns":2},{"damage":32,"enemies":"Gremlin Nob","floor":14,"turns":4},{"damage":14,"enemies":"The Guardian","floor":16,"turns":9},{"damage":27,"enemies":"Spheric Guardian","floor":18,"turns":5},{"damage":1,"enemies":"Shell Parasite","floor":22,"turns":7},{"damage":5,"enemies":"Gremlin Leader","floor":24,"turns":6},{"damage":0,"enemies":"3 Cultists","floor":27,"turns":5},{"damage":1,"enemies":"Cultist and Chosen","floor":29,"turns":8},{"damage":36,"enemies":"Slavers","floor":30,"turns":8},{"damage":0,"enemies":"Chosen and Byrds","floor":31,"turns":6},{"damage":1,"enemies":"Automaton","floor":33,"turns":15},{"damage":6,"enemies":"3 Shapes","floor":35,"turns":4},{"damage":10,"enemies":"Orb Walker","floor":36,"turns":4},{"damage":6,"enemies":"Maw","floor":39,"turns":6},{"damage":6,"enemies":"Nemesis","floor":40,"turns":5},{"damage":15,"enemies":"Giant Head","floor":44,"turns":4},{"damage":1,"enemies":"Sphere and 2 Shapes","floor":45,"turns":6},{"damage":1,"enemies":"Reptomancer","floor":46,"turns":4},{"damage":2,"enemies":"Donu and Deca","floor":50,"turns":5},{"damage":2,"enemies":"Awakened One","floor":51,"turns":5},{"damage":32,"enemies":"Shield and Spear","floor":55,"turns":5},{"damage":13,"enemies":"The Heart","floor":56,"turns":7}],"seed_played":"1020088875051435494","potions_obtained":[{"floor":1,"key":"LiquidBronze"},{"floor":6,"key":"BloodPotion"},{"floor":14,"key":"Poison Potion"},{"floor":16,"key":"AttackPotion"},{"floor":18,"key":"PowerPotion"},{"floor":29,"key":"BloodPotion"},{"floor":30,"key":"LiquidBronze"},{"floor":31,"key":"Fruit Juice"},{"floor":33,"key":"Explosive Potion"},{"floor":40,"key":"Swift Potion"},{"floor":45,"key":"LiquidBronze"},{"floor":46,"key":"Dexterity Potion"}],"is_trial":false,"path_per_floor":["M","$","?","?","?","E","R","E","T","?","M","M","R","E","R","B",null,"M","?","?","$","M","R","E","$","T","M","R","M","E","M","R","B",null,"M","M","$","?","M","E","T","R","T","E","M","E","R","?","R","B","B",null,"R","$","E","B",null],"character_chosen":"IRONCLAD","items_purchased":["Evolve","Apotheosis","Medical Kit","Body Slam","Burning Pact","LiquidBronze"],"campfire_rested":6,"item_purchase_floors":[2,21,37,37,37,54],"current_hp_per_floor":[74,74,74,48,37,43,43,49,49,49,46,52,52,33,33,25,63,42,37,37,37,37,37,37,37,37,37,37,37,10,21,33,38,41,41,37,37,37,37,37,37,42,49,40,45,49,49,49,49,49,49,49,49,49,23,24],"gold":43,"neow_bonus":"THREE_ENEMY_KILL","is_prod":false,"is_daily":false,"chose_seed":false,"campfire_upgraded":3,"win_rate":0,"timestamp":1553245205,"path_taken":["M","$","?","?","?","E","R","E","T","?","M","M","R","E","R","BOSS","M","?","?","$","?","R","E","$","T","M","R","?","E","M","R","BOSS","M","?","?","?","M","E","?","R","T","E","?","E","R","?","R","BOSS","BOSS","R","$","E","BOSS"],"build_version":"2019-01-23","purchased_purges":2,"victory":true,"max_hp_per_floor":[75,75,75,75,75,75,75,75,75,75,75,75,75,75,75,75,75,75,37,37,37,37,37,37,37,37,37,37,37,37,42,42,42,42,42,42,42,42,42,42,42,42,49,49,49,49,49,49,49,49,49,49,49,49,49,49],"card_choices":[{"not_picked":["Flex","Pommel Strike","Iron Wave"],"picked":"SKIP","floor":1},{"not_picked":["Body Slam","Iron Wave"],"picked":"Juggernaut","floor":6},{"not_picked":["Cleave","Anger","Rupture"],"picked":"SKIP","floor":8},{"not_picked":["Exhume","Body Slam"],"picked":"Rage","floor":11},{"not_picked":["Iron Wave","Anger"],"picked":"Pommel Strike","floor":12},{"not_picked":["Iron Wave","Sever Soul","Wild Strike"],"picked":"SKIP","floor":14},{"not_picked":["Exhume","Offering"],"picked":"Barricade","floor":16},{"not_picked":["Sever Soul+1","Clothesline","Perfected Strike"],"picked":"SKIP","floor":18},{"not_picked":["Intimidate","Armaments+1","Headbutt"],"picked":"SKIP","floor":22},{"not_picked":["Berserk","Cleave","Thunderclap"],"picked":"SKIP","floor":24},{"not_picked":["Clothesline","Armaments"],"picked":"Shrug It Off","floor":27},{"not_picked":["Heavy Blade","Cleave"],"picked":"True Grit","floor":29},{"not_picked":["Carnage+1","Heavy Blade"],"picked":"Armaments+1","floor":30},{"not_picked":["Clash","Iron Wave","Warcry"],"picked":"SKIP","floor":31},{"not_picked":["Feed","Demon Form"],"picked":"Offering","floor":33},{"not_picked":["Shrug It Off","Twin Strike"],"picked":"Second Wind","floor":35},{"not_picked":["Flex","Bloodletting"],"picked":"Seeing Red","floor":36},{"not_picked":["Flame Barrier","Wild Strike","Flex"],"picked":"SKIP","floor":39},{"not_picked":["True Grit","Wild Strike"],"picked":"Warcry+1","floor":40},{"not_picked":["Flex","Pummel","Sever Soul"],"picked":"SKIP","floor":44},{"not_picked":["Searing Blow+1","Headbutt"],"picked":"Barricade","floor":45},{"not_picked":["True Grit","Sword Boomerang","Uppercut"],"picked":"SKIP","floor":46},{"not_picked":["True Grit","Flex"],"picked":"Disarm","floor":55}],"player_experience":2468422,"relics_obtained":[{"floor":6,"key":"Art of War"},{"floor":8,"key":"Gremlin Horn"},{"floor":9,"key":"Mercury Hourglass"},{"floor":14,"key":"Potion Belt"},{"floor":24,"key":"Torii"},{"floor":40,"key":"Centennial Puzzle"},{"floor":41,"key":"Self Forming Clay"},{"floor":43,"key":"Strawberry"},{"floor":44,"key":"Oddly Smooth Stone"},{"floor":46,"key":"Letter Opener"},{"floor":55,"key":"Bird Faced Urn"}],"event_choices":[{"cards_removed":["Strike_R"],"damage_healed":0,"gold_gain":0,"player_choice":"Forget","damage_taken":0,"max_hp_gain":0,"max_hp_loss":0,"event_name":"Living Wall","floor":3,"gold_loss":0},{"damage_healed":0,"gold_gain":0,"player_choice":"Take Damage","damage_taken":26,"relics_obtained":["Golden Idol"],"max_hp_gain":0,"max_hp_loss":0,"event_name":"Golden Idol","floor":4,"gold_loss":0},{"damage_healed":0,"gold_gain":0,"player_choice":"Success","damage_taken":11,"relics_obtained":["Omamori"],"max_hp_gain":0,"max_hp_loss":0,"event_name":"Scrap Ooze","floor":5,"gold_loss":0},{"damage_healed":0,"gold_gain":0,"player_choice":"Box","damage_taken":0,"relics_obtained":["Sundial"],"max_hp_gain":0,"max_hp_loss":0,"event_name":"Big Fish","floor":10,"gold_loss":0,"cards_obtained":["Regret"]},{"damage_healed":0,"gold_gain":0,"player_choice":"Became a Ghost","damage_taken":0,"max_hp_gain":0,"max_hp_loss":38,"event_name":"Ghosts","floor":19,"gold_loss":0,"cards_obtained":["Ghostly","Ghostly","Ghostly"]},{"damage_healed":0,"gold_gain":0,"player_choice":"Rummage","damage_taken":0,"relics_obtained":["WarpedTongs"],"max_hp_gain":0,"max_hp_loss":0,"event_name":"Accursed Blacksmith","floor":20,"gold_loss":0,"cards_obtained":["Pain"]},{"cards_removed":["Strike_R"],"damage_healed":0,"gold_gain":0,"player_choice":"Removed Attack","damage_taken":0,"max_hp_gain":0,"max_hp_loss":0,"event_name":"Falling","floor":38,"gold_loss":0},{"damage_healed":0,"gold_gain":0,"player_choice":"Ignored","damage_taken":0,"max_hp_gain":0,"max_hp_loss":0,"event_name":"Tomb of Lord Red Mask","floor":48,"gold_loss":0}],"is_beta":false,"boss_relics":[{"not_picked":["Busted Crown","Coffee Dripper"],"picked":"Fusion Hammer"},{"not_picked":["Eternal Feather","White Beast Statue"],"picked":"Astrolabe"}],"items_purged_floors":[21,54],"is_endless":false,"potions_floor_spawned":[1,6,14,16,18,29,30,31,33,40,45,46],"ascension_level":20}