{"gold_per_floor":[119,62,62,77,77,109,109,135,172,218,155,187,199,211,223,311,323,355,381,405,436,468,480,509,521,533,545],"floor_reached":27,"playtime":786,"items_purged":[],"score":541,"play_id":"578b69bb-0d43-4838-9752-332a14ae1cac","local_time":"20190220171057","is_ascension_mode":true,"campfire_choices":[{"data":"Beam Cell","floor":7,"key":"SMITH"},{"data":"Zap","floor":13,"key":"SMITH"},{"data":"Dualcast","floor":15,"key":"SMITH"},{"floor":23,"key":"REST"},{"floor":25,"key":"REST"}],"neow_cost":"NONE","seed_source_timestamp":18864420519500,"circlet_count":0,"master_deck":["AscendersBane","Strike_B","Strike_B","Strike_B","Strike_B","Defend_B","Defend_B","Zap+1","Dualcast+1","Beam Cell+1","Cold Snap","Cold Snap","Electrodynamics","Chill","Cold Snap","Consume","Leap+1","Coolheaded","Cold Snap"],"relics":["Cracked Core","NeowsBlessing","PreservedInsect","Orichalcum","MawBank","Lantern","Boot","Sozu","Darkstone Periapt"],"potions_floor_usage":[16,16],"damage_taken":[{"damage":0,"enemies":"2 Louse","floor":1,"turns":1},{"damage":0,"enemies":"Small Slimes","floor":4,"turns":1},{"damage":0,"enemies":"Lagavulin","floor":6,"turns":1},{"damage":5,"enemies":"3 Sentries","floor":8,"turns":8},{"damage":17,"enemies":"Lagavulin","floor":10,"turns":7},{"damage":0,"enemies":"Cultist","floor":12,"turns":2},{"damage":8,"enemies":"Slime Boss","floor":16,"turns":6},{"damage":4,"enemies":"3 Byrds","floor":18,"turns":3},{"damage":19,"enemies":"Shell Parasite","floor":19,"turns":4},{"damage":16,"enemies":"Snecko","floor":20,"turns":6},{"damage":4,"enemies":"Sentry and Sphere","floor":21,"turns":4},{"damage":16,"enemies":"Snake Plant","floor":22,"turns":4},{"damage":17,"enemies":"Cultist and Chosen","floor":24,"turns":7},{"damage":20,"enemies":"Slavers","floor":27,"turns":3}],"seed_played":"-579623097801502294","potions_obtained":[{"floor":4,"key":"PowerPotion"}],"is_trial":false,"path_per_floor":["M","$","?","M","?","E","R","E","T","E","?","M","R","?","R","B",null,"M","M","M","M","M","R","M","R","T","E"],"character_chosen":"DEFECT","items_purchased":["Fire Potion"],"campfire_rested":2,"item_purchase_floors":[2],"current_hp_per_floor":[64,64,64,64,64,64,64,59,59,42,42,42,42,42,42,34,62,58,39,23,19,3,24,7,28,28,8],"gold":545,"neow_bonus":"THREE_ENEMY_KILL","is_prod":false,"is_daily":false,"chose_seed":false,"campfire_upgraded":3,"win_rate":0,"timestamp":1550650257,"path_taken":["M","$","?","M","?","E","R","E","T","E","?","M","R","?","R","BOSS","M","M","M","M","M","R","M","R","T","E"],"build_version":"2019-01-23","purchased_purges":0,"victory":false,"max_hp_per_floor":[71,71,71,71,71,71,71,71,71,71,71,71,71,71,71,71,71,71,71,71,71,71,71,71,71,71,71],"card_choices":[{"not_picked":["Rebound","Redo","Skim"],"picked":"SKIP","floor":1},{"not_picked":["Recycle","Auto Shields"],"picked":"Beam Cell","floor":4},{"not_picked":["Hello World","Stack"],"picked":"Cold Snap","floor":6},{"not_picked":["Aggregate","Lockon","Barrage"],"picked":"SKIP","floor":8},{"not_picked":["Go for the Eyes","Scrape","Fusion"],"picked":"SKIP","floor":10},{"not_picked":["Steam","Amplify"],"picked":"Cold Snap","floor":12},{"not_picked":["Meteor Strike","Machine Learning"],"picked":"Electrodynamics","floor":16},{"not_picked":["Hologram","Steam Power"],"picked":"Chill","floor":18},{"not_picked":["Reinforced Body","Gash"],"picked":"Cold Snap","floor":19},{"not_picked":["Conserve Battery","Static Discharge"],"picked":"Consume","floor":20},{"not_picked":["Tempest","Barrage"],"picked":"Leap+1","floor":21},{"not_picked":["Storm","Go for the Eyes"],"picked":"Coolheaded","floor":22},{"not_picked":["Rip and Tear","Tempest"],"picked":"Cold Snap","floor":24}],"player_experience":1676401,"relics_obtained":[{"floor":6,"key":"Orichalcum"},{"floor":8,"key":"MawBank"},{"floor":9,"key":"Lantern"},{"floor":10,"key":"Boot"},{"floor":26,"key":"Darkstone Periapt"}],"event_choices":[{"damage_healed":0,"gold_gain":0,"player_choice":"Box","damage_taken":0,"relics_obtained":["PreservedInsect"],"max_hp_gain":0,"max_hp_loss":0,"event_name":"Big Fish","floor":3,"gold_loss":0,"cards_obtained":["Regret"]},{"cards_removed":["Regret"],"damage_healed":0,"gold_gain":0,"player_choice":"Forget","damage_taken":0,"max_hp_gain":0,"max_hp_loss":0,"event_name":"Living Wall","floor":5,"gold_loss":0},{"cards_removed":["Defend_B"],"damage_healed":0,"gold_gain":0,"player_choice":"Card Removal","damage_taken":0,"max_hp_gain":0,"max_hp_loss":0,"event_name":"The Cleric","floor":11,"gold_loss":75},{"cards_removed":["Defend_B"],"damage_healed":0,"gold_gain":0,"player_choice":"Offered Basic","damage_taken":0,"max_hp_gain":0,"max_hp_loss":0,"event_name":"Bonfire Elementals","floor":14,"gold_loss":0}],"is_beta":false,"boss_relics":[{"not_picked":["Velvet Choker","Fusion Hammer"],"picked":"Sozu"}],"items_purged_floors":[],"is_endless":false,"potions_floor_spawned":[4,8,18,20,21],"killed_by":"Slavers","ascension_level":20}