{"gold_per_floor":[110,126,51,1,15,15,43,43,43,70,84,84,134,145,145,245,245,263,279,378,395,395,395,41,41,41,41,41,2,17,27,27,129,129,140,0,0,15,15],"floor_reached":39,"playtime":2259,"items_purged":["Regret"],"score":494,"play_id":"7fc59085-e94b-4b8e-9cf6-287538f84964","local_time":"20180916201759","is_ascension_mode":true,"campfire_choices":[{"floor":6.0,"key":"DIG"},{"floor":8.0,"key":"REST"},{"floor":15.0,"key":"REST"},{"floor":23.0,"key":"REST"},{"floor":28,"key":"REST"},{"floor":32,"key":"REST"}],"neow_cost":"CURSE","seed_source_timestamp":0,"circlet_count":0,"master_deck":["Strike_B","Strike_B","Defend_B","Zap","Dualcast","Cold Snap","Coolheaded","Buffer","Conserve Battery","Defragment","Defragment","Ball Lightning","Ball Lightning","Fission+1","Hologram+1","Rebound+1","Machine Learning+1","Conserve Battery+1","Redo+1","Capacitor+1","Go for the Eyes+1","Hologram+1","Loop","Chaos+1","Chill+1","Cold Snap+1","Hello World+1","Blizzard+1","Seek+1","Barrage+1","Barrage","Glacier+1"],"special_seed":0,"relics":["Cracked Core","Shovel","Shuriken","Dream Catcher","Toxic Egg 2","Question Card","Smiling Mask","Astrolabe","Symbiotic Virus","Pear","Inserter","Red Mask","StoneCalendar"],"potions_floor_usage":[],"damage_taken":[{"damage":3.0,"enemies":"Cultist","floor":1.0,"turns":3.0},{"damage":9.0,"enemies":"Jaw Worm","floor":2.0,"turns":3.0},{"damage":1.0,"enemies":"Small Slimes","floor":5.0,"turns":2.0},{"damage":28.0,"enemies":"3 Sentries","floor":7.0,"turns":12.0},{"damage":30.0,"enemies":"Lagavulin","floor":10.0,"turns":9.0},{"damage":23.0,"enemies":"Gremlin Gang","floor":11.0,"turns":8.0},{"damage":0.0,"enemies":"Red Slaver","floor":14.0,"turns":6.0},{"damage":9.0,"enemies":"Slime Boss","floor":16.0,"turns":9.0},{"damage":3.0,"enemies":"3 Byrds","floor":18.0,"turns":4.0},{"damage":8.0,"enemies":"Shell Parasite","floor":19.0,"turns":5.0},{"damage":27.0,"enemies":"Snake Plant","floor":21.0,"turns":3.0},{"damage":16.0,"enemies":"Centurion and Healer","floor":24.0,"turns":6.0},{"damage":22,"enemies":"Colosseum Slavers","floor":25,"turns":3},{"damage":13,"enemies":"Centurion and Healer","floor":30,"turns":6},{"damage":1,"enemies":"Sentry and Sphere","floor":31,"turns":8},{"damage":29,"enemies":"Automaton","floor":33,"turns":9},{"damage":30,"enemies":"3 Darklings","floor":35,"turns":6},{"damage":4,"enemies":"Mind Bloom Boss Battle","floor":37,"turns":7},{"damage":5,"enemies":"Orb Walker","floor":38,"turns":4},{"damage":52,"enemies":"Transient","floor":39,"turns":4}],"seed_played":"-1366122573785705298","potions_obtained":[{"floor":5.0,"key":"Energy Potion"},{"floor":10.0,"key":"LiquidBronze"},{"floor":11.0,"key":"Block Potion"},{"floor":16.0,"key":"Dexterity Potion"},{"floor":19.0,"key":"AttackPotion"},{"floor":31,"key":"SpeedPotion"},{"floor":38,"key":"Strength Potion"}],"is_trial":false,"path_per_floor":["M","M","$","?","M","R","E","R","T","E","M","?","T","M","R","B",null,"M","M","?","M","?","R","$","?","T","?","R","$","M","M","R","B",null,"M","?","?","M"],"character_chosen":"DEFECT","items_purchased":["Hologram+1","Symbiotic Virus","Loop","Chill+1"],"campfire_rested":5,"item_purchase_floors":[24,24,24,29],"current_hp_per_floor":[72,63,63,63,62,62,34,56,56,26,3,3,3,3,25,16,75,72,64,64,37,23,47,31,9,19,19,46,46,33,32,59,30,90,60,60,56,51,0],"gold":15,"neow_bonus":"ONE_RARE_RELIC","is_prod":false,"is_daily":false,"chose_seed":false,"campfire_upgraded":0,"win_rate":0,"timestamp":1537143479,"path_taken":["M","M","$","?","M","R","E","R","T","E","M","?","?","M","R","BOSS","M","M","?","M","?","R","?","?","T","?","R","?","?","M","R","BOSS","M","?","?","M","M"],"build_version":"2018-09-06","purchased_purges":1,"victory":false,"max_hp_per_floor":[75,75,75,75,75,75,75,75,75,75,75,75,75,75,75,75,75,75,75,75,75,80,80,80,80,90,90,90,90,90,90,90,90,90,90,90,90,90,90],"card_choices":[{"not_picked":["Hologram","Leap"],"picked":"Cold Snap","floor":1.0},{"not_picked":["Go for the Eyes","Streamline"],"picked":"Coolheaded","floor":2.0},{"not_picked":["Beam Cell","Aggregate"],"picked":"Buffer","floor":5.0},{"not_picked":["Stack","Rip and Tear","Storm"],"picked":"SKIP","floor":7.0},{"not_picked":["Double Energy","Stack"],"picked":"Conserve Battery","floor":8.0},{"not_picked":["Recycle+1","Reprogram+1"],"picked":"Defragment","floor":10.0},{"not_picked":["Turbo+1","Loop","Glacier+1"],"picked":"Defragment","floor":11.0},{"not_picked":["Cold Snap","Consume+1","Hello World"],"picked":"Ball Lightning","floor":14.0},{"not_picked":["Rip and Tear","Compile Driver","Steam+1"],"picked":"Ball Lightning","floor":15.0},{"not_picked":["Hyperbeam","Meteor Strike","Buffer"],"picked":"Fission+1","floor":16.0},{"not_picked":["Stack+1","Tempest+1","Lockon"],"picked":"Conserve Battery+1","floor":18.0},{"not_picked":["Stack+1","Steam+1","Sweeping Beam"],"picked":"Redo+1","floor":19.0},{"not_picked":["Steam+1","Compile Driver","Barrage"],"picked":"Capacitor+1","floor":21.0},{"not_picked":["Aggregate+1","Sweeping Beam","Rebound+1"],"picked":"Go for the Eyes+1","floor":23.0},{"not_picked":["Steam+1","Conserve Battery+1","Hologram+1"],"picked":"Chaos+1","floor":28},{"not_picked":["Beam Cell","Ball Lightning","Genetic Algorithm+1"],"picked":"Cold Snap+1","floor":30},{"not_picked":["Go for the Eyes","Cold Snap","Barrage"],"picked":"Hello World+1","floor":31},{"not_picked":["Coolheaded+1","Self Repair","Ball Lightning"],"picked":"Blizzard+1","floor":32},{"not_picked":["Machine Learning","Meteor Strike","Biased Cognition"],"picked":"Seek+1","floor":33},{"not_picked":["Reprogram+1","Stack+1","Lockon+1"],"picked":"Barrage+1","floor":35},{"not_picked":["Stack+1","Storm","Capacitor"],"picked":"Barrage","floor":37},{"not_picked":["Rebound+1","Beam Cell+1","All For One"],"picked":"Glacier+1","floor":38}],"player_experience":116625,"relics_obtained":[{"floor":6.0,"key":"Shuriken"},{"floor":7.0,"key":"Dream Catcher"},{"floor":9.0,"key":"Toxic Egg 2"},{"floor":10.0,"key":"Question Card"},{"floor":13.0,"key":"Smiling Mask"},{"floor":26,"key":"Pear"},{"floor":37,"key":"StoneCalendar"}],"event_choices":[{"event_name":"The Cleric","player_choice":"Card Removal","floor":4.0,"damage_taken":0.0},{"event_name":"Purifier","player_choice":"One Purge","floor":12.0,"damage_taken":0.0},{"event_name":"Nest","player_choice":"Stole From Cult","floor":20.0,"damage_taken":0.0},{"event_name":"Forgotten Altar","player_choice":"Shed Blood","floor":22.0,"damage_taken":0.0},{"event_name":"Colosseum","player_choice":"Fight","floor":25,"damage_taken":0},{"event_name":"Colosseum","player_choice":"Fled From Nobs","floor":25,"damage_taken":0},{"event_name":"Beggar","player_choice":"Ignored","floor":27,"damage_taken":0},{"event_name":"Tomb of Lord Red Mask","player_choice":"Paid","floor":36,"damage_taken":0},{"event_name":"MindBloom","player_choice":"Fight","floor":37,"damage_taken":0}],"is_beta":false,"boss_relics":[{"not_picked":["Coffee Dripper","White Beast Statue"],"picked":"Astrolabe"},{"not_picked":["Cursed Key","Orrery"],"picked":"Inserter"}],"items_purged_floors":[3],"is_endless":false,"potions_floor_spawned":[5,10,11,16,19,31,38],"killed_by":"Transient","ascension_level":4}