{"gold_per_floor":[113,113,61,72,72,97,110,41,41,56,69,69,85,96,96,96],"floor_reached":16,"playtime":831,"items_purged":[],"score":104,"play_id":"498ef915-7bff-49cf-b8c5-cd911ace6715","local_time":"20190217161633","is_ascension_mode":false,"campfire_choices":[{"floor":12,"key":"REST"},{"data":"Infinite Blades","floor":15,"key":"SMITH"}],"neow_cost":"NONE","seed_source_timestamp":184312248507539,"circlet_count":0,"master_deck":["Defend_G","Defend_G","Defend_G","Defend_G","Defend_G","Strike_G","Strike_G","Strike_G","Strike_G","Strike_G","Survivor","Neutralize","Blade Dance+1","Slice","Slice","Caltrops","Backstab","Infinite Blades+1","Endless Agony","Finisher","Finisher"],"relics":["Ring of the Snake","Ginger"],"potions_floor_usage":[6,6,6],"damage_taken":[{"damage":0,"enemies":"Small Slimes","floor":1,"turns":3},{"damage":0,"enemies":"2 Louse","floor":4,"turns":3},{"damage":15,"enemies":"Gremlin Nob","floor":6,"turns":4},{"damage":1,"enemies":"Cultist","floor":7,"turns":3},{"damage":0,"enemies":"3 Louse","floor":10,"turns":2},{"damage":9,"enemies":"Exordium Thugs","floor":11,"turns":5},{"damage":1,"enemies":"Gremlin Gang","floor":13,"turns":4},{"damage":1,"enemies":"Blue Slaver","floor":14,"turns":2},{"damage":64,"enemies":"The Guardian","floor":16,"turns":12}],"seed_played":"-4351685170586472550","potions_obtained":[{"floor":0,"key":"Weak Potion"},{"floor":0,"key":"SmokeBomb"},{"floor":0,"key":"Weak Potion"},{"floor":1,"key":"Fire Potion"},{"floor":5,"key":"Dexterity Potion"},{"floor":11,"key":"SneckoOil"},{"floor":14,"key":"GhostInAJar"}],"is_trial":false,"path_per_floor":["M","?","$","M","?","E","M","$","T","M","M","R","M","M","R","B"],"character_chosen":"THE_SILENT","items_purchased":["Slice","Infinite Blades"],"campfire_rested":1,"item_purchase_floors":[3,8],"current_hp_per_floor":[70,70,70,70,70,55,54,54,54,54,45,66,65,64,64,0],"gold":96,"neow_bonus":"THREE_SMALL_POTIONS","is_prod":false,"is_daily":false,"chose_seed":false,"campfire_upgraded":1,"win_rate":0,"timestamp":1550412993,"path_taken":["M","?","$","M","?","E","M","$","T","M","M","R","M","M","R","BOSS"],"build_version":"2019-01-23","purchased_purges":0,"victory":false,"max_hp_per_floor":[70,70,70,70,70,70,70,70,70,70,70,70,70,70,70,70],"card_choices":[{"not_picked":["Poisoned Stab","Escape Plan"],"picked":"Blade Dance","floor":1},{"not_picked":["Acrobatics","Terror"],"picked":"Slice","floor":4},{"not_picked":["Dodge and Roll","PiercingWail"],"picked":"Caltrops","floor":6},{"not_picked":["Sucker Punch","Outmaneuver"],"picked":"Backstab","floor":7},{"not_picked":["Flying Knee","Crippling Poison"],"picked":"Endless Agony","floor":10},{"not_picked":["Sucker Punch","Underhanded Strike","Flying Knee"],"picked":"SKIP","floor":11},{"not_picked":["Well Laid Plans","Endless Agony"],"picked":"Finisher","floor":13},{"not_picked":["Sucker Punch","Dash"],"picked":"Finisher","floor":14}],"player_experience":962354,"relics_obtained":[{"floor":6,"key":"Ginger"}],"event_choices":[{"damage_healed":0,"gold_gain":0,"player_choice":"Grow","damage_taken":0,"max_hp_gain":0,"max_hp_loss":0,"event_name":"Living Wall","floor":2,"gold_loss":0,"cards_upgraded":["Blade Dance"]},{"damage_healed":0,"gold_gain":0,"player_choice":"Got Potions","damage_taken":0,"max_hp_gain":0,"max_hp_loss":0,"event_name":"Lab","floor":5,"gold_loss":0}],"is_beta":false,"boss_relics":[],"items_purged_floors":[],"is_endless":false,"potions_floor_spawned":[1,11,14],"killed_by":"The Guardian","ascension_level":0}