{"gold_per_floor":[110,70,83,83,95,112,138,157,184,184,196,196,196,116,116,212,212,225,235,47,65,65,65,84,118,118,128,128],"floor_reached":28,"playtime":2810,"items_purged":[],"score":375,"play_id":"1520654a-f080-44da-a660-93a6908247d2","local_time":"20180901182711","is_ascension_mode":true,"campfire_choices":[{"floor":10.0,"key":"REST"},{"data":"Defragment","floor":13.0,"key":"SMITH"},{"data":"Storm","floor":15.0,"key":"SMITH"},{"floor":23,"key":"REST"}],"neow_cost":"CURSE","seed_source_timestamp":1467386446809657,"circlet_count":0,"master_deck":["Strike_B","Strike_B","Strike_B","Strike_B","Defend_B","Defend_B","Defend_B","Defend_B","Zap","Dualcast+1","AscendersBane","Auto Shields","Loop","Steam","Conserve Battery","Defragment+1","Conserve Battery+1","FTL","Redo","Storm+1","Echo Form","Fusion","Melter","White Noise","Cold Snap+1","Cold Snap+1","Hologram","Steam+1"],"special_seed":0,"relics":["Cracked Core","Calipers","Omamori","War Paint","Cursed Key","Regal Pillow","Centennial Puzzle","Molten Egg 2"],"potions_floor_usage":[25,28],"damage_taken":[{"damage":2.0,"enemies":"Jaw Worm","floor":1.0,"turns":3.0},{"damage":9.0,"enemies":"Small Slimes","floor":3.0,"turns":4.0},{"damage":11.0,"enemies":"Cultist","floor":5.0,"turns":4.0},{"damage":14.0,"enemies":"Red Slaver","floor":6.0,"turns":4.0},{"damage":4.0,"enemies":"Lagavulin","floor":7.0,"turns":7.0},{"damage":1.0,"enemies":"3 Louse","floor":8.0,"turns":4.0},{"damage":0.0,"enemies":"Exordium Thugs","floor":11.0,"turns":5.0},{"damage":44.0,"enemies":"Hexaghost","floor":16.0,"turns":10.0},{"damage":0.0,"enemies":"Spheric Guardian","floor":18.0,"turns":3.0},{"damage":13.0,"enemies":"Shell Parasite","floor":19.0,"turns":5.0},{"damage":8.0,"enemies":"Chosen and Byrds","floor":21.0,"turns":4.0},{"damage":11,"enemies":"Snake Plant","floor":24,"turns":4},{"damage":40,"enemies":"Gremlin Leader","floor":25,"turns":6},{"damage":23,"enemies":"Snecko","floor":27,"turns":6},{"damage":3,"enemies":"Cultist and Chosen","floor":28,"turns":3}],"seed_played":"3478677724277628278","potions_obtained":[{"floor":1.0,"key":"PowerPotion"},{"floor":7.0,"key":"LiquidBronze"},{"floor":11.0,"key":"SkillPotion"},{"floor":19.0,"key":"SkillPotion"},{"floor":24,"key":"SkillPotion"}],"is_trial":false,"path_per_floor":["M","$","M","?","M","M","E","M","T","R","M","?","R","$","R","B",null,"M","M","$","M","?","R","M","E","T","M"],"character_chosen":"DEFECT","items_purchased":["Loop","Storm","White Noise","Regal Pillow"],"campfire_rested":2,"item_purchase_floors":[2,14,20,20],"current_hp_per_floor":[66,66,57,57,46,32,28,27,27,49,49,74,74,74,74,30,64,64,51,51,43,43,75,64,24,24,1,0],"gold":128,"neow_bonus":"ONE_RARE_RELIC","is_prod":false,"is_daily":false,"chose_seed":false,"campfire_upgraded":2,"win_rate":0,"timestamp":1535815631,"path_taken":["M","$","M","?","M","?","E","M","T","R","M","?","R","?","R","BOSS","M","M","$","M","?","R","M","E","T","M","M"],"build_version":"2018-08-30","purchased_purges":0,"victory":false,"max_hp_per_floor":[75,75,75,75,75,75,75,75,75,75,75,75,75,75,75,75,75,75,75,75,75,75,75,75,75,75,75,75],"card_choices":[{"not_picked":["Leap","Streamline"],"picked":"Auto Shields","floor":1.0},{"not_picked":["Tempest","Sweeping Beam"],"picked":"Steam","floor":3.0},{"not_picked":["Gash","Go for the Eyes"],"picked":"Conserve Battery","floor":5.0},{"not_picked":["Streamline","Rebound"],"picked":"Defragment","floor":6.0},{"not_picked":["Multi-Cast","Rebound"],"picked":"Conserve Battery","floor":7.0},{"not_picked":["Go for the Eyes","Compile Driver"],"picked":"FTL","floor":8.0},{"not_picked":["Beam Cell","Leap"],"picked":"Redo","floor":11.0},{"not_picked":["Rainbow","Core Surge"],"picked":"Echo Form","floor":16.0},{"not_picked":["Sweeping Beam+1","Undo"],"picked":"Fusion","floor":18.0},{"not_picked":["Blizzard","Streamline"],"picked":"Melter","floor":19.0},{"not_picked":["Turbo","Stack"],"picked":"Cold Snap+1","floor":21.0},{"not_picked":["Rip and Tear","Sweeping Beam+1"],"picked":"Cold Snap+1","floor":24},{"not_picked":["Doom and Gloom","Compile Driver+1"],"picked":"Hologram","floor":25},{"not_picked":["Rebound+1","Cold Snap+1"],"picked":"Steam+1","floor":27}],"player_experience":664058,"relics_obtained":[{"floor":7.0,"key":"Omamori"},{"floor":9.0,"key":"War Paint"},{"floor":25,"key":"Centennial Puzzle"},{"floor":26,"key":"Molten Egg 2"}],"event_choices":[{"event_name":"Living Wall","player_choice":"Forget","floor":4.0,"damage_taken":0.0},{"event_name":"Big Fish","player_choice":"Banana","floor":12.0,"damage_taken":0.0},{"event_name":"Ghosts","player_choice":"Ignored","floor":22,"damage_taken":0}],"is_beta":false,"boss_relics":[{"not_picked":["Black Star","Ectoplasm"],"picked":"Cursed Key"}],"items_purged_floors":[],"is_endless":false,"potions_floor_spawned":[1,7,11,19,24],"killed_by":"Cultist and Chosen","ascension_level":11}