{"path_per_floor":["M","?","?","M","M","R","M","R","T","M","E","$","R","M","R","B",null,"M","$","?","?","M","R","E","M","T"],"character_chosen":"THE_SILENT","items_purchased":["Singing Bowl"],"gold_per_floor":[117,117,192,209,222,222,242,242,242,253,280,205,205,222,222,323,323,340,96,96,146,159,159,187,204,504],"floor_reached":27,"campfire_rested":0,"playtime":1837,"current_hp_per_floor":[66,73,62,60,60,60,42,42,42,34,10,10,10,10,10,4,61,55,55,55,55,51,51,25,29,31],"items_purged":["Strike_G","Strike_G"],"gold":504,"score":317,"play_id":"122116be-a57b-4069-ab87-0d6ff7075c77","local_time":"20180307234956","is_prod":false,"is_daily":false,"is_ascension_mode":true,"campfire_upgraded":5,"timestamp":1520437796,"path_taken":["M","?","?","M","M","R","M","R","T","M","E","$","R","M","R","BOSS","M","$","?","?","M","R","E","M","T","?"],"build_version":"2018-03-06-BETA","purchased_purges":2,"victory":false,"master_deck":["Defend_G","Defend_G","Defend_G","Defend_G","Defend_G","Survivor","Neutralize+1","Heel Hook+1","Well Laid Plans","Die Die Die","Backstab+1","Infinite Blades+1","Glass Knife+1","Heel Hook","Bite","Bite","Bite","Bite","Bite","Sucker Punch+1"],"max_hp_per_floor":[70,80,80,80,80,80,80,80,80,80,80,80,80,80,80,80,80,80,80,56,56,56,56,58,60,62],"relics":["Ring of the Snake","Pear","Gambling Chip","Prayer Wheel","Lizard Tail","Singing Bowl","Omamori","Old Coin"],"card_choices":[{"not_picked":["Outmaneuver","Slice"],"picked":"Heel Hook"},{"not_picked":["Blade Dance","Poisoned Stab"],"picked":"Well Laid Plans"},{"not_picked":["Deflect","Choke"],"picked":"Die Die Die"},{"not_picked":["PiercingWail","Deadly Poison"],"picked":"Backstab"},{"not_picked":["Concentrate","Flechettes"],"picked":"Infinite Blades"},{"not_picked":["Storm of Steel","Doppelganger"],"picked":"Glass Knife"},{"not_picked":["Flying Knee","Deadly Poison"],"picked":"Heel Hook"},{"not_picked":["Infinite Blades","All Out Attack"],"picked":"Sucker Punch"}],"player_experience":171796,"potions_floor_usage":[7,16,24,25],"damage_taken":[{"damage":4,"enemies":"Small Slimes","floor":1,"turns":4},{"damage":2,"enemies":"Jaw Worm","floor":4,"turns":6},{"damage":0,"enemies":"2 Louse","floor":5,"turns":3},{"damage":18,"enemies":"Large Slime","floor":7,"turns":9},{"damage":8,"enemies":"Exordium Wildlife","floor":10,"turns":4},{"damage":24,"enemies":"Gremlin Nob","floor":11,"turns":5},{"damage":0,"enemies":"Blue Slaver","floor":14,"turns":2},{"damage":6,"enemies":"The Guardian","floor":16,"turns":16},{"damage":6,"enemies":"3 Byrds","floor":18,"turns":4},{"damage":12,"enemies":"Chosen","floor":22,"turns":5},{"damage":32,"enemies":"Book of Stabbing","floor":24,"turns":5},{"damage":42,"enemies":"Snake Plant","floor":25,"turns":5},{"damage":55,"enemies":"Sentry and Sphere","floor":27,"turns":5}],"event_choices":[{"event_name":"Scrap Ooze","player_choice":"success","floor":2,"damage_taken":3},{"event_name":"World of Goop","player_choice":"Gather Gold","floor":3,"damage_taken":0},{"event_name":"Vampires","player_choice":"Became a vampire","floor":20,"damage_taken":0},{"event_name":"The Joust","player_choice":"Bet on Murderer","floor":21,"damage_taken":0}],"boss_relics":[{"not_picked":["Question Card","Orrery"],"picked":"Lizard Tail"}],"potions_floor_spawned":[5,11,14,22,24],"seed_played":"2090940081846875749","killed_by":"Sentry and Sphere","ascension_level":5,"is_trial":false}