{"gold_per_floor":[114,189,189,189,208,208,239,239,293,303,319,18,18,48,48,122,122,134,108,108],"floor_reached":20,"playtime":472,"items_purged":[],"score":364,"play_id":"8b90f2a8-e415-49ff-aa67-17e13bbf5901","local_time":"20190330204339","is_ascension_mode":true,"campfire_choices":[{"data":"Loop","floor":6,"key":"SMITH"},{"floor":8,"key":"REST"},{"data":"Defragment","floor":13,"key":"SMITH"},{"data":"Loop","floor":15,"key":"SMITH"}],"neow_cost":"NONE","seed_source_timestamp":121018613890500,"circlet_count":0,"master_deck":["AscendersBane","Strike_B","Strike_B","Strike_B","Strike_B","Defend_B","Defend_B","Defend_B","Defend_B","Zap","Dualcast","Echo Form","Loop+1","Defragment+1","Ball Lightning","Coolheaded","Loop+1","Amplify","Self Repair","Blizzard"],"relics":["Cracked Core","Pen Nib","DataDisk","ClockworkSouvenir","The Courier","Coffee Dripper"],"potions_floor_usage":[7,14,16],"damage_taken":[{"damage":7,"enemies":"Jaw Worm","floor":1,"turns":4},{"damage":7,"enemies":"Small Slimes","floor":5,"turns":4},{"damage":32,"enemies":"Gremlin Nob","floor":7,"turns":4},{"damage":7,"enemies":"2 Louse","floor":10,"turns":2},{"damage":1,"enemies":"2 Fungi Beasts","floor":11,"turns":3},{"damage":15,"enemies":"3 Sentries","floor":14,"turns":6},{"damage":9,"enemies":"Hexaghost","floor":16,"turns":7},{"damage":21,"enemies":"3 Byrds","floor":18,"turns":4},{"damage":29,"enemies":"2 Thieves","floor":19,"turns":4},{"damage":9,"enemies":"Centurion and Healer","floor":20,"turns":2}],"seed_played":"1055543374493330741","potions_obtained":[{"floor":5,"key":"FearPotion"},{"floor":7,"key":"SkillPotion"},{"floor":14,"key":"Swift Potion"}],"is_trial":false,"path_per_floor":["M","?","?","?","M","R","E","R","T","M","M","$","R","E","R","B",null,"M","M","M"],"character_chosen":"DEFECT","items_purchased":["ClockworkSouvenir","Loop"],"campfire_rested":1,"item_purchase_floors":[12,12],"current_hp_per_floor":[57,46,69,64,57,57,25,46,46,39,38,38,38,23,23,14,57,36,21,12],"gold":108,"neow_bonus":"ONE_RANDOM_RARE_CARD","is_prod":false,"is_daily":false,"chose_seed":false,"campfire_upgraded":3,"win_rate":0,"timestamp":1553946219,"path_taken":["M","?","?","?","M","R","E","R","T","M","M","$","R","E","R","BOSS","M","M","M"],"build_version":"2019-01-23","purchased_purges":0,"victory":false,"max_hp_per_floor":[71,71,71,71,71,71,71,71,71,71,71,71,71,71,71,71,71,71,71,71],"card_choices":[{"not_picked":["Barrage","Aggregate","Auto Shields"],"picked":"SKIP","floor":1},{"not_picked":["Leap","Steam Power"],"picked":"Loop","floor":5},{"not_picked":["Gash","Recycle"],"picked":"Defragment","floor":7},{"not_picked":["Hello World","Compile Driver"],"picked":"Ball Lightning","floor":10},{"not_picked":["Steam","Streamline"],"picked":"Coolheaded","floor":11},{"not_picked":["Conserve Battery","Steam","All For One"],"picked":"SKIP","floor":14},{"not_picked":["Machine Learning","Meteor Strike"],"picked":"Amplify","floor":16},{"not_picked":["Steam Power","Conserve Battery"],"picked":"Self Repair","floor":18},{"not_picked":["Aggregate","Steam"],"picked":"Blizzard","floor":19}],"player_experience":2756760,"relics_obtained":[{"floor":7,"key":"DataDisk"},{"floor":14,"key":"The Courier"}],"event_choices":[{"damage_healed":0,"gold_gain":75,"player_choice":"Gather Gold","damage_taken":11,"max_hp_gain":0,"max_hp_loss":0,"event_name":"World of Goop","floor":2,"gold_loss":0},{"damage_healed":23,"gold_gain":0,"player_choice":"Banana","damage_taken":0,"max_hp_gain":0,"max_hp_loss":0,"event_name":"Big Fish","floor":3,"gold_loss":0},{"damage_healed":0,"gold_gain":0,"player_choice":"Success","damage_taken":5,"relics_obtained":["Pen Nib"],"max_hp_gain":0,"max_hp_loss":0,"event_name":"Scrap Ooze","floor":4,"gold_loss":0}],"is_beta":false,"boss_relics":[{"not_picked":["Empty Cage","Eternal Feather"],"picked":"Coffee Dripper"}],"items_purged_floors":[],"is_endless":false,"potions_floor_spawned":[5,7,14],"killed_by":"Centurion and Healer","ascension_level":20}