{"gold_per_floor":[112,112,126,126,143,168,168,9,9,9,34,34,52,70,70,166,166,179,179,179,196,296,296,311,337,337,337,348,69,69,69,69,165,165,178,45,61,61,75,75,95,114,114,146,146,0,59,71,71,71],"floor_reached":51,"playtime":2935,"items_purged":["Strike_G"],"score":863,"play_id":"30de3649-d36b-484f-a65b-c18e2f486418","local_time":"20180908032417","is_ascension_mode":true,"campfire_choices":[{"floor":7,"key":"REST"},{"data":"Dagger Spray","floor":10,"key":"SMITH"},{"floor":15,"key":"REST"},{"floor":23,"key":"REST"},{"floor":27,"key":"REST"},{"floor":32,"key":"REST"},{"floor":40,"key":"REST"},{"floor":45,"key":"REST"},{"floor":49,"key":"REST"}],"neow_cost":"NONE","seed_source_timestamp":30472718391963,"circlet_count":0,"master_deck":["Defend_G+1","Defend_G+1","Defend_G+1","Defend_G+1","Defend_G+1","Strike_G+1","Strike_G+1","Strike_G+1","Strike_G+1","Survivor+1","Neutralize","Malaise","Blade Dance","Dash","Backflip","Dagger Spray+1","Quick Slash","Infinite Blades","Leg Sweep","Finisher","Backflip","Adrenaline","Crippling Poison","Flying Knee+1","Infinite Blades","Outmaneuver+1","Blade Dance+1","Crippling Poison+1","Infinite Blades","Blur+1","Secret Technique+1","Good Instincts+1","Phantasmal Killer+1","Dash","Infinite Blades","Trip+1","Finisher+1","Flying Knee","Accuracy","Slice+1","Dodge and Roll+1","Crippling Poison+1","Dodge and Roll+1","Quick Slash+1","Riddle With Holes+1"],"relics":["Ring of the Snake","Tough Bandages","Potion Belt","The Courier","Question Card","Pantograph","Busted Crown","Toxic Egg 2","FossilizedHelix","Letter Opener","Snake Skull","Darkstone Periapt","WristBlade","Shuriken","Dodecahedron","Red Mask","Tiny Chest"],"potions_floor_usage":[16,22,22,22,22,28,28,28,42,44,44,44,44,44],"damage_taken":[{"damage":2,"enemies":"Jaw Worm","floor":1,"turns":6},{"damage":0,"enemies":"Small Slimes","floor":3,"turns":4},{"damage":0,"enemies":"Cultist","floor":5,"turns":5},{"damage":16,"enemies":"Lagavulin","floor":6,"turns":11},{"damage":22,"enemies":"Gremlin Nob","floor":11,"turns":5},{"damage":0,"enemies":"Red Slaver","floor":13,"turns":4},{"damage":12,"enemies":"Exordium Thugs","floor":14,"turns":6},{"damage":16,"enemies":"The Guardian","floor":16,"turns":16},{"damage":4,"enemies":"Chosen","floor":18,"turns":5},{"damage":0,"enemies":"3 Byrds","floor":21,"turns":4},{"damage":3,"enemies":"Colosseum Slavers","floor":22,"turns":5},{"damage":52,"enemies":"Colosseum Nobs","floor":22,"turns":7},{"damage":10,"enemies":"Centurion and Healer","floor":24,"turns":8},{"damage":6,"enemies":"Book of Stabbing","floor":25,"turns":7},{"damage":0,"enemies":"Snake Plant","floor":28,"turns":6},{"damage":31,"enemies":"Champ","floor":33,"turns":14},{"damage":9,"enemies":"3 Darklings","floor":35,"turns":3},{"damage":0,"enemies":"3 Shapes","floor":37,"turns":3},{"damage":21,"enemies":"3 Darklings","floor":39,"turns":5},{"damage":0,"enemies":"Maw","floor":41,"turns":7},{"damage":10,"enemies":"Transient","floor":42,"turns":5},{"damage":9,"enemies":"Nemesis","floor":44,"turns":7},{"damage":18,"enemies":"2 Orb Walkers","floor":47,"turns":4},{"damage":27,"enemies":"Spire Growth","floor":48,"turns":6},{"damage":71,"enemies":"Time Eater","floor":50,"turns":10}],"seed_played":"-5569409073073720691","potions_obtained":[{"floor":3,"key":"Ancient Potion"},{"floor":11,"key":"EntropicBrew"},{"floor":14,"key":"SkillPotion"},{"floor":25,"key":"SneckoOil"},{"floor":28,"key":"Fruit Juice"},{"floor":35,"key":"Swift Potion"},{"floor":39,"key":"Energy Potion"},{"floor":41,"key":"Fire Potion"},{"floor":42,"key":"FearPotion"}],"is_trial":false,"path_per_floor":["M","?","M","T","M","E","R","$","T","R","E","?","M","M","R","B",null,"M","?","T","M","?","R","M","E","T","R","M","$","?","?","R","B",null,"M","$","M","?","M","R","M","M","T","E","R","?","E","M","R","B"],"character_chosen":"THE_SILENT","items_purchased":["Quick Slash","Infinite Blades","Infinite Blades","Blur+1","Secret Technique+1","Infinite Blades","Trip+1"],"campfire_rested":8,"item_purchase_floors":[8,8,29,29,29,36,36],"current_hp_per_floor":[68,54,54,54,54,38,59,59,59,59,37,34,34,22,43,52,70,66,66,66,66,20,41,31,25,25,46,51,51,51,37,59,44,75,66,66,66,66,45,67,67,57,57,48,70,70,52,25,47,1],"gold":71,"neow_bonus":"ONE_RANDOM_RARE_CARD","is_prod":false,"is_daily":false,"chose_seed":false,"campfire_upgraded":1,"win_rate":0,"timestamp":1536391457,"path_taken":["M","?","?","?","M","E","R","$","T","R","E","?","M","M","R","BOSS","M","?","?","?","?","R","M","E","T","R","?","$","?","?","R","BOSS","M","$","M","?","?","R","M","M","T","E","R","?","E","M","R","BOSS"],"build_version":"2018-09-06","purchased_purges":1,"victory":true,"max_hp_per_floor":[70,70,70,70,70,70,70,70,70,70,70,70,70,70,70,70,70,70,70,70,70,70,70,70,70,70,70,75,75,75,75,75,75,75,75,75,75,75,75,75,75,75,75,75,75,75,75,75,75,75],"card_choices":[{"not_picked":["Dagger Throw","Skewer"],"picked":"Blade Dance","floor":1},{"not_picked":["Underhanded Strike","Dodge and Roll"],"picked":"Dash","floor":3},{"not_picked":["Slice","Predator"],"picked":"Backflip","floor":5},{"not_picked":["Endless Agony","Setup"],"picked":"Dagger Spray","floor":6},{"not_picked":["Slice","Catalyst"],"picked":"Leg Sweep","floor":11},{"not_picked":["Dagger Throw","Dagger Spray","Endless Agony"],"picked":"Finisher","floor":13},{"not_picked":["Deflect","Backstab","Slice"],"picked":"Backflip","floor":14},{"not_picked":["Tools of the Trade","Envenom","Night Terror"],"picked":"Adrenaline","floor":16},{"not_picked":["Dodge and Roll"],"picked":"Crippling Poison","floor":18},{"not_picked":["Prepared+1"],"picked":"Flying Knee+1","floor":21},{"not_picked":["Poisoned Stab"],"picked":"Infinite Blades","floor":22},{"not_picked":["Endless Agony"],"picked":"Outmaneuver+1","floor":24},{"not_picked":["All Out Attack"],"picked":"Blade Dance+1","floor":25},{"not_picked":["Endless Agony+1"],"picked":"Crippling Poison+1","floor":28},{"not_picked":["Glass Knife"],"picked":"Phantasmal Killer+1","floor":33},{"not_picked":["Flechettes"],"picked":"Dash","floor":35},{"not_picked":["Slice+1"],"picked":"Finisher+1","floor":37},{"not_picked":["Dagger Spray"],"picked":"Slice+1","floor":39},{"not_picked":["Prepared+1"],"picked":"Dodge and Roll+1","floor":41},{"not_picked":["Dagger Throw"],"picked":"Crippling Poison+1","floor":42},{"not_picked":["Expertise+1"],"picked":"Dodge and Roll+1","floor":44},{"not_picked":["Predator+1"],"picked":"Quick Slash+1","floor":47},{"not_picked":["Sucker Punch"],"picked":"Riddle With Holes+1","floor":48}],"player_experience":87890,"relics_obtained":[{"floor":4,"key":"Tough Bandages"},{"floor":6,"key":"Potion Belt"},{"floor":9,"key":"The Courier"},{"floor":11,"key":"Question Card"},{"floor":20,"key":"Toxic Egg 2"},{"floor":22,"key":"FossilizedHelix"},{"floor":22,"key":"Letter Opener"},{"floor":25,"key":"Snake Skull"},{"floor":26,"key":"Darkstone Periapt"},{"floor":43,"key":"Shuriken"},{"floor":44,"key":"Dodecahedron"},{"floor":47,"key":"Tiny Chest"}],"event_choices":[{"event_name":"Shining Light","player_choice":"Entered Light","floor":2,"damage_taken":0},{"event_name":"Scrap Ooze","player_choice":"success","floor":12,"damage_taken":3},{"event_name":"The Mausoleum","player_choice":"No","floor":19,"damage_taken":0},{"event_name":"Colosseum","player_choice":"Fight","floor":22,"damage_taken":0},{"event_name":"Colosseum","player_choice":"Fought Nobs","floor":22,"damage_taken":0},{"event_name":"Back to Basics","player_choice":"Simplicity","floor":30,"damage_taken":0},{"event_name":"Knowing Skull","player_choice":"CARD ","floor":31,"damage_taken":0},{"event_name":"Match and Keep!","player_choice":"2 cards matched","floor":38,"damage_taken":0},{"event_name":"Tomb of Lord Red Mask","player_choice":"Paid","floor":46,"damage_taken":0}],"is_beta":false,"boss_relics":[{"not_picked":["Fusion Hammer","Runic Pyramid"],"picked":"Busted Crown"},{"not_picked":["Cursed Key","Astrolabe"],"picked":"WristBlade"}],"items_purged_floors":[8],"is_endless":false,"potions_floor_spawned":[3,11,14,22,25,28,35,39,41,42],"ascension_level":3}