{"gold_per_floor":[117,117,42,42,55,93,93,127,127,163,178,178,178,221,221,316,316,340,340],"floor_reached":19,"playtime":654,"items_purged":[],"score":436,"play_id":"bc4f8f90-4e3a-4ac7-8369-26eab0d0138f","local_time":"20190319185157","is_ascension_mode":true,"campfire_choices":[{"data":"Electrodynamics","floor":7.0,"key":"SMITH"},{"floor":13,"key":"REST"},{"data":"Streamline","floor":15,"key":"SMITH"}],"neow_cost":"CURSE","seed_source_timestamp":529583303700,"circlet_count":0,"master_deck":["AscendersBane","Strike_B","Strike_B","Strike_B","Defend_B","Defend_B","Defend_B","Zap","Dualcast","Shame","Electrodynamics+1","Machine Learning","Streamline+1","Glacier","Chill","Chill","Coolheaded","Tempest","Creative AI"],"special_seed":0,"relics":["Cracked Core","Golden Idol","Unceasing Top","Pen Nib","WingedGreaves","Vajra","Bag of Marbles","Cursed Key"],"potions_floor_usage":[10,10,16,18],"damage_taken":[{"damage":1.0,"enemies":"Cultist","floor":1.0,"turns":3.0},{"damage":7.0,"enemies":"2 Louse","floor":5.0,"turns":2.0},{"damage":20.0,"enemies":"Lagavulin","floor":6.0,"turns":7.0},{"damage":9.0,"enemies":"3 Sentries","floor":8.0,"turns":4.0},{"damage":12,"enemies":"Gremlin Nob","floor":10,"turns":4},{"damage":0,"enemies":"Jaw Worm","floor":11,"turns":4},{"damage":0,"enemies":"3 Sentries","floor":14,"turns":6},{"damage":22,"enemies":"Slime Boss","floor":16,"turns":11},{"damage":26,"enemies":"Chosen","floor":18,"turns":6},{"damage":0,"enemies":"Colosseum Slavers","floor":19,"turns":3},{"damage":4,"enemies":"Colosseum Nobs","floor":19,"turns":3}],"seed_played":"429428690632576297","potions_obtained":[{"floor":4.0,"key":"GamblersBrew"},{"floor":4.0,"key":"LiquidBronze"},{"floor":8.0,"key":"Block Potion"},{"floor":14,"key":"EssenceOfSteel"},{"floor":18,"key":"Fruit Juice"}],"is_trial":false,"path_per_floor":["M","?","$","?","M","E","R","E","T","E","M","?","R","E","R","B",null,"M","?"],"character_chosen":"DEFECT","items_purchased":["Glacier"],"campfire_rested":1,"item_purchase_floors":[3],"current_hp_per_floor":[63,63,63,63,56,36,36,27,27,15,15,15,34,34,34,12,51,30,26],"gold":340,"neow_bonus":"TRANSFORM_TWO_CARDS","is_prod":false,"is_daily":false,"chose_seed":false,"campfire_upgraded":2,"win_rate":0,"timestamp":1552989117,"path_taken":["M","?","$","?","M","E","R","E","T","E","?","?","R","E","R","BOSS","M","?"],"build_version":"2019-01-23","purchased_purges":0,"victory":false,"max_hp_per_floor":[71,64,64,64,64,64,64,64,64,64,64,64,64,64,64,64,64,69,69],"card_choices":[{"not_picked":["Conserve Battery","Leap"],"picked":"Streamline","floor":1.0},{"not_picked":["Sweeping Beam","Gash"],"picked":"Chill","floor":5.0},{"not_picked":["Amplify","Go for the Eyes","Barrage"],"picked":"SKIP","floor":6.0},{"not_picked":["Turbo","Scrape"],"picked":"Chill","floor":8.0},{"not_picked":["Hello World","Fission"],"picked":"Coolheaded","floor":10},{"not_picked":["Streamline","Conserve Battery","Ball Lightning"],"picked":"SKIP","floor":11},{"not_picked":["Doom and Gloom","Turbo"],"picked":"Tempest","floor":14},{"not_picked":["Multi-Cast","Thunder Strike"],"picked":"Creative AI","floor":16},{"not_picked":["Gash","Streamline","Go for the Eyes"],"picked":"SKIP","floor":18}],"player_experience":2376768,"relics_obtained":[{"floor":6.0,"key":"Unceasing Top"},{"floor":8.0,"key":"Pen Nib"},{"floor":9.0,"key":"WingedGreaves"},{"floor":10,"key":"Vajra"},{"floor":14,"key":"Bag of Marbles"}],"event_choices":[{"damage_healed":0.0,"max_hp_gain":0.0,"max_hp_loss":7.0,"gold_gain":0.0,"event_name":"Golden Idol","player_choice":"Lose Max HP","floor":2.0,"gold_loss":0.0,"damage_taken":0.0,"relics_obtained":["Golden Idol"]},{"damage_healed":0.0,"max_hp_gain":0.0,"max_hp_loss":0.0,"gold_gain":0.0,"event_name":"Lab","player_choice":"Got Potions","floor":4.0,"gold_loss":0.0,"damage_taken":0.0},{"damage_healed":0,"gold_gain":0,"player_choice":"Ignored","damage_taken":0,"max_hp_gain":0,"max_hp_loss":0,"event_name":"Shining Light","floor":12,"gold_loss":0},{"damage_healed":0,"gold_gain":0,"player_choice":"Fight","damage_taken":0,"max_hp_gain":0,"max_hp_loss":0,"event_name":"Colosseum","floor":19,"gold_loss":0},{"damage_healed":0,"gold_gain":0,"player_choice":"Fought Nobs","damage_taken":0,"max_hp_gain":0,"max_hp_loss":0,"event_name":"Colosseum","floor":19,"gold_loss":0}],"is_beta":false,"boss_relics":[{"not_picked":["Orrery","Ectoplasm"],"picked":"Cursed Key"}],"items_purged_floors":[],"is_endless":false,"potions_floor_spawned":[8,14,18,19],"killed_by":"Colosseum Nobs","ascension_level":20}