{"gold_per_floor":[113,127,127,127,145,145,172,182,182,210,222,252,101,119,119,223,223,240,240,47,61,61,88,100,132,144,190,202,214],"floor_reached":29,"playtime":1985,"items_purged":["Defend_B","Strike_B"],"score":350,"play_id":"c82c741c-fe85-4ecc-b6c2-e2ca4031524d","local_time":"20181130160148","is_ascension_mode":true,"campfire_choices":[{"data":"Zap","floor":6,"key":"SMITH"},{"data":"Defragment","floor":15,"key":"SMITH"},{"data":"Barrage","floor":24,"key":"SMITH"},{"data":"Buffer","floor":28,"key":"SMITH"}],"neow_cost":"NONE","seed_source_timestamp":437120656223740,"circlet_count":0,"master_deck":["Strike_B+1","Strike_B","Defend_B","Defend_B","Zap+1","Dualcast","Buffer+1","Cold Snap","Auto Shields","Capacitor","Compile Driver","Hologram","Defragment+1","Conserve Battery","Ball Lightning+1","Core Surge","Barrage+1","Ball Lightning","Leap+1","Compile Driver+1"],"relics":["Cracked Core","Smiling Mask","Singing Bowl","Question Card","Pen Nib","Cursed Key","Bag of Preparation","MawBank","Whetstone"],"potions_floor_usage":[7,8,10,16,23,23,27],"damage_taken":[{"damage":3,"enemies":"Jaw Worm","floor":1,"turns":3},{"damage":0,"enemies":"Cultist","floor":2,"turns":4},{"damage":10,"enemies":"Small Slimes","floor":5,"turns":3},{"damage":5,"enemies":"Lagavulin","floor":7,"turns":7},{"damage":8,"enemies":"Exordium Wildlife","floor":8,"turns":4},{"damage":5,"enemies":"Gremlin Nob","floor":10,"turns":5},{"damage":11,"enemies":"3 Louse","floor":11,"turns":4},{"damage":15,"enemies":"Lagavulin","floor":12,"turns":8},{"damage":14,"enemies":"Lots of Slimes","floor":14,"turns":4},{"damage":0,"enemies":"The Guardian","floor":16,"turns":8},{"damage":8,"enemies":"Shell Parasite","floor":18,"turns":4},{"damage":15,"enemies":"2 Thieves","floor":21,"turns":3},{"damage":23,"enemies":"Gremlin Leader","floor":23,"turns":5},{"damage":6,"enemies":"3 Cultists","floor":25,"turns":4},{"damage":5,"enemies":"Book of Stabbing","floor":27,"turns":6},{"damage":27,"enemies":"Gremlin Leader","floor":29,"turns":2}],"seed_played":"-2179913448651885280","potions_obtained":[{"floor":4,"key":"Regen Potion"},{"floor":4,"key":"PowerPotion"},{"floor":4,"key":"Dexterity Potion"},{"floor":5,"key":"FocusPotion"},{"floor":7,"key":"AttackPotion"},{"floor":10,"key":"PowerPotion"},{"floor":16,"key":"Swift Potion"},{"floor":18,"key":"EssenceOfSteel"},{"floor":25,"key":"EssenceOfSteel"},{"floor":27,"key":"Dexterity Potion"}],"is_trial":false,"path_per_floor":["M","M","?","?","M","R","E","M","T","E","M","E","$","M","R","B",null,"M","?","$","M","?","E","R","M","T","E","R","E"],"character_chosen":"DEFECT","items_purchased":["Defragment","Conserve Battery","Bag of Preparation"],"campfire_rested":0,"item_purchase_floors":[13,13,20],"current_hp_per_floor":[72,72,65,65,55,55,64,56,56,51,42,29,29,15,15,15,79,71,71,71,58,58,35,35,29,29,24,24,0],"gold":214,"neow_bonus":"ONE_RANDOM_RARE_CARD","is_prod":false,"is_daily":false,"chose_seed":false,"campfire_upgraded":4,"win_rate":0,"timestamp":1543564908,"path_taken":["M","M","?","?","M","R","E","M","T","E","?","E","?","M","R","BOSS","M","?","$","M","?","E","R","M","T","E","R","E"],"build_version":"2018-11-15","purchased_purges":2,"victory":false,"max_hp_per_floor":[75,75,75,75,75,75,75,75,75,75,77,79,79,79,79,79,79,79,79,79,81,81,81,81,81,81,81,81,81],"card_choices":[{"not_picked":["Rebound","FTL"],"picked":"Cold Snap","floor":1},{"not_picked":["Rebound","Undo"],"picked":"Auto Shields","floor":2},{"not_picked":["Coolheaded","Reprogram","Steam Power"],"picked":"SKIP","floor":5},{"not_picked":["Leap","Go for the Eyes"],"picked":"Capacitor","floor":7},{"not_picked":["Loop","Streamline"],"picked":"Compile Driver","floor":8},{"not_picked":["Multi-Cast","Gash"],"picked":"Hologram","floor":10},{"not_picked":["Beam Cell","Stack","Barrage","Gash"],"picked":"Singing Bowl","floor":11},{"not_picked":["Turbo","Coolheaded","Redo","Barrage"],"picked":"Singing Bowl","floor":12},{"not_picked":["Beam Cell","Conserve Battery","Go for the Eyes"],"picked":"Ball Lightning","floor":14},{"not_picked":["Biased Cognition","Hyperbeam","Meteor Strike"],"picked":"Core Surge","floor":16},{"not_picked":["Coolheaded+1","Hello World","Cold Snap"],"picked":"Barrage","floor":18},{"not_picked":["Auto Shields","Melter+1","Darkness+1","Scrape"],"picked":"Singing Bowl","floor":21},{"not_picked":["Rebound","Sunder+1","Rainbow"],"picked":"Ball Lightning","floor":23},{"not_picked":["Reprogram","Hologram","Force Field"],"picked":"Leap+1","floor":25},{"not_picked":["Heatsinks","Chill+1","BootSequence"],"picked":"Compile Driver+1","floor":27}],"player_experience":553076,"relics_obtained":[{"floor":7,"key":"Smiling Mask"},{"floor":9,"key":"Singing Bowl"},{"floor":10,"key":"Question Card"},{"floor":12,"key":"Pen Nib"},{"floor":23,"key":"MawBank"},{"floor":27,"key":"Whetstone"}],"event_choices":[{"cards_removed":["Defend_B"],"damage_healed":0,"gold_gain":0,"player_choice":"Card Removal","damage_taken":7,"max_hp_gain":0,"max_hp_loss":0,"event_name":"Golden Wing","floor":3,"gold_loss":0},{"damage_healed":0,"gold_gain":0,"player_choice":"Got Potions","damage_taken":0,"max_hp_gain":0,"max_hp_loss":0,"event_name":"Lab","floor":4,"gold_loss":0},{"cards_removed":["Strike_B"],"damage_healed":0,"gold_gain":0,"player_choice":"Elegance","damage_taken":0,"max_hp_gain":0,"max_hp_loss":0,"event_name":"Back to Basics","floor":19,"gold_loss":0},{"damage_healed":0,"gold_gain":0,"player_choice":"Ignored","damage_taken":0,"max_hp_gain":0,"max_hp_loss":0,"event_name":"Ghosts","floor":22,"gold_loss":0}],"is_beta":true,"boss_relics":[{"not_picked":["Inserter","Busted Crown"],"picked":"Cursed Key"}],"items_purged_floors":[13,20],"is_endless":false,"potions_floor_spawned":[5,7,10,16,18,25,27],"killed_by":"Gremlin Leader","ascension_level":1}