{"gold_per_floor":[18,18,36,36,47,47,78,78,105,105,123,123,88,103,103,205,205,222,241,241,21,21,21,121,131,156,156,176,176],"floor_reached":29,"playtime":1111,"items_purged":["Strike_R"],"score":304,"play_id":"b5a52b5c-c78a-446b-b713-777443235631","local_time":"20180922210812","is_ascension_mode":true,"campfire_choices":[{"data":"Bash","floor":6,"key":"SMITH"},{"data":"Pommel Strike","floor":8,"key":"SMITH"},{"data":"Headbutt","floor":10,"key":"SMITH"},{"data":"Shrug It Off","floor":15,"key":"SMITH"},{"data":"Inflame","floor":23,"key":"SMITH"},{"floor":27,"key":"REST"}],"neow_cost":"NO_GOLD","seed_source_timestamp":810297106228136,"circlet_count":0,"master_deck":["Defend_R","Defend_R","Defend_R","Bash+1","Headbutt+1","Heavy Blade","Pommel Strike+1","Shrug It Off+1","Seeing Red","Demon Form","Pommel Strike+1","Ghostly Armor+1","Inflame+1","Bite","Bite","Bite","Bite","Bite","Iron Wave","Intimidate","True Grit"],"relics":["Burning Blood","Dream Catcher","Happy Flower","Eternal Feather","Bag of Preparation"],"potions_floor_usage":[7,7,7,7,19,25,25,29,29],"damage_taken":[{"damage":13,"enemies":"Jaw Worm","floor":1,"turns":4},{"damage":8,"enemies":"2 Louse","floor":3,"turns":3},{"damage":1,"enemies":"Cultist","floor":5,"turns":3},{"damage":19,"enemies":"Lagavulin","floor":7,"turns":5},{"damage":7,"enemies":"Large Slime","floor":11,"turns":6},{"damage":3,"enemies":"Blue Slaver","floor":14,"turns":3},{"damage":57,"enemies":"The Guardian","floor":16,"turns":12},{"damage":42,"enemies":"3 Byrds","floor":18,"turns":7},{"damage":29,"enemies":"Shell Parasite","floor":19,"turns":7},{"damage":39,"enemies":"Snake Plant","floor":25,"turns":6},{"damage":30,"enemies":"Cultist and Chosen","floor":28,"turns":6},{"damage":43,"enemies":"Gremlin Leader","floor":29,"turns":3}],"seed_played":"-761655883386005730","potions_obtained":[{"floor":3,"key":"FearPotion"},{"floor":5,"key":"EntropicBrew"},{"floor":7,"key":"SpeedPotion"},{"floor":14,"key":"FairyPotion"},{"floor":25,"key":"SteroidPotion"},{"floor":28,"key":"Weak Potion"}],"is_trial":false,"path_per_floor":["M","?","M","$","M","R","E","R","T","R","M","?","?","M","R","B",null,"M","M","?","$","?","R","?","M","T","R","M"],"character_chosen":"IRONCLAD","items_purchased":["Inflame","Regen Potion"],"campfire_rested":1,"item_purchase_floors":[21,21],"current_hp_per_floor":[73,78,76,76,81,81,68,68,68,68,67,67,85,85,85,34,72,36,13,13,13,13,22,22,16,16,42,32,0],"gold":176,"neow_bonus":"REMOVE_TWO","is_prod":false,"is_daily":false,"chose_seed":false,"campfire_upgraded":5,"win_rate":0,"timestamp":1537664892,"path_taken":["M","?","M","?","M","R","E","R","T","R","M","?","?","M","R","BOSS","M","M","?","$","?","R","?","M","T","R","?","E"],"build_version":"2018-09-20","purchased_purges":1,"victory":false,"max_hp_per_floor":[80,85,85,85,85,85,85,85,85,85,85,85,85,85,85,85,85,85,85,85,85,59,59,59,59,59,59,59,59],"card_choices":[{"not_picked":["Thunderclap","Second Wind","Clash"],"picked":"SKIP","floor":1},{"not_picked":["Twin Strike","Entrench"],"picked":"Headbutt","floor":3},{"not_picked":["Sever Soul","Blood for Blood"],"picked":"Heavy Blade","floor":5},{"not_picked":["Iron Wave","Entrench"],"picked":"Pommel Strike","floor":7},{"not_picked":["Twin Strike","Cleave"],"picked":"Shrug It Off","floor":11},{"not_picked":["Clash","Burning Pact"],"picked":"Seeing Red","floor":14},{"not_picked":["Fiend Fire","Brutality"],"picked":"Demon Form","floor":16},{"not_picked":["Rupture","Wild Strike"],"picked":"Pommel Strike+1","floor":18},{"not_picked":["Twin Strike+1","True Grit"],"picked":"Ghostly Armor+1","floor":19},{"not_picked":["Searing Blow","Feel No Pain"],"picked":"Iron Wave","floor":25},{"not_picked":["Pommel Strike","Carnage+1"],"picked":"Intimidate","floor":27},{"not_picked":["Rage","Rampage"],"picked":"True Grit","floor":28}],"player_experience":135604,"relics_obtained":[{"floor":7,"key":"Dream Catcher"},{"floor":9,"key":"Happy Flower"},{"floor":26,"key":"Bag of Preparation"}],"event_choices":[{"event_name":"Big Fish","player_choice":"Donut","floor":2,"damage_taken":0},{"event_name":"Liars Game","player_choice":"disagreed","floor":12,"damage_taken":0},{"event_name":"The Cleric","player_choice":"Healed","floor":13,"damage_taken":0},{"event_name":"Ghosts","player_choice":"Ignored","floor":20,"damage_taken":0},{"event_name":"Vampires","player_choice":"Became a vampire","floor":22,"damage_taken":0},{"event_name":"Golden Shrine","player_choice":"Pray","floor":24,"damage_taken":0}],"is_beta":false,"boss_relics":[{"not_picked":["Tiny House","Coffee Dripper"],"picked":"Eternal Feather"}],"items_purged_floors":[21],"is_endless":false,"potions_floor_spawned":[3,5,7,14,25,28],"killed_by":"Gremlin Leader","ascension_level":5}