{"path_per_floor":["M","M","?","M","M","R","M","$","T","R","?","E","M","M","R","B",null,"M","?","$","M","M","R","T","M","T","E","M","?","M","M","R","B",null,"M","M","M","?","M","R","$","R","T"],"character_chosen":"IRONCLAD","items_purchased":["Uppercut","Flex","Spot Weakness","Cleave"],"gold_per_floor":[116,132,82,97,114,114,131,57,57,57,37,68,88,108,108,212,212,222,272,50,62,73,73,73,93,93,124,141,56,69,86,86,186,186,204,215,229,229,239,239,139,139,139],"floor_reached":44,"campfire_rested":0,"playtime":3619,"current_hp_per_floor":[75,80,80,72,78,78,69,69,69,69,69,61,65,69,69,37,80,77,77,77,83,80,80,80,85,85,44,36,50,45,32,32,35,105,98,75,61,61,35,35,35,35,35],"items_purged":["Strike_R","Strike_R"],"gold":139,"play_id":"82355579-ce79-470e-a9be-133dd676705a","is_prod":false,"is_daily":false,"is_ascension_mode":false,"campfire_upgraded":6,"path_taken":["M","M","?","M","M","R","?","$","T","R","?","E","M","M","R","BOSS","M","?","$","?","M","R","?","M","T","E","M","?","M","M","R","BOSS","M","M","M","?","M","R","$","R","T","?"],"build_version":"2018-01-25-PROD3","purchased_purges":2,"victory":false,"master_deck":["Strike_R","Strike_R","Defend_R","Bash+1","Fire Breathing","Clash","Clash","Spot Weakness","Whirlwind","Uppercut+1","Inflame+1","Pommel Strike","Sword Boomerang","Feed+1","Flex","Spot Weakness","Cleave","Flex+1","Inflame+1","Twin Strike","Whirlwind","Shrug It Off","Impervious","Heavy Blade+1","Brutality","Sword Boomerang+1","Pummel+1","Shrug It Off"],"max_hp_per_floor":[80,80,80,80,80,80,80,80,80,80,80,80,80,80,80,80,80,80,80,80,83,83,83,83,87,87,87,87,101,101,105,105,105,105,105,105,105,105,105,105,105,105,105],"relics":["Burning Blood","Magic Flower","Peace Pipe","Velvet Choker","Gambling Chip","Girya","Bottled Tornado","Mango","Question Card","Unceasing Top"],"card_choices":[{"not_picked":["Rupture","Twin Strike"],"picked":"Clash"},{"not_picked":["Warcry","Twin Strike"],"picked":"Clash"},{"not_picked":["Headbutt","Twin Strike"],"picked":"Spot Weakness"},{"not_picked":["True Grit","Warcry"],"picked":"Whirlwind"},{"not_picked":["Bloodletting","Heavy Blade"],"picked":"Inflame"},{"not_picked":["Clash","Intimidate"],"picked":"Pommel Strike"},{"not_picked":["Armaments","Infernal Blade"],"picked":"Sword Boomerang"},{"not_picked":["Barricade","Juggernaut"],"picked":"Feed"},{"not_picked":["Blood for Blood","Shrug It Off"],"picked":"Flex"},{"not_picked":["Thunderclap","Iron Wave"],"picked":"Inflame"},{"not_picked":["Warcry","Infernal Blade"],"picked":"Twin Strike"},{"not_picked":["Warcry","Rupture"],"picked":"Whirlwind"},{"not_picked":["Twin Strike","Battle Trance"],"picked":"Shrug It Off"},{"not_picked":["Warcry","Wild Strike"],"picked":"Impervious"},{"not_picked":["Searing Blow","Pommel Strike"],"picked":"Heavy Blade"},{"not_picked":["Bludgeon","Juggernaut"],"picked":"Brutality"},{"not_picked":["Cleave","Flex","Rupture"],"picked":"Sword Boomerang"},{"not_picked":["Wild Strike","Rupture","Flex"],"picked":"Pummel"},{"not_picked":["Anger","Body Slam","Clash"],"picked":"Shrug It Off"}],"player_experience":65989,"potions_floor_usage":[12,37,37],"damage_taken":[{"damage":11,"enemies":"Jaw Worm","floor":1,"turns":3},{"damage":0,"enemies":"Cultist","floor":2,"turns":2},{"damage":14,"enemies":"Blue Slaver","floor":4,"turns":3},{"damage":0,"enemies":"2 Fungi Beasts","floor":5,"turns":2},{"damage":15,"enemies":"Lots of Slimes","floor":7,"turns":3},{"damage":32,"enemies":"3 Sentries","floor":12,"turns":4},{"damage":5,"enemies":"3 Louse","floor":13,"turns":2},{"damage":5,"enemies":"Looter","floor":14,"turns":2},{"damage":41,"enemies":"Slime Boss","floor":16,"turns":4},{"damage":12,"enemies":"Shell Parasite","floor":18,"turns":2},{"damage":0,"enemies":"Chosen","floor":21,"turns":2},{"damage":12,"enemies":"Centurion and Healer","floor":22,"turns":3},{"damage":10,"enemies":"Sentry and Sphere","floor":25,"turns":3},{"damage":50,"enemies":"Slavers","floor":27,"turns":3},{"damage":17,"enemies":"Slaver and Parasite","floor":28,"turns":3},{"damage":14,"enemies":"Centurion and Healer","floor":30,"turns":3},{"damage":28,"enemies":"Snake Plant","floor":31,"turns":3},{"damage":6,"enemies":"Collector","floor":33,"turns":5},{"damage":16,"enemies":"3 Darklings","floor":35,"turns":3},{"damage":32,"enemies":"3 Shapes","floor":36,"turns":3},{"damage":23,"enemies":"Sphere and 2 Shapes","floor":37,"turns":4},{"damage":35,"enemies":"Maw","floor":39,"turns":5}],"event_choices":[{"event_name":"The Cleric","player_choice":"Card Removal","floor":3,"damage_taken":0},{"event_name":"The Woman in Blue","player_choice":"Bought 1 Potion","floor":11,"damage_taken":0},{"event_name":"The Joust","player_choice":"Bet on Murderer","floor":19,"damage_taken":0},{"event_name":"Addict","player_choice":"Obtained Relic","floor":29,"damage_taken":0}],"boss_relics":[{"not_picked":["Black Blood","Snecko Eye"],"picked":"Velvet Choker"},{"not_picked":["Orrery","Calling Bell"],"picked":"Question Card"}],"potions_floor_spawned":[1,12,13,14,21,25,27,28,31,36,39],"seed_played":"-4492140984285921538","killed_by":"4 Shapes","ascension_level":0,"is_trial":false}