{"gold_per_floor":[111,111,111,111,111,111,139,139,219,235,235,262,187,57,57,131,131,143,143,143,143,43,99,99,116,116,116,133,133,162,162,162,237,287,301,311,86,86,86,86,106,129,152,182,182,182,210,210,210,210,210,210,210,48,82,82],"floor_reached":57,"playtime":1836,"items_purged":["Strike_R","Strike_R","Strike_R"],"score":3017,"play_id":"a6f98440-306f-42c5-80d9-4968d2bfe568","local_time":"20190325124946","is_ascension_mode":true,"campfire_choices":[{"data":"Bash","floor":6.0,"key":"SMITH"},{"data":"Entrench","floor":8.0,"key":"SMITH"},{"data":"Carnage","floor":11.0,"key":"SMITH"},{"data":"True Grit","floor":15.0,"key":"SMITH"},{"data":"Barricade","floor":27.0,"key":"SMITH"},{"data":"Second Wind","floor":29.0,"key":"SMITH"},{"data":"Body Slam","floor":32.0,"key":"SMITH"},{"data":"Finesse","floor":40.0,"key":"SMITH"},{"data":"Ghostly","floor":45.0,"key":"SMITH"},{"floor":49.0,"key":"RECALL"},{"data":"Shrug It Off","floor":53.0,"key":"SMITH"}],"neow_cost":"NONE","seed_source_timestamp":62651162417100,"circlet_count":0,"master_deck":["AscendersBane","Defend_R+1","Defend_R","Defend_R","Defend_R","Bash+1","Second Wind+1","Entrench+1","Carnage+1","True Grit+1","Barricade+1","Shrug It Off+1","Ghostly+1","Ghostly+1","Ghostly+1","Body Slam+1","Second Wind+1","Finesse+1","Shrug It Off+1","Madness","Madness","Entrench"],"special_seed":0,"relics":["Burning Blood","NeowsBlessing","Red Skull","Potion Belt","Gremlin Horn","Oddly Smooth Stone","Omamori","Philosopher\u0027s Stone","Tiny Chest","Bronze Scales","War Paint","Bag of Preparation","Letter Opener","Tiny House","Matryoshka","Blue Candle","PreservedInsect","Strawberry","Blood Vial","Regal Pillow","Turnip","Pocketwatch"],"potions_floor_usage":[55,56],"damage_taken":[{"damage":0.0,"enemies":"Cultist","floor":1.0,"turns":1.0},{"damage":0.0,"enemies":"Lagavulin","floor":7.0,"turns":1.0},{"damage":0.0,"enemies":"Small Slimes","floor":10.0,"turns":2.0},{"damage":32.0,"enemies":"Gremlin Nob","floor":12.0,"turns":4.0},{"damage":28.0,"enemies":"Hexaghost","floor":16.0,"turns":8.0},{"damage":17.0,"enemies":"2 Thieves","floor":18.0,"turns":4.0},{"damage":19.0,"enemies":"Book of Stabbing","floor":23.0,"turns":6.0},{"damage":2.0,"enemies":"Shell Parasite","floor":25.0,"turns":6.0},{"damage":0.0,"enemies":"Snecko","floor":28.0,"turns":8.0},{"damage":21.0,"enemies":"Slavers","floor":30.0,"turns":10.0},{"damage":1.0,"enemies":"Champ","floor":33.0,"turns":9.0},{"damage":0.0,"enemies":"3 Darklings","floor":35.0,"turns":6.0},{"damage":2.0,"enemies":"Orb Walker","floor":36.0,"turns":7.0},{"damage":0.0,"enemies":"3 Darklings","floor":41.0,"turns":5.0},{"damage":0.0,"enemies":"Reptomancer","floor":44.0,"turns":6.0},{"damage":0.0,"enemies":"Nemesis","floor":47.0,"turns":7.0},{"damage":33.0,"enemies":"Time Eater","floor":50.0,"turns":9.0},{"damage":0.0,"enemies":"Awakened One","floor":51.0,"turns":8.0},{"damage":27,"enemies":"Shield and Spear","floor":55,"turns":11},{"damage":17,"enemies":"The Heart","floor":56,"turns":8}],"seed_played":"9187815034565831039","potions_obtained":[{"floor":1.0,"key":"Poison Potion"},{"floor":12.0,"key":"Poison Potion"},{"floor":16.0,"key":"LiquidBronze"},{"floor":18.0,"key":"Poison Potion"},{"floor":25.0,"key":"EssenceOfSteel"},{"floor":34.0,"key":"AttackPotion"},{"floor":36.0,"key":"Weak Potion"},{"floor":44.0,"key":"BloodPotion"}],"is_trial":false,"path_per_floor":["M","?","?","?","T","R","E","R","T","M","R","E","?","$","R","B",null,"M","?","?","?","$","E","?","M","T","R","M","R","E","T","R","B",null,"M","M","$","?","T","R","M","T","T","E","R","?","E","?","R","B","B",null,"R","$","E","B",null],"character_chosen":"IRONCLAD","items_purchased":["True Grit","Finesse","Entrench","LiquidBronze"],"campfire_rested":0,"item_purchase_floors":[14,37,54,54],"current_hp_per_floor":[74,74,69,69,69,69,75,75,75,75,75,49,49,49,49,27,63,52,52,37,37,37,24,24,28,28,28,34,34,19,19,19,24,39,42,42,42,42,42,42,42,42,49,49,49,49,49,40,40,19,27,44,44,44,25,16],"gold":82,"neow_bonus":"THREE_ENEMY_KILL","is_prod":false,"is_daily":false,"chose_seed":false,"campfire_upgraded":10,"win_rate":0,"timestamp":1553485786,"path_taken":["M","?","?","?","?","R","E","R","T","M","R","E","?","?","R","BOSS","M","?","?","?","$","E","?","?","T","R","M","R","E","?","R","BOSS","M","M","$","?","?","R","?","?","T","E","R","?","E","?","R","BOSS","BOSS","R","$","E","BOSS"],"build_version":"2019-01-23","purchased_purges":3,"victory":true,"max_hp_per_floor":[75,75,75,75,75,75,75,75,75,75,75,75,75,75,75,75,75,75,75,37,37,37,37,37,37,37,37,37,37,37,37,37,37,42,42,42,42,42,42,42,42,42,49,49,49,49,49,49,49,49,49,49,49,49,49,49],"card_choices":[{"not_picked":["Perfected Strike","Thunderclap"],"picked":"Second Wind","floor":1.0},{"not_picked":["Body Slam","Clash"],"picked":"Entrench","floor":7.0},{"not_picked":["Sword Boomerang","Pommel Strike"],"picked":"Carnage","floor":10.0},{"not_picked":["Thunderclap","Clash","Anger"],"picked":"SKIP","floor":12.0},{"not_picked":["Impervious","Reaper"],"picked":"Barricade","floor":16.0},{"not_picked":["Wild Strike","Headbutt"],"picked":"Shrug It Off","floor":18.0},{"not_picked":["Anger","Demon Form","Dropkick"],"picked":"SKIP","floor":23.0},{"not_picked":["Sword Boomerang","Pommel Strike+1","Iron Wave"],"picked":"SKIP","floor":25.0},{"not_picked":["Anger","Sword Boomerang","Sever Soul"],"picked":"SKIP","floor":28.0},{"not_picked":["Ghostly Armor","Sword Boomerang"],"picked":"Body Slam","floor":30.0},{"not_picked":["Heavy Blade","Flame Barrier"],"picked":"Second Wind+1","floor":35.0},{"not_picked":["Sentinel","Cleave","Pommel Strike"],"picked":"SKIP","floor":36.0},{"not_picked":["Burning Pact+1","Armaments","True Grit"],"picked":"SKIP","floor":41.0},{"not_picked":["Iron Wave","Metallicize+1","Dropkick"],"picked":"SKIP","floor":44.0},{"not_picked":["Clash","Rage"],"picked":"Shrug It Off+1","floor":47.0},{"not_picked":["Rampage","Brutality","Clash+1"],"picked":"SKIP","floor":55}],"player_experience":2555737,"relics_obtained":[{"floor":5.0,"key":"Gremlin Horn"},{"floor":7.0,"key":"Oddly Smooth Stone"},{"floor":12.0,"key":"Omamori"},{"floor":23.0,"key":"Tiny Chest"},{"floor":26.0,"key":"War Paint"},{"floor":30.0,"key":"Bag of Preparation"},{"floor":31.0,"key":"Letter Opener"},{"floor":39.0,"key":"Matryoshka"},{"floor":42.0,"key":"Blue Candle"},{"floor":42.0,"key":"PreservedInsect"},{"floor":43.0,"key":"Strawberry"},{"floor":43.0,"key":"Blood Vial"},{"floor":44.0,"key":"Regal Pillow"},{"floor":47.0,"key":"Turnip"},{"floor":55,"key":"Pocketwatch"}],"event_choices":[{"damage_healed":0.0,"max_hp_gain":0.0,"max_hp_loss":0.0,"gold_gain":0.0,"event_name":"Big Fish","player_choice":"Box","floor":2.0,"gold_loss":0.0,"damage_taken":0.0,"relics_obtained":["Red Skull"],"cards_obtained":["Regret"]},{"damage_healed":0.0,"max_hp_gain":0.0,"max_hp_loss":0.0,"gold_gain":0.0,"event_name":"Scrap Ooze","player_choice":"Success","floor":3.0,"gold_loss":0.0,"damage_taken":5.0,"relics_obtained":["Potion Belt"]},{"cards_removed":["Regret"],"damage_healed":0.0,"max_hp_gain":0.0,"max_hp_loss":0.0,"gold_gain":0.0,"event_name":"Living Wall","player_choice":"Forget","floor":4.0,"gold_loss":0.0,"damage_taken":0.0},{"cards_removed":["Strike_R"],"damage_healed":0.0,"max_hp_gain":0.0,"max_hp_loss":0.0,"gold_gain":0.0,"event_name":"The Cleric","player_choice":"Card Removal","floor":13.0,"gold_loss":75.0,"damage_taken":0.0},{"damage_healed":0.0,"max_hp_gain":0.0,"max_hp_loss":0.0,"gold_gain":0.0,"event_name":"Vampires","player_choice":"Ignored","floor":19.0,"gold_loss":0.0,"damage_taken":0.0},{"damage_healed":0.0,"max_hp_gain":0.0,"max_hp_loss":38.0,"gold_gain":0.0,"event_name":"Ghosts","player_choice":"Became a Ghost","floor":20.0,"gold_loss":0.0,"damage_taken":0.0,"cards_obtained":["Ghostly","Ghostly","Ghostly"]},{"cards_removed":["Strike_R"],"damage_healed":0.0,"max_hp_gain":0.0,"max_hp_loss":0.0,"gold_gain":0.0,"event_name":"Back to Basics","player_choice":"Elegance","floor":21.0,"gold_loss":0.0,"damage_taken":0.0},{"damage_healed":0.0,"max_hp_gain":0.0,"max_hp_loss":0.0,"gold_gain":0.0,"event_name":"The Mausoleum","player_choice":"Opened","floor":24.0,"gold_loss":0.0,"damage_taken":0.0,"relics_obtained":["Bronze Scales"],"cards_obtained":["Writhe"]},{"damage_healed":0.0,"max_hp_gain":0.0,"max_hp_loss":0.0,"gold_gain":0.0,"event_name":"Mysterious Sphere","player_choice":"Ignored","floor":38.0,"gold_loss":0.0,"damage_taken":0.0},{"damage_healed":0.0,"max_hp_gain":0.0,"max_hp_loss":0.0,"gold_gain":0.0,"event_name":"Tomb of Lord Red Mask","player_choice":"Ignored","floor":46.0,"gold_loss":0.0,"damage_taken":0.0},{"damage_healed":0.0,"max_hp_gain":0.0,"max_hp_loss":0.0,"gold_gain":0.0,"event_name":"Winding Halls","player_choice":"Embrace Madness","floor":48.0,"gold_loss":0.0,"damage_taken":9.0,"cards_obtained":["Madness","Madness"]}],"is_beta":false,"boss_relics":[{"not_picked":["Runic Pyramid","Pandora\u0027s Box"],"picked":"Philosopher\u0027s Stone"},{"not_picked":["Calling Bell","Fusion Hammer"],"picked":"Tiny House"}],"items_purged_floors":[14,22,37],"is_endless":false,"potions_floor_spawned":[1,12,16,18,25,36,44],"ascension_level":20}