{"gold_per_floor":[115,6,6,23,37,37,69,69,69,99,99,21,40,58,58,154,154,79,79,79,79,79,79,79,79,79,4,4,4,4,4,4,4,4,4,4,4,4,4,4,4,4,4,4,4,4,4,4,4,4,4,4,4,4,4],"floor_reached":55,"playtime":6814,"items_purged":["Writhe"],"score":942,"play_id":"faf5e33c-2e10-4ffa-bc86-87ebc3e4532a","local_time":"20190217211241","is_ascension_mode":true,"campfire_choices":[{"data":"Poisoned Stab","floor":6.0,"key":"SMITH"},{"data":"Leg Sweep","floor":8.0,"key":"SMITH"},{"data":"Dagger Spray","floor":11.0,"key":"SMITH"},{"data":"Noxious Fumes","floor":15.0,"key":"SMITH"},{"data":"A Thousand Cuts","floor":24.0,"key":"SMITH"},{"data":"Burst","floor":30.0,"key":"SMITH"},{"floor":32.0,"key":"REST"},{"data":"1","floor":41.0,"key":"LIFT"},{"floor":45.0,"key":"RECALL"},{"data":"2","floor":49.0,"key":"LIFT"},{"data":"3","floor":52.0,"key":"LIFT"}],"neow_cost":"CURSE","seed_source_timestamp":0,"circlet_count":0,"master_deck":["Defend_G","Defend_G","Defend_G","Defend_G","Defend_G","Strike_G","Strike_G+1","Survivor","Neutralize+1","Choke","Leg Sweep+1","Blade Dance+1","Escape Plan","Poisoned Stab+1","Dagger Spray+1","Noxious Fumes+1","Poisoned Stab","A Thousand Cuts+1","Well Laid Plans+1","PiercingWail","Burst+1","Blade Dance","Deadly Poison","Deflect+1","Backflip","Backflip","Night Terror","Skewer+1","Cloak And Dagger+1","Bouncing Flask","Backflip+1","Bullet Time","Crippling Poison"],"special_seed":0,"relics":["Ring of the Snake","Meat on the Bone","Ornamental Fan","Omamori","Ectoplasm","WarpedTongs","Pear","Art of War","Anchor","Potion Belt","Snecko Eye","Girya","Pen Nib","Bottled Tornado","Pantograph","Whetstone"],"potions_floor_usage":[54,54,55,55,55,55],"damage_taken":[{"damage":3.0,"enemies":"Jaw Worm","floor":1.0,"turns":8.0},{"damage":0.0,"enemies":"Cultist","floor":4.0,"turns":2.0},{"damage":0.0,"enemies":"2 Louse","floor":5.0,"turns":2.0},{"damage":12.0,"enemies":"3 Sentries","floor":7.0,"turns":10.0},{"damage":24.0,"enemies":"Gremlin Nob","floor":10.0,"turns":4.0},{"damage":4.0,"enemies":"Lots of Slimes","floor":13.0,"turns":4.0},{"damage":4.0,"enemies":"Looter","floor":14.0,"turns":2.0},{"damage":22.0,"enemies":"Slime Boss","floor":16.0,"turns":10.0},{"damage":2.0,"enemies":"2 Thieves","floor":18.0,"turns":4.0},{"damage":0.0,"enemies":"3 Byrds","floor":20.0,"turns":4.0},{"damage":2.0,"enemies":"Centurion and Healer","floor":21.0,"turns":7.0},{"damage":3.0,"enemies":"Snecko","floor":22.0,"turns":3.0},{"damage":17.0,"enemies":"Book of Stabbing","floor":23.0,"turns":6.0},{"damage":18.0,"enemies":"Gremlin Leader","floor":25.0,"turns":6.0},{"damage":6.0,"enemies":"Slavers","floor":28.0,"turns":3.0},{"damage":2.0,"enemies":"Snake Plant","floor":31.0,"turns":4.0},{"damage":6.0,"enemies":"Collector","floor":33.0,"turns":7.0},{"damage":4.0,"enemies":"3 Darklings","floor":35.0,"turns":4.0},{"damage":42.0,"enemies":"2 Orb Walkers","floor":36.0,"turns":4.0},{"damage":0.0,"enemies":"Orb Walker","floor":37.0,"turns":2.0},{"damage":5.0,"enemies":"Jaw Worm Horde","floor":39.0,"turns":4.0},{"damage":0.0,"enemies":"Nemesis","floor":42.0,"turns":5.0},{"damage":0.0,"enemies":"Maw","floor":44.0,"turns":6.0},{"damage":24.0,"enemies":"Reptomancer","floor":46.0,"turns":6.0},{"damage":0.0,"enemies":"3 Darklings","floor":47.0,"turns":3.0},{"damage":0.0,"enemies":"Sphere and 2 Shapes","floor":48.0,"turns":5.0},{"damage":20.0,"enemies":"Awakened One","floor":50.0,"turns":9.0},{"damage":40,"enemies":"Shield and Spear","floor":54,"turns":6},{"damage":99,"enemies":"The Heart","floor":55,"turns":9}],"seed_played":"9151144927445711182","potions_obtained":[{"floor":4.0,"key":"Fruit Juice"},{"floor":7.0,"key":"Energy Potion"},{"floor":16.0,"key":"LiquidBronze"},{"floor":21.0,"key":"PowerPotion"},{"floor":31.0,"key":"Ancient Potion"},{"floor":33.0,"key":"Fruit Juice"},{"floor":37.0,"key":"GhostInAJar"},{"floor":39.0,"key":"Strength Potion"},{"floor":46.0,"key":"SpeedPotion"},{"floor":47.0,"key":"Poison Potion"},{"floor":54,"key":"AttackPotion"}],"is_trial":false,"path_per_floor":["M","$","?","M","M","R","E","R","T","E","R","$","M","M","R","B",null,"M","?","M","M","M","E","R","E","T","?","E","?","R","M","R","B",null,"M","?","M","?","M","T","R","E","T","M","R","E","M","M","R","B",null,"R","$","E","B"],"character_chosen":"THE_SILENT","items_purchased":["Escape Plan","Noxious Fumes"],"campfire_rested":1,"item_purchase_floors":[2,12],"current_hp_per_floor":[67,67,67,67,67,67,55,55,55,43,43,43,39,47,47,37,70,68,68,68,66,63,56,56,50,50,50,44,44,44,42,66,60,80,76,46,46,46,41,41,41,41,41,41,41,34,51,51,51,56,90,90,90,50,0],"gold":4,"neow_bonus":"TRANSFORM_TWO_CARDS","is_prod":false,"is_daily":false,"chose_seed":false,"campfire_upgraded":6,"win_rate":0,"timestamp":1550455961,"path_taken":["M","$","?","?","M","R","E","R","T","E","R","$","M","M","R","BOSS","M","?","M","?","M","E","R","E","T","?","E","?","R","M","R","BOSS","M","?","M","?","?","?","R","E","T","M","R","E","?","M","R","BOSS","R","$","E","BOSS"],"build_version":"2019-01-23","purchased_purges":1,"victory":false,"max_hp_per_floor":[70,70,70,70,70,70,70,70,70,70,70,70,70,70,70,70,70,70,70,70,70,70,80,80,80,80,80,80,80,80,80,80,80,80,80,80,80,80,80,80,80,80,80,80,80,85,90,90,90,90,90,90,90,90,90],"card_choices":[{"not_picked":["Flying Knee","Backflip"],"picked":"Blade Dance","floor":1.0},{"not_picked":["Finisher","Dagger Throw"],"picked":"Poisoned Stab","floor":4.0},{"not_picked":["Dagger Throw","Tactician","Venomology"],"picked":"SKIP","floor":5.0},{"not_picked":["Prepared","Sucker Punch","Outmaneuver"],"picked":"SKIP","floor":7.0},{"not_picked":["Escape Plan","Backflip"],"picked":"Dagger Spray","floor":10.0},{"not_picked":["Finisher","Deadly Poison"],"picked":"Poisoned Stab","floor":13.0},{"not_picked":["Setup","Bane","Deadly Poison"],"picked":"SKIP","floor":14.0},{"not_picked":["Glass Knife","Storm of Steel"],"picked":"A Thousand Cuts","floor":16.0},{"not_picked":["Bouncing Flask","Quick Slash+1"],"picked":"Well Laid Plans+1","floor":18.0},{"not_picked":["Infinite Blades","Prepared"],"picked":"PiercingWail","floor":20.0},{"not_picked":["Underhanded Strike","Eviscerate+1"],"picked":"Burst","floor":21.0},{"not_picked":["Flying Knee+1","Predator"],"picked":"Blade Dance","floor":22.0},{"not_picked":["Finisher+1","Slice"],"picked":"Deadly Poison","floor":23.0},{"not_picked":["Blade Dance","Deadly Poison+1"],"picked":"Deflect+1","floor":25.0},{"not_picked":["Deadly Poison","Slice","Dagger Spray"],"picked":"SKIP","floor":28.0},{"not_picked":["Slice","Bane+1"],"picked":"Backflip","floor":31.0},{"not_picked":["Phantasmal Killer","Corpse Explosion"],"picked":"Night Terror","floor":33.0},{"not_picked":["Deflect+1","Noxious Fumes+1"],"picked":"Skewer+1","floor":35.0},{"not_picked":["Choke","Outmaneuver+1"],"picked":"Cloak And Dagger+1","floor":36.0},{"not_picked":["Dodge and Roll","Masterful Stab+1"],"picked":"Bouncing Flask","floor":37.0},{"not_picked":["Distraction","Quick Slash","Prepared"],"picked":"SKIP","floor":39.0},{"not_picked":["Distraction","Deadly Poison+1"],"picked":"Backflip+1","floor":42.0},{"not_picked":["Acrobatics","Dodge and Roll","Calculated Gamble+1"],"picked":"SKIP","floor":44.0},{"not_picked":["Flechettes","Acrobatics+1"],"picked":"Bullet Time","floor":46.0},{"not_picked":["Dagger Throw","Acrobatics","Footwork+1"],"picked":"SKIP","floor":47.0},{"not_picked":["Dagger Throw+1","Heel Hook+1","Deadly Poison"],"picked":"SKIP","floor":48.0},{"not_picked":["Concentrate+1","Acrobatics+1"],"picked":"Crippling Poison","floor":54}],"player_experience":174311,"relics_obtained":[{"floor":7.0,"key":"Meat on the Bone"},{"floor":9.0,"key":"Ornamental Fan"},{"floor":10.0,"key":"Omamori"},{"floor":23.0,"key":"Pear"},{"floor":25.0,"key":"Art of War"},{"floor":26.0,"key":"Anchor"},{"floor":28.0,"key":"Potion Belt"},{"floor":36.0,"key":"Girya"},{"floor":42.0,"key":"Pen Nib"},{"floor":43.0,"key":"Bottled Tornado"},{"floor":46.0,"key":"Pantograph"},{"floor":54,"key":"Whetstone"}],"event_choices":[{"damage_healed":0.0,"max_hp_gain":0.0,"max_hp_loss":0.0,"gold_gain":0.0,"event_name":"Upgrade Shrine","player_choice":"Upgraded","floor":3.0,"gold_loss":0.0,"damage_taken":0.0,"cards_upgraded":["Blade Dance"]},{"damage_healed":0.0,"max_hp_gain":0.0,"max_hp_loss":0.0,"gold_gain":0.0,"event_name":"Accursed Blacksmith","player_choice":"Rummage","floor":19.0,"gold_loss":0.0,"damage_taken":0.0,"relics_obtained":["WarpedTongs"],"cards_obtained":["Pain"]},{"cards_removed":["Strike_G"],"damage_healed":0.0,"max_hp_gain":0.0,"max_hp_loss":0.0,"gold_gain":0.0,"event_name":"Beggar","player_choice":"Gave Gold","floor":27.0,"gold_loss":75.0,"damage_taken":0.0},{"damage_healed":0.0,"max_hp_gain":0.0,"max_hp_loss":0.0,"gold_gain":0.0,"event_name":"The Library","player_choice":"Read","floor":29.0,"gold_loss":0.0,"damage_taken":0.0,"cards_obtained":["Backflip"]},{"damage_healed":0.0,"max_hp_gain":0.0,"max_hp_loss":0.0,"gold_gain":0.0,"event_name":"Mysterious Sphere","player_choice":"Fight","floor":36.0,"gold_loss":0.0,"damage_taken":0.0},{"damage_healed":0.0,"max_hp_gain":0.0,"max_hp_loss":0.0,"gold_gain":100.0,"event_name":"Golden Shrine","player_choice":"Pray","floor":38.0,"gold_loss":0.0,"damage_taken":0.0}],"is_beta":false,"boss_relics":[{"not_picked":["Busted Crown","Cursed Key"],"picked":"Ectoplasm"},{"not_picked":["Runic Dome","Astrolabe"],"picked":"Snecko Eye"}],"items_purged_floors":[2],"is_endless":false,"potions_floor_spawned":[4,7,16,21,22,23,31,33,37,39,46,47,48,54],"killed_by":"The Heart","ascension_level":3}