{"gold_per_floor":[111,122,122,138,6,6,21,56,56,56,130,130,146,160,160,237,237,249,219,219,81,93,93,93,112,112,130,130,1,31,31,31,31],"floor_reached":33,"playtime":1846,"items_purged":[],"score":540,"play_id":"df727929-f59c-403b-961c-f2ecd5219d89","local_time":"20190417145118","is_ascension_mode":true,"campfire_choices":[{"floor":6.0,"key":"REST"},{"data":"Jack Of All Trades","floor":15.0,"key":"SMITH"},{"floor":23,"key":"REST"},{"floor":28,"key":"REST"},{"floor":32,"key":"REST"}],"neow_cost":"NONE","seed_source_timestamp":0,"circlet_count":0,"master_deck":["AscendersBane","Strike_B","Strike_B","Strike_B","Defend_B","Defend_B","Defend_B","Defend_B","Zap","Dualcast","Chill","FTL","Ball Lightning","Self Repair","Jack Of All Trades+1","Ball Lightning","Core Surge","Stack","Defragment+1","Conserve Battery","Echo Form+1","Chaos+1","Defragment+1","White Noise","Amplify","Barrage","Defragment+1","Hello World+1"],"special_seed":0,"relics":["Cracked Core","Frozen Egg 2","Question Card","Shuriken","Lizard Tail","Bottled Tornado","StoneCalendar","Bottled Flame"],"potions_floor_usage":[19,22,25,27,30],"damage_taken":[{"damage":0.0,"enemies":"Cultist","floor":1.0,"turns":3.0},{"damage":0.0,"enemies":"2 Louse","floor":2.0,"turns":2.0},{"damage":5.0,"enemies":"Jaw Worm","floor":4.0,"turns":2.0},{"damage":8.0,"enemies":"Red Slaver","floor":7.0,"turns":3.0},{"damage":8.0,"enemies":"Gremlin Nob","floor":8.0,"turns":3.0},{"damage":4.0,"enemies":"3 Sentries","floor":11.0,"turns":5.0},{"damage":6.0,"enemies":"Exordium Wildlife","floor":13.0,"turns":5.0},{"damage":6.0,"enemies":"Blue Slaver","floor":14.0,"turns":3.0},{"damage":39.0,"enemies":"Slime Boss","floor":16.0,"turns":8.0},{"damage":18,"enemies":"Chosen","floor":18,"turns":5},{"damage":18,"enemies":"2 Thieves","floor":19,"turns":4},{"damage":70,"enemies":"Shelled Parasite and Fungi","floor":22,"turns":4},{"damage":35,"enemies":"Snake Plant","floor":25,"turns":5},{"damage":29,"enemies":"Cultist and Chosen","floor":27,"turns":6},{"damage":25,"enemies":"Gremlin Leader","floor":30,"turns":6},{"damage":79,"enemies":"Automaton","floor":33,"turns":6}],"seed_played":"7167854494081910292","potions_obtained":[{"floor":0.0,"key":"FocusPotion"},{"floor":0.0,"key":"Dexterity Potion"},{"floor":2.0,"key":"AttackPotion"},{"floor":14.0,"key":"Ancient Potion"},{"floor":16.0,"key":"FearPotion"},{"floor":18,"key":"Block Potion"},{"floor":22,"key":"SkillPotion"},{"floor":25,"key":"Block Potion"}],"is_trial":false,"path_per_floor":["M","M","?","M","$","R","M","E","T","$","E","?","M","M","R","B",null,"M","M","?","$","M","R","?","M","T","M","R","$","E","T","R","B"],"character_chosen":"DEFECT","items_purchased":["Self Repair","Jack Of All Trades","Defragment+1","PowerPotion","Defragment+1","Block Potion"],"campfire_rested":4,"item_purchase_floors":[5,5,21,21,29,29],"current_hp_per_floor":[64,64,64,59,59,71,70,69,69,69,71,71,71,65,65,33,62,51,40,40,40,35,56,56,35,35,20,41,41,16,16,37,0],"gold":31,"neow_bonus":"THREE_SMALL_POTIONS","is_prod":false,"is_daily":false,"chose_seed":false,"campfire_upgraded":1,"win_rate":0,"timestamp":1555501878,"path_taken":["M","M","?","M","$","R","M","E","T","$","E","?","M","M","R","BOSS","M","?","?","$","?","R","?","M","T","M","R","?","E","?","R","BOSS"],"build_version":"2019-01-23","purchased_purges":0,"victory":false,"max_hp_per_floor":[71,71,71,71,71,71,71,71,71,71,71,71,71,71,71,71,71,71,71,71,71,71,71,71,71,71,71,71,71,71,71,71,71],"card_choices":[{"not_picked":["Rebound","FTL"],"picked":"Chill","floor":1.0},{"not_picked":["Rebound","Gash"],"picked":"FTL","floor":2.0},{"not_picked":["Redo","Barrage"],"picked":"Ball Lightning","floor":4.0},{"not_picked":["Sunder","Steam"],"picked":"Ball Lightning","floor":7.0},{"not_picked":["Beam Cell","Gash"],"picked":"Core Surge","floor":8.0},{"not_picked":["Leap","Hologram","Go for the Eyes"],"picked":"Stack","floor":11.0},{"not_picked":["Undo","Streamline","Aggregate"],"picked":"Defragment+1","floor":13.0},{"not_picked":["Reinforced Body","Leap","Turbo"],"picked":"Conserve Battery","floor":14.0},{"not_picked":["Machine Learning+1","Amplify","Buffer+1"],"picked":"Echo Form+1","floor":16.0},{"not_picked":["Chill","Leap+1","Steam"],"picked":"Chaos","floor":18},{"not_picked":["Coolheaded","Genetic Algorithm","Stack","Leap"],"picked":"SKIP","floor":19},{"not_picked":["Recycle","Sweeping Beam","Reprogram","Reinforced Body"],"picked":"SKIP","floor":22},{"not_picked":["Chill+1","Barrage","Beam Cell"],"picked":"Amplify","floor":25},{"not_picked":["Gash","Streamline","Rebound"],"picked":"Barrage","floor":27},{"not_picked":["Steam","Stack","Hologram"],"picked":"Hello World+1","floor":30}],"player_experience":1205764,"relics_obtained":[{"floor":8.0,"key":"Frozen Egg 2"},{"floor":9.0,"key":"Question Card"},{"floor":11.0,"key":"Shuriken"},{"floor":26,"key":"Bottled Tornado"},{"floor":30,"key":"StoneCalendar"},{"floor":31,"key":"Bottled Flame"}],"event_choices":[{"damage_healed":0.0,"max_hp_gain":0.0,"max_hp_loss":0.0,"gold_gain":0.0,"event_name":"The Cleric","player_choice":"Leave","floor":3.0,"gold_loss":0.0,"damage_taken":0.0},{"cards_removed":["Strike_B"],"damage_healed":0.0,"max_hp_gain":0.0,"max_hp_loss":0.0,"gold_gain":0.0,"event_name":"Wheel of Change","player_choice":"Card Removal","floor":12.0,"gold_loss":0.0,"damage_taken":0.0},{"damage_healed":0,"gold_gain":0,"player_choice":"Upgraded","damage_taken":0,"max_hp_gain":0,"max_hp_loss":0,"event_name":"Upgrade Shrine","floor":20,"gold_loss":0,"cards_upgraded":["Chaos"]},{"damage_healed":0,"gold_gain":0,"player_choice":"Read","damage_taken":0,"max_hp_gain":0,"max_hp_loss":0,"event_name":"The Library","floor":24,"gold_loss":0,"cards_obtained":["White Noise"]}],"is_beta":false,"boss_relics":[{"not_picked":["Astrolabe","Cursed Key"],"picked":"Lizard Tail"}],"items_purged_floors":[],"is_endless":false,"potions_floor_spawned":[2,7,14,16,18,22,25],"killed_by":"Automaton","ascension_level":19}