{"path_per_floor":["M","M","?","M","?","E","R","M","T","R","?","M","$","M","R","B",null,"M","$","?","?","M","E","R","E","T","M","M","T","M","M","R","B",null,"M","M","T","?","M","M","R","M","T","M","R","?","M","M","R","B"],"character_chosen":"THE_SILENT","items_purchased":["Footwork","Dash"],"gold_per_floor":[118,133,133,150,150,176,176,188,212,212,212,223,44,55,55,157,157,157,57,57,57,57,57,57,57,57,57,57,57,57,57,57,57,57,57,57,57,57,57,57,57,57,57,57,57,0,0,0,0,0],"floor_reached":51,"campfire_rested":0,"playtime":5887,"current_hp_per_floor":[70,68,68,64,64,61,61,52,52,52,38,37,37,35,35,19,70,70,70,61,61,61,35,35,35,35,29,28,28,34,40,40,22,75,75,53,53,25,35,34,34,44,44,30,30,30,22,34,34,29],"items_purged":["Strike_G","Regret"],"gold":0,"play_id":"9d2105e8-9327-403a-b896-c394fa1d3ca1","is_prod":false,"is_daily":false,"is_ascension_mode":false,"campfire_upgraded":5,"path_taken":["M","M","?","M","?","E","R","M","T","R","?","?","$","M","R","BOSS","M","$","?","?","?","E","R","E","T","M","M","?","M","M","R","BOSS","M","M","?","?","M","M","R","M","T","?","R","?","?","M","R","BOSS"],"build_version":"2018-02-01-PROD3","purchased_purges":2,"victory":true,"master_deck":["Defend_G","Defend_G","Defend_G","Strike_G+1","Strike_G+1","Survivor","Neutralize+1","Calculated Gamble+1","Dagger Spray","Wraith Form+1","Flying Knee","Terror","PiercingWail+1","Footwork+1","Dash","Deflect","Adrenaline","Prepared+1","Well Laid Plans","Tactician","Distraction","Heel Hook+1","Footwork+1","Night Terror","Accuracy+1","Riddle With Holes+1","Acrobatics+1","Acrobatics+1","Blur+1","Prepared+1","Reflex+1","Eviscerate","Underhanded Strike+1","Infinite Blades+1","Escape Plan+1"],"max_hp_per_floor":[70,70,70,70,70,70,70,70,70,70,70,70,70,70,70,70,70,70,70,75,75,75,75,75,75,75,75,75,75,75,75,75,75,75,75,75,75,75,75,75,75,75,75,75,75,75,75,75,75,75],"relics":["Ring of the Snake","Thread and Needle","Girya","Happy Flower","Ectoplasm","Regal Pillow","War Paint","Ice Cream","Bird Faced Urn","Astrolabe","Bottled Flame","Shovel","Unceasing Top","Red Mask"],"card_choices":[{"not_picked":["Escape Plan","Dodge and Roll"],"picked":"Calculated Gamble"},{"not_picked":["Flying Knee","Sucker Punch"],"picked":"Dagger Spray"},{"not_picked":["Choke","Dagger Spray"],"picked":"Wraith Form"},{"not_picked":["Prepared","Flying Knee"],"picked":"Terror"},{"not_picked":["Sucker Punch","Poisoned Stab"],"picked":"PiercingWail"},{"not_picked":["Flechettes","Prepared"],"picked":"Deflect"},{"not_picked":["After Image","Wraith Form"],"picked":"Adrenaline"},{"not_picked":["Heel Hook","Calculated Gamble"],"picked":"Prepared"},{"not_picked":["Malaise","PiercingWail"],"picked":"Well Laid Plans"},{"not_picked":["Backflip","Sucker Punch"],"picked":"Tactician"},{"not_picked":["Outmaneuver","Sucker Punch"],"picked":"Distraction"},{"not_picked":["PiercingWail","Bane"],"picked":"Heel Hook"},{"not_picked":["Prepared","Dagger Throw"],"picked":"Footwork"},{"not_picked":["Glass Knife","Adrenaline"],"picked":"Night Terror"},{"not_picked":["Deflect","Deadly Poison"],"picked":"Acrobatics"},{"not_picked":["Dagger Spray","Dash"],"picked":"Blur"},{"not_picked":["Dagger Throw","Dagger Spray"],"picked":"Prepared"},{"not_picked":["Well Laid Plans","Deflect"],"picked":"Reflex"},{"not_picked":["Dodge and Roll","PiercingWail"],"picked":"Eviscerate"},{"not_picked":["Backflip","Reflex"],"picked":"Underhanded Strike"},{"not_picked":["Sucker Punch","Dagger Spray"],"picked":"Infinite Blades"},{"not_picked":["Dash","Quick Slash"],"picked":"Escape Plan"}],"player_experience":159862,"potions_floor_usage":[6,16,23,25,27,31,40,47,50,50,50],"damage_taken":[{"damage":0,"enemies":"Small Slimes","floor":1,"turns":4},{"damage":2,"enemies":"Jaw Worm","floor":2,"turns":4},{"damage":4,"enemies":"Blue Slaver","floor":4,"turns":4},{"damage":3,"enemies":"3 Sentries","floor":6,"turns":6},{"damage":9,"enemies":"Exordium Wildlife","floor":8,"turns":6},{"damage":1,"enemies":"Large Slime","floor":12,"turns":4},{"damage":2,"enemies":"Looter","floor":14,"turns":3},{"damage":16,"enemies":"Slime Boss","floor":16,"turns":13},{"damage":0,"enemies":"3 Byrds","floor":18,"turns":4},{"damage":0,"enemies":"Shell Parasite","floor":22,"turns":4},{"damage":26,"enemies":"Slavers","floor":23,"turns":6},{"damage":0,"enemies":"Book of Stabbing","floor":25,"turns":5},{"damage":6,"enemies":"Snake Plant","floor":27,"turns":5},{"damage":1,"enemies":"Sentry and Sphere","floor":28,"turns":5},{"damage":0,"enemies":"Snecko","floor":30,"turns":5},{"damage":0,"enemies":"Chosen and Byrds","floor":31,"turns":6},{"damage":26,"enemies":"Collector","floor":33,"turns":11},{"damage":5,"enemies":"Orb Walker","floor":35,"turns":5},{"damage":23,"enemies":"3 Shapes","floor":36,"turns":6},{"damage":34,"enemies":"Mysterious Sphere","floor":38,"turns":5},{"damage":0,"enemies":"3 Darklings","floor":39,"turns":6},{"damage":11,"enemies":"Sphere and 2 Shapes","floor":40,"turns":8},{"damage":0,"enemies":"Maw","floor":42,"turns":6},{"damage":24,"enemies":"4 Shapes","floor":44,"turns":7},{"damage":18,"enemies":"Sphere and 2 Shapes","floor":47,"turns":7},{"damage":0,"enemies":"Maw","floor":48,"turns":6},{"damage":17,"enemies":"Donu and Deca","floor":50,"turns":7}],"event_choices":[{"event_name":"Big Fish","player_choice":"Box","floor":3,"damage_taken":0},{"event_name":"Transmorgrifier","player_choice":"Transform","floor":5,"damage_taken":0},{"event_name":"Shining Light","player_choice":"Entered Light","floor":11,"damage_taken":0},{"event_name":"Forgotten Altar","player_choice":"Shed Blood","floor":20,"damage_taken":0},{"event_name":"Addict","player_choice":"Ignored","floor":21,"damage_taken":0},{"event_name":"Mysterious Sphere","player_choice":"Fight","floor":38,"damage_taken":0},{"event_name":"Tomb of Lord Red Mask","player_choice":"Paid","floor":46,"damage_taken":0}],"boss_relics":[{"not_picked":["Runic Dome","White Beast Statue"],"picked":"Ectoplasm"},{"not_picked":["Philosopher\u0027s Stone","Runic Pyramid"],"picked":"Astrolabe"}],"potions_floor_spawned":[1,2,12,18,25,28,36,38,42,44,47],"seed_played":"3692385736764129600","ascension_level":0,"is_trial":false}