{"gold_per_floor":[110,20,70,81,92,92,53,67,67,67,93,113,113,142,142,214,264,277,3,13,13,63,63,80,80,80,80,99,99,126,41,41,41],"floor_reached":33,"playtime":1717,"items_purged":[],"score":614,"play_id":"7f9313a3-f736-4e13-b853-edecdc20774b","local_time":"20190321185953","is_ascension_mode":true,"campfire_choices":[{"floor":6,"key":"REST"},{"data":"Defragment","floor":10,"key":"SMITH"},{"data":"Buffer","floor":13,"key":"SMITH"},{"data":"Storm","floor":15,"key":"SMITH"},{"data":"Chaos","floor":23,"key":"SMITH"},{"floor":29,"key":"REST"},{"floor":32,"key":"REST"}],"neow_cost":"NONE","seed_source_timestamp":621198246907710,"circlet_count":0,"master_deck":["AscendersBane","Strike_B","Strike_B","Strike_B","Strike_B","Defend_B","Defend_B","Defend_B","Defend_B+1","Zap","Dualcast","Defragment+1","Compile Driver+1","Loop","Ball Lightning","Double Energy+1","Self Repair","Auto Shields","Buffer+1","Loop","Storm+1","Electrodynamics","Steam","Chaos+1","Hello World","Panache","Chaos","Cold Snap","Writhe","Redo","Reboot"],"relics":["Cracked Core","Blue Candle","Gremlin Horn","Happy Flower","Tiny House","Bottled Lightning","War Paint","Kunai","Darkstone Periapt"],"potions_floor_usage":[14,16,28,28,28,28],"damage_taken":[{"damage":5,"enemies":"2 Louse","floor":1,"turns":2},{"damage":0,"enemies":"Cultist","floor":4,"turns":3},{"damage":3,"enemies":"Small Slimes","floor":5,"turns":2},{"damage":13,"enemies":"Blue Slaver","floor":8,"turns":3},{"damage":4,"enemies":"Lagavulin","floor":11,"turns":6},{"damage":7,"enemies":"Looter","floor":12,"turns":3},{"damage":9,"enemies":"3 Sentries","floor":14,"turns":6},{"damage":0,"enemies":"The Guardian","floor":16,"turns":7},{"damage":1,"enemies":"Chosen","floor":18,"turns":3},{"damage":6,"enemies":"3 Byrds","floor":20,"turns":2},{"damage":23,"enemies":"Centurion and Healer","floor":24,"turns":5},{"damage":0,"enemies":"Chosen and Byrds","floor":28,"turns":5},{"damage":31,"enemies":"Gremlin Leader","floor":30,"turns":4},{"damage":74,"enemies":"Champ","floor":33,"turns":12}],"seed_played":"2266645467261706892","potions_obtained":[{"floor":8,"key":"Block Potion"},{"floor":11,"key":"Energy Potion"},{"floor":16,"key":"Dexterity Potion"},{"floor":17,"key":"EntropicBrew"},{"floor":30,"key":"Regen Potion"}],"is_trial":false,"path_per_floor":["M","$","?","M","M","R","$","M","T","R","E","M","R","E","R","B",null,"M","$","M","$","?","R","M","?","T","?","M","R","E","?","R","B"],"character_chosen":"DEFECT","items_purchased":["Loop","Self Repair","Hello World","Panache"],"campfire_rested":3,"item_purchase_floors":[2,7,19,19],"current_hp_per_floor":[59,59,59,59,56,71,71,65,65,65,68,68,68,66,66,71,76,76,76,70,70,70,70,54,54,54,54,61,76,45,45,67,0],"gold":41,"neow_bonus":"THREE_CARDS","is_prod":false,"is_daily":false,"chose_seed":false,"campfire_upgraded":4,"win_rate":0,"timestamp":1553187593,"path_taken":["M","$","?","M","?","R","?","M","T","R","E","M","R","E","R","BOSS","M","$","M","$","?","R","M","?","T","?","M","R","E","?","R","BOSS"],"build_version":"2019-01-23","purchased_purges":0,"victory":false,"max_hp_per_floor":[71,71,71,71,71,71,71,71,71,71,71,71,71,71,71,71,76,76,76,76,76,76,76,76,76,76,76,76,76,76,76,76,76],"card_choices":[{"not_picked":["Barrage","Double Energy"],"picked":"Defragment","floor":0},{"not_picked":["Rebound","Sweeping Beam"],"picked":"Compile Driver","floor":1},{"not_picked":["Streamline","Stack"],"picked":"Ball Lightning","floor":4},{"not_picked":["Turbo","Compile Driver"],"picked":"Double Energy","floor":5},{"not_picked":["Turbo","Undo"],"picked":"Auto Shields","floor":8},{"not_picked":["Hello World","White Noise"],"picked":"Buffer","floor":11},{"not_picked":["Cold Snap","Steam"],"picked":"Loop","floor":12},{"not_picked":["Double Energy","Reprogram"],"picked":"Storm","floor":14},{"not_picked":["Creative AI","Biased Cognition"],"picked":"Electrodynamics","floor":16},{"not_picked":["Streamline","Beam Cell"],"picked":"Steam","floor":17},{"not_picked":["Turbo","Redo"],"picked":"Chaos","floor":18},{"not_picked":["Melter","Doom and Gloom"],"picked":"Chaos","floor":20},{"not_picked":["Scrape","Barrage"],"picked":"Cold Snap","floor":24},{"not_picked":["Hologram","Blizzard"],"picked":"Redo","floor":28},{"not_picked":["Skim","Go for the Eyes"],"picked":"Reboot","floor":30}],"player_experience":1117493,"relics_obtained":[{"floor":9,"key":"Blue Candle"},{"floor":11,"key":"Gremlin Horn"},{"floor":14,"key":"Happy Flower"},{"floor":26,"key":"Bottled Lightning"},{"floor":30,"key":"Kunai"}],"event_choices":[{"damage_healed":0,"gold_gain":50,"player_choice":"Pray","damage_taken":0,"max_hp_gain":0,"max_hp_loss":0,"event_name":"Golden Shrine","floor":3,"gold_loss":0},{"damage_healed":0,"gold_gain":50,"player_choice":"Stole From Cult","damage_taken":0,"max_hp_gain":0,"max_hp_loss":0,"event_name":"Nest","floor":22,"gold_loss":0},{"damage_healed":0,"gold_gain":0,"player_choice":"Ignored","damage_taken":0,"max_hp_gain":0,"max_hp_loss":0,"event_name":"Vampires","floor":25,"gold_loss":0},{"damage_healed":0,"gold_gain":0,"player_choice":"Opened","damage_taken":0,"relics_obtained":["War Paint"],"max_hp_gain":0,"max_hp_loss":0,"event_name":"The Mausoleum","floor":27,"gold_loss":0,"cards_obtained":["Writhe"]},{"damage_healed":0,"gold_gain":0,"player_choice":"Obtained Relic","damage_taken":0,"relics_obtained":["Darkstone Periapt"],"max_hp_gain":0,"max_hp_loss":0,"event_name":"Addict","floor":31,"gold_loss":85}],"is_beta":false,"boss_relics":[{"not_picked":["Black Star","White Beast Statue"],"picked":"Tiny House"}],"items_purged_floors":[],"is_endless":false,"potions_floor_spawned":[8,11,12,16,18,30],"killed_by":"Champ","ascension_level":18}