{"gold_per_floor":[117,117,82,102,3,3,37,37,64,64,75,108,67,77,77,149,149,109,136,136,136,152,152,168,168,168,185,197,65,98,130,130,204,204,219,219,230,1229,968,968,1002,1002,1002,1002,1002,547,567,599,599,599,599,599,599,55,90,90],"floor_reached":57,"playtime":3490,"items_purged":["Pain","Normality","Normality"],"score":3058,"play_id":"037957c4-e05f-46a8-9dc8-a6fdf477353e","local_time":"20190223113101","is_ascension_mode":true,"campfire_choices":[{"data":"Streamline","floor":6.0,"key":"SMITH"},{"data":"Defragment","floor":8.0,"key":"SMITH"},{"data":"Loop","floor":10.0,"key":"SMITH"},{"floor":15.0,"key":"REST"},{"data":"Defragment","floor":23.0,"key":"SMITH"},{"data":"Buffer","floor":25.0,"key":"SMITH"},{"data":"Creative AI","floor":32.0,"key":"SMITH"},{"data":"Capacitor","floor":40.0,"key":"SMITH"},{"data":"Biased Cognition","floor":42,"key":"SMITH"},{"floor":44,"key":"RECALL"},{"data":"Defragment","floor":49,"key":"SMITH"},{"data":"Coolheaded","floor":53,"key":"SMITH"}],"neow_cost":"NONE","seed_source_timestamp":253931411568700,"circlet_count":0,"master_deck":["AscendersBane","Strike_B","Strike_B","Strike_B+1","Strike_B+1","Defend_B","Defend_B","Zap","Dualcast","Finesse","Leap","Streamline+1","Defragment+1","Loop+1","Coolheaded+1","Melter","Defragment+1","Buffer+1","Coolheaded","Gash","Self Repair","Glacier","Hologram","Capacitor+1","Turbo","Creative AI+1","White Noise","Biased Cognition+1","Chill","Gash","Parasite","Core Surge","Defragment+1"],"special_seed":0,"relics":["FrozenCore","Cables","Bag of Preparation","Kunai","Red Mask","WarpedTongs","Letter Opener","WingedGreaves","Whetstone","Cursed Key","Bag of Marbles","Ornamental Fan","Potion Belt","Omamori","Mummified Hand","Medical Kit","Vajra"],"potions_floor_usage":[41,50,56,56],"damage_taken":[{"damage":17.0,"enemies":"Jaw Worm","floor":1.0,"turns":4.0},{"damage":9.0,"enemies":"Small Slimes","floor":4.0,"turns":5.0},{"damage":8.0,"enemies":"3 Sentries","floor":7.0,"turns":3.0},{"damage":0.0,"enemies":"Cultist","floor":11.0,"turns":2.0},{"damage":30.0,"enemies":"Lagavulin","floor":12.0,"turns":4.0},{"damage":0.0,"enemies":"Red Slaver","floor":14.0,"turns":4.0},{"damage":0.0,"enemies":"The Guardian","floor":16.0,"turns":13.0},{"damage":13.0,"enemies":"2 Thieves","floor":18.0,"turns":5.0},{"damage":8.0,"enemies":"Masked Bandits","floor":19.0,"turns":5.0},{"damage":4.0,"enemies":"Shell Parasite","floor":22.0,"turns":13.0},{"damage":14.0,"enemies":"Cultist and Chosen","floor":24.0,"turns":11.0},{"damage":3.0,"enemies":"Shelled Parasite and Fungi","floor":27.0,"turns":8.0},{"damage":10.0,"enemies":"Sentry and Sphere","floor":28.0,"turns":9.0},{"damage":8.0,"enemies":"Gremlin Leader","floor":30.0,"turns":13.0},{"damage":17.0,"enemies":"Slavers","floor":31.0,"turns":10.0},{"damage":0.0,"enemies":"Champ","floor":33.0,"turns":15.0},{"damage":0.0,"enemies":"Orb Walker","floor":35.0,"turns":6.0},{"damage":0.0,"enemies":"3 Darklings","floor":37.0,"turns":7.0},{"damage":28,"enemies":"Reptomancer","floor":41,"turns":8},{"damage":0,"enemies":"Sphere and 2 Shapes","floor":47,"turns":9},{"damage":1,"enemies":"Giant Head","floor":48,"turns":10},{"damage":66,"enemies":"Awakened One","floor":50,"turns":23},{"damage":0,"enemies":"Donu and Deca","floor":51,"turns":12},{"damage":20,"enemies":"Shield and Spear","floor":55,"turns":6},{"damage":19,"enemies":"The Heart","floor":56,"turns":12}],"seed_played":"7316556677937076646","potions_obtained":[{"floor":4.0,"key":"Ancient Potion"},{"floor":7.0,"key":"Swift Potion"},{"floor":16.0,"key":"AttackPotion"},{"floor":19.0,"key":"SpeedPotion"},{"floor":24.0,"key":"Energy Potion"},{"floor":31.0,"key":"Weak Potion"},{"floor":33.0,"key":"Ancient Potion"},{"floor":37.0,"key":"SmokeBomb"},{"floor":47,"key":"Ancient Potion"},{"floor":48,"key":"FearPotion"},{"floor":55,"key":"Ancient Potion"}],"is_trial":false,"path_per_floor":["M","?","?","M","$","R","E","R","T","R","M","E","$","M","R","B",null,"M","?","?","?","M","R","M","R","T","M","M","$","E","E","R","B",null,"M","?","M","?","$","R","E","R","T","R","?","$","M","E","R","B","B",null,"R","$","E","B",null],"character_chosen":"DEFECT","items_purchased":["Defragment","AttackPotion","Melter","Fire Potion","Bag of Marbles","Potion Belt","Defragment","Regen Potion","Mummified Hand","Medical Kit","SpeedPotion"],"campfire_rested":1,"item_purchase_floors":[5,5,13,29,39,46,46,46,54,54,54],"current_hp_per_floor":[47,40,57,48,48,48,40,40,40,40,40,10,10,10,31,31,61,48,40,40,40,46,46,42,42,42,49,46,46,45,35,35,42,64,71,71,71,71,71,71,50,50,50,50,50,50,60,66,66,25,35,62,62,62,49,40],"gold":90,"neow_bonus":"RANDOM_COLORLESS","is_prod":false,"is_daily":false,"chose_seed":false,"campfire_upgraded":10,"win_rate":0,"timestamp":1550889061,"path_taken":["M","?","?","M","$","R","E","R","T","R","M","E","?","M","R","BOSS","M","?","?","?","M","R","M","R","T","?","M","$","E","E","R","BOSS","M","?","?","?","$","R","E","R","T","R","?","$","?","E","R","BOSS","BOSS","R","$","E","BOSS"],"build_version":"2019-01-23","purchased_purges":3,"victory":true,"max_hp_per_floor":[71,71,71,71,71,71,71,71,71,71,71,71,71,71,71,71,71,71,71,71,71,71,71,71,71,71,71,71,71,71,71,71,71,71,71,71,71,71,71,71,71,71,71,71,71,71,71,71,71,71,71,71,71,71,71,71],"card_choices":[{"not_picked":["FTL","Chaos"],"picked":"Leap","floor":1.0},{"not_picked":["Genetic Algorithm","Redo"],"picked":"Streamline","floor":4.0},{"not_picked":["Hologram","FTL"],"picked":"Loop","floor":7.0},{"not_picked":["Go for the Eyes","Stack","Thunder Strike"],"picked":"SKIP","floor":11.0},{"not_picked":["Biased Cognition","Steam"],"picked":"Coolheaded","floor":12.0},{"not_picked":["Rip and Tear","Lockon"],"picked":"Defragment","floor":14.0},{"not_picked":["Rainbow","Amplify"],"picked":"Buffer","floor":16.0},{"not_picked":["Auto Shields","Rebound"],"picked":"Coolheaded","floor":18.0},{"not_picked":["Stack","Sweeping Beam"],"picked":"Gash","floor":19.0},{"not_picked":["Barrage","FTL"],"picked":"Glacier","floor":22.0},{"not_picked":["Go for the Eyes+1","Beam Cell"],"picked":"Hologram","floor":24.0},{"not_picked":["Hologram","Sweeping Beam"],"picked":"Capacitor","floor":27.0},{"not_picked":["Conserve Battery","Rebound"],"picked":"Turbo","floor":28.0},{"not_picked":["Beam Cell","Leap"],"picked":"Creative AI","floor":30.0},{"not_picked":["Redo","Steam"],"picked":"White Noise","floor":31.0},{"not_picked":["Reboot","Buffer"],"picked":"Biased Cognition","floor":33.0},{"not_picked":["Compile Driver","Ball Lightning"],"picked":"Chill","floor":35.0},{"not_picked":["Compile Driver","Rebound+1"],"picked":"Gash","floor":37.0},{"not_picked":["Hologram","Tempest","Hyperbeam"],"picked":"SKIP","floor":41},{"not_picked":["Turbo","Leap","Heatsinks"],"picked":"SKIP","floor":47},{"not_picked":["Auto Shields","Cold Snap","Turbo"],"picked":"SKIP","floor":48},{"not_picked":["Barrage","Static Discharge","Ball Lightning"],"picked":"SKIP","floor":55}],"player_experience":1759342,"relics_obtained":[{"floor":7.0,"key":"Cables"},{"floor":9.0,"key":"Bag of Preparation"},{"floor":12.0,"key":"Kunai"},{"floor":19.0,"key":"Red Mask"},{"floor":26.0,"key":"Letter Opener"},{"floor":30.0,"key":"WingedGreaves"},{"floor":31.0,"key":"Whetstone"},{"floor":41,"key":"Ornamental Fan"},{"floor":48,"key":"Omamori"},{"floor":55,"key":"Vajra"}],"event_choices":[{"cards_removed":["Defend_B"],"damage_healed":0.0,"max_hp_gain":0.0,"max_hp_loss":0.0,"gold_gain":0.0,"event_name":"Golden Wing","player_choice":"Card Removal","floor":2.0,"gold_loss":0.0,"damage_taken":7.0},{"damage_healed":17.0,"max_hp_gain":0.0,"max_hp_loss":0.0,"gold_gain":0.0,"event_name":"The Cleric","player_choice":"Healed","floor":3.0,"gold_loss":35.0,"damage_taken":0.0},{"damage_healed":0.0,"max_hp_gain":0.0,"max_hp_loss":0.0,"gold_gain":0.0,"event_name":"Masked Bandits","player_choice":"Fought Bandits","floor":19.0,"gold_loss":0.0,"damage_taken":0.0},{"damage_healed":0.0,"max_hp_gain":0.0,"max_hp_loss":0.0,"gold_gain":0.0,"event_name":"The Library","player_choice":"Read","floor":20.0,"gold_loss":0.0,"damage_taken":0.0,"cards_obtained":["Self Repair"]},{"damage_healed":0.0,"max_hp_gain":0.0,"max_hp_loss":0.0,"gold_gain":0.0,"event_name":"Accursed Blacksmith","player_choice":"Rummage","floor":21.0,"gold_loss":0.0,"damage_taken":0.0,"relics_obtained":["WarpedTongs"],"cards_obtained":["Pain"]},{"cards_removed":["Defend_B"],"damage_healed":0.0,"max_hp_gain":0.0,"max_hp_loss":0.0,"gold_gain":0.0,"event_name":"Purifier","player_choice":"Purged","floor":36.0,"gold_loss":0.0,"damage_taken":0.0},{"damage_healed":0.0,"max_hp_gain":0.0,"max_hp_loss":0.0,"gold_gain":999.0,"event_name":"MindBloom","player_choice":"Gold","floor":38.0,"gold_loss":0.0,"damage_taken":0.0,"cards_obtained":["Normality","Normality"]},{"damage_healed":0,"gold_gain":0,"player_choice":"1 cards matched","damage_taken":0,"max_hp_gain":0,"max_hp_loss":0,"event_name":"Match and Keep!","floor":45,"gold_loss":0,"cards_obtained":["Core Surge"]}],"is_beta":false,"boss_relics":[{"not_picked":["Velvet Choker","Sozu"],"picked":"FrozenCore"},{"not_picked":["Black Star","Calling Bell"],"picked":"Cursed Key"}],"items_purged_floors":[29,39,46],"is_endless":false,"potions_floor_spawned":[4,7,16,19,24,31,33,37,47,48,55],"ascension_level":20}