{"gold_per_floor":[118,136,61,77,77,77,89,106,180,191,191,9,9,24,24,98,98,111,122,7,7,7,7,32,3,3,3,3,18,49,64,64,143,143,159,30,130,146,165,165,0,0,25,25,25,58,74,74,74,74],"floor_reached":51,"playtime":3445,"items_purged":["Decay"],"score":1271,"play_id":"77931d4c-0c92-4055-aa7d-6d8d200c4000","local_time":"20190311202451","is_ascension_mode":true,"campfire_choices":[{"data":"Redo","floor":6.0,"key":"SMITH"},{"floor":11.0,"key":"REST"},{"data":"Loop","floor":13.0,"key":"SMITH"},{"data":"Chaos","floor":15.0,"key":"SMITH"},{"floor":23.0,"key":"REST"},{"floor":28.0,"key":"REST"},{"floor":32.0,"key":"REST"},{"floor":40.0,"key":"REST"},{"floor":42.0,"key":"REST"},{"data":"White Noise","floor":45.0,"key":"SMITH"},{"floor":49,"key":"REST"}],"neow_cost":"CURSE","seed_source_timestamp":527309209664250,"circlet_count":0,"master_deck":["AscendersBane","Strike_B","Strike_B","Strike_B","Strike_B","Defend_B+1","Defend_B","Defend_B","Zap+1","Dualcast","Redo+1","Buffer+1","Ball Lightning","Capacitor","Chaos+1","Sunder","Hello World","Self Repair","Loop+1","Force Field","Creative AI","Ball Lightning","BootSequence","Heatsinks","White Noise+1","Redo","Loop+1","Cold Snap","Seek","Leap","Capacitor","Loop","Force Field+1","Glacier+1","Auto Shields","Darkness+1","Glacier+1"],"special_seed":0,"relics":["Cracked Core","Incense Burner","The Courier","Lizard Tail","MutagenicStrength","War Paint","Bottled Flame","Nilry\u0027s Codex","Ice Cream","Black Star","Emotion Chip","Red Mask","Blood Vial","Boot","Strawberry"],"potions_floor_usage":[50,50],"damage_taken":[{"damage":0.0,"enemies":"2 Louse","floor":1.0,"turns":1.0},{"damage":0.0,"enemies":"Cultist","floor":2.0,"turns":3.0},{"damage":0.0,"enemies":"Small Slimes","floor":4.0,"turns":4.0},{"damage":6.0,"enemies":"Blue Slaver","floor":7.0,"turns":3.0},{"damage":2.0,"enemies":"3 Louse","floor":8.0,"turns":4.0},{"damage":6.0,"enemies":"Looter","floor":10.0,"turns":3.0},{"damage":0.0,"enemies":"Large Slime","floor":14.0,"turns":5.0},{"damage":6.0,"enemies":"Slime Boss","floor":16.0,"turns":9.0},{"damage":11.0,"enemies":"Spheric Guardian","floor":18.0,"turns":5.0},{"damage":12.0,"enemies":"3 Byrds","floor":19.0,"turns":3.0},{"damage":37.0,"enemies":"Colosseum Slavers","floor":22.0,"turns":5.0},{"damage":9.0,"enemies":"Snecko","floor":29.0,"turns":6.0},{"damage":31.0,"enemies":"Slavers","floor":30.0,"turns":5.0},{"damage":17.0,"enemies":"Centurion and Healer","floor":31.0,"turns":9.0},{"damage":44.0,"enemies":"Champ","floor":33.0,"turns":12.0},{"damage":7.0,"enemies":"3 Shapes","floor":35.0,"turns":5.0},{"damage":0.0,"enemies":"Mind Bloom Boss Battle","floor":37.0,"turns":8.0},{"damage":43.0,"enemies":"3 Darklings","floor":38.0,"turns":6.0},{"damage":5.0,"enemies":"Maw","floor":39.0,"turns":7.0},{"damage":27.0,"enemies":"Nemesis","floor":46.0,"turns":9.0},{"damage":22.0,"enemies":"Jaw Worm Horde","floor":47.0,"turns":6.0},{"damage":54,"enemies":"Time Eater","floor":50,"turns":10}],"seed_played":"-2463384048727940939","potions_obtained":[{"floor":1.0,"key":"Strength Potion"},{"floor":4.0,"key":"AttackPotion"},{"floor":8.0,"key":"Strength Potion"},{"floor":16.0,"key":"AttackPotion"},{"floor":30.0,"key":"FearPotion"},{"floor":33.0,"key":"Energy Potion"},{"floor":38.0,"key":"Ancient Potion"},{"floor":46.0,"key":"EntropicBrew"},{"floor":47.0,"key":"Strength Potion"}],"is_trial":false,"path_per_floor":["M","M","$","M","?","R","M","M","T","M","R","$","R","M","R","B",null,"M","M","$","?","?","R","T","$","T","?","R","M","E","M","R","B",null,"M","$","?","M","M","R","?","R","T","?","R","E","M","?","R","B",null],"character_chosen":"DEFECT","items_purchased":["Hello World","Self Repair","Loop","Heatsinks","SkillPotion","White Noise","Capacitor","Loop"],"campfire_rested":7,"item_purchase_floors":[12,12,12,20,20,25,36,36],"current_hp_per_floor":[64,64,64,64,64,64,58,56,56,50,71,71,71,71,71,71,71,67,55,55,55,25,46,46,46,46,25,46,44,20,10,31,42,64,64,64,71,35,37,58,58,71,71,71,71,58,45,45,68,23],"gold":74,"neow_bonus":"ONE_RARE_RELIC","is_prod":false,"is_daily":false,"chose_seed":false,"campfire_upgraded":4,"win_rate":0,"timestamp":1552328691,"path_taken":["M","M","$","M","?","R","M","?","T","?","R","?","R","M","R","BOSS","M","M","$","?","?","R","?","?","T","?","R","M","E","M","R","BOSS","M","$","?","M","M","R","?","R","T","?","R","E","?","?","R","BOSS"],"build_version":"2019-01-23","purchased_purges":1,"victory":true,"max_hp_per_floor":[71,71,71,71,71,71,71,71,71,71,71,71,71,71,71,71,71,71,71,71,71,71,71,71,71,71,71,71,71,71,71,71,71,71,71,71,71,71,71,71,71,71,71,71,71,78,78,78,78,78],"card_choices":[{"not_picked":["Stack","Coolheaded"],"picked":"Redo","floor":1.0},{"not_picked":["Stack","Loop"],"picked":"Buffer","floor":2.0},{"not_picked":["Rip and Tear","Auto Shields"],"picked":"Ball Lightning","floor":4.0},{"not_picked":["Gash","Compile Driver"],"picked":"Capacitor","floor":7.0},{"not_picked":["Stack","Barrage"],"picked":"Chaos","floor":8.0},{"not_picked":["Consume","FTL"],"picked":"Sunder","floor":10.0},{"not_picked":["Heatsinks","Glacier"],"picked":"Force Field","floor":14.0},{"not_picked":["Biased Cognition","Rainbow"],"picked":"Creative AI","floor":16.0},{"not_picked":["Compile Driver+1","Double Energy+1"],"picked":"Ball Lightning","floor":18.0},{"not_picked":["Beam Cell+1","Go for the Eyes"],"picked":"BootSequence","floor":19.0},{"not_picked":["Streamline","Rebound"],"picked":"Redo","floor":29.0},{"not_picked":["Gash","Barrage"],"picked":"Loop+1","floor":30.0},{"not_picked":["Stack","Steam"],"picked":"Cold Snap","floor":31.0},{"not_picked":["Rainbow","Hyperbeam"],"picked":"Seek","floor":33.0},{"not_picked":["Genetic Algorithm+1","Coolheaded"],"picked":"Leap","floor":35.0},{"not_picked":["Leap","Compile Driver+1"],"picked":"Force Field+1","floor":37.0},{"not_picked":["Rebound","Darkness"],"picked":"Glacier+1","floor":38.0},{"not_picked":["Tempest","Streamline"],"picked":"Auto Shields","floor":39.0},{"not_picked":["Rip and Tear","Reprogram"],"picked":"Darkness+1","floor":46.0},{"not_picked":["Barrage","Steam+1"],"picked":"Glacier+1","floor":47.0}],"player_experience":1082102,"relics_obtained":[{"floor":9.0,"key":"The Courier"},{"floor":24.0,"key":"War Paint"},{"floor":26.0,"key":"Bottled Flame"},{"floor":27.0,"key":"Nilry\u0027s Codex"},{"floor":30.0,"key":"Ice Cream"},{"floor":37.0,"key":"Emotion Chip"},{"floor":43.0,"key":"Blood Vial"},{"floor":46.0,"key":"Boot"},{"floor":46.0,"key":"Strawberry"}],"event_choices":[{"damage_healed":0.0,"max_hp_gain":0.0,"max_hp_loss":0.0,"gold_gain":0.0,"event_name":"Accursed Blacksmith","player_choice":"Forge","floor":5.0,"gold_loss":0.0,"damage_taken":0.0,"cards_upgraded":["Buffer"]},{"damage_healed":0.0,"max_hp_gain":0.0,"max_hp_loss":0.0,"gold_gain":0.0,"event_name":"Drug Dealer","player_choice":"Inject Mutagens","floor":21.0,"gold_loss":0.0,"damage_taken":0.0,"relics_obtained":["MutagenicStrength"]},{"damage_healed":0.0,"max_hp_gain":0.0,"max_hp_loss":0.0,"gold_gain":0.0,"event_name":"Colosseum","player_choice":"Fight","floor":22.0,"gold_loss":0.0,"damage_taken":0.0},{"damage_healed":0.0,"max_hp_gain":0.0,"max_hp_loss":0.0,"gold_gain":0.0,"event_name":"Colosseum","player_choice":"Fled From Nobs","floor":22.0,"gold_loss":0.0,"damage_taken":0.0},{"damage_healed":0.0,"max_hp_gain":0.0,"max_hp_loss":0.0,"gold_gain":0.0,"event_name":"Cursed Tome","player_choice":"Obtained Book","floor":27.0,"gold_loss":0.0,"damage_taken":21.0},{"damage_healed":0.0,"max_hp_gain":0.0,"max_hp_loss":0.0,"gold_gain":0.0,"event_name":"MindBloom","player_choice":"Fight","floor":37.0,"gold_loss":0.0,"damage_taken":0.0},{"damage_healed":0.0,"max_hp_gain":0.0,"max_hp_loss":0.0,"gold_gain":0.0,"event_name":"Tomb of Lord Red Mask","player_choice":"Paid","floor":41.0,"gold_loss":165.0,"damage_taken":0.0,"relics_obtained":["Red Mask"]},{"cards_removed":["Defend_B"],"damage_healed":0.0,"max_hp_gain":0.0,"max_hp_loss":0.0,"gold_gain":0.0,"event_name":"Bonfire Elementals","player_choice":"Offered Basic","floor":44.0,"gold_loss":0.0,"damage_taken":0.0},{"damage_healed":0,"gold_gain":0,"player_choice":"Ignored","damage_taken":0,"max_hp_gain":0,"max_hp_loss":0,"event_name":"Mysterious Sphere","floor":48,"gold_loss":0}],"is_beta":false,"boss_relics":[{"not_picked":["Orrery","Fusion Hammer"],"picked":"Lizard Tail"},{"not_picked":["Busted Crown","Philosopher\u0027s Stone"],"picked":"Black Star"}],"items_purged_floors":[3],"is_endless":false,"potions_floor_spawned":[1,4,8,16,18,22,30,33,38,46,47],"ascension_level":17}