{"gold_per_floor":[109,259,259,259,272,272,297,297,297,297,297,311,342,0,0,98,98,117,42,42,63,63],"floor_reached":22,"playtime":491,"items_purged":[],"score":364,"play_id":"f7a1f027-b080-4740-a62d-f833e645d7b3","local_time":"20190228191232","is_ascension_mode":true,"campfire_choices":[{"data":"Bash","floor":6,"key":"SMITH"},{"data":"Strike_R","floor":8,"key":"SMITH"},{"data":"1","floor":10,"key":"LIFT"},{"data":"Disarm","floor":15,"key":"SMITH"}],"neow_cost":"TEN_PERCENT_HP_LOSS","seed_source_timestamp":210994981817200,"circlet_count":0,"master_deck":["AscendersBane","Strike_R","Strike_R","Strike_R","Strike_R+1","Defend_R","Defend_R","Defend_R","Defend_R","Bash+1","Double Tap","Disarm+1","Evolve","Limit Break","Headbutt","Feel No Pain","Disarm"],"relics":["Burning Blood","Champion Belt","Golden Idol","Girya","Kunai","Sundial","Philosopher\u0027s Stone","Enchiridion"],"potions_floor_usage":[13,18,21],"damage_taken":[{"damage":6,"enemies":"2 Louse","floor":1,"turns":3},{"damage":13,"enemies":"Small Slimes","floor":5,"turns":5},{"damage":0,"enemies":"Cultist","floor":7,"turns":3},{"damage":10,"enemies":"Red Slaver","floor":12,"turns":2},{"damage":6,"enemies":"Gremlin Nob","floor":13,"turns":3},{"damage":31,"enemies":"The Guardian","floor":16,"turns":17},{"damage":22,"enemies":"Shell Parasite","floor":18,"turns":4},{"damage":12,"enemies":"3 Byrds","floor":21,"turns":3},{"damage":0,"enemies":"Centurion and Healer","floor":22,"turns":1}],"seed_played":"2744870810945544328","potions_obtained":[{"floor":7,"key":"LiquidBronze"},{"floor":12,"key":"Poison Potion"},{"floor":16,"key":"Fire Potion"}],"is_trial":false,"path_per_floor":["M","?","?","?","M","R","M","R","T","R","?","M","E","$","R","B",null,"M","$","?","M","M"],"character_chosen":"IRONCLAD","items_purchased":["Sundial","Evolve","Feel No Pain"],"campfire_rested":0,"item_purchase_floors":[14,14,19],"current_hp_per_floor":[68,68,68,45,38,38,44,44,44,44,44,40,40,40,40,15,55,39,39,18,12,12],"gold":63,"neow_bonus":"ONE_RARE_RELIC","is_prod":false,"is_daily":false,"chose_seed":false,"campfire_upgraded":3,"win_rate":0,"timestamp":1551348752,"path_taken":["M","?","?","?","M","R","M","R","T","R","?","?","E","?","R","BOSS","M","?","?","M","M"],"build_version":"2019-01-23","purchased_purges":0,"victory":false,"max_hp_per_floor":[68,68,68,68,68,68,68,68,68,68,68,68,68,68,68,68,68,68,68,68,68,68],"card_choices":[{"not_picked":["Flex","Armaments","Havoc"],"picked":"SKIP","floor":1},{"not_picked":["Rage","Twin Strike","Shrug It Off"],"picked":"SKIP","floor":5},{"not_picked":["Iron Wave","Headbutt","Pommel Strike"],"picked":"SKIP","floor":7},{"not_picked":["Flex","Sword Boomerang","Double Tap"],"picked":"SKIP","floor":12},{"not_picked":["Pommel Strike","True Grit"],"picked":"Disarm","floor":13},{"not_picked":["Demon Form","Fiend Fire"],"picked":"Limit Break","floor":16},{"not_picked":["Warcry","Rage"],"picked":"Headbutt","floor":18},{"not_picked":["Pummel","Sword Boomerang"],"picked":"Disarm","floor":21}],"player_experience":1898930,"relics_obtained":[{"floor":9,"key":"Girya"},{"floor":13,"key":"Kunai"},{"floor":20,"key":"Enchiridion"}],"event_choices":[{"damage_healed":0,"gold_gain":150,"player_choice":"AGREE","damage_taken":0,"max_hp_gain":0,"max_hp_loss":0,"event_name":"Liars Game","floor":2,"gold_loss":0,"cards_obtained":["Doubt"]},{"cards_removed":["Doubt"],"damage_healed":0,"gold_gain":0,"player_choice":"Forget","damage_taken":0,"max_hp_gain":0,"max_hp_loss":0,"event_name":"Living Wall","floor":3,"gold_loss":0},{"damage_healed":0,"gold_gain":0,"player_choice":"Take Damage","damage_taken":23,"relics_obtained":["Golden Idol"],"max_hp_gain":0,"max_hp_loss":0,"event_name":"Golden Idol","floor":4,"gold_loss":0},{"damage_healed":0,"gold_gain":0,"cards_transformed":["Strike_R"],"player_choice":"Transformed","damage_taken":0,"max_hp_gain":0,"max_hp_loss":0,"event_name":"Transmorgrifier","floor":11,"gold_loss":0,"cards_obtained":["Double Tap"]},{"damage_healed":0,"gold_gain":0,"player_choice":"Obtained Book","damage_taken":21,"max_hp_gain":0,"max_hp_loss":0,"event_name":"Cursed Tome","floor":20,"gold_loss":0}],"is_beta":false,"boss_relics":[{"not_picked":["Snecko Eye","Eternal Feather"],"picked":"Philosopher\u0027s Stone"}],"items_purged_floors":[],"is_endless":false,"potions_floor_spawned":[7,12,16],"killed_by":"Centurion and Healer","ascension_level":20}