{"gold_per_floor":[113,263,263,263,188,188,229,243,266,304,320,75,118,141,141,141],"floor_reached":16,"playtime":481,"items_purged":["Strike_R"],"score":286,"play_id":"ff0b44af-98ff-4a3e-9d5c-dc50d6e0f30c","local_time":"20190416120735","is_ascension_mode":true,"campfire_choices":[{"data":"Carnage","floor":6,"key":"SMITH"},{"data":"Limit Break","floor":15,"key":"SMITH"}],"neow_cost":"NONE","seed_source_timestamp":29397264327900,"circlet_count":0,"master_deck":["AscendersBane","Strike_R","Strike_R","Strike_R","Strike_R","Defend_R","Defend_R","Defend_R","Defend_R","Bash","Carnage+1","Sword Boomerang","True Grit","Limit Break+1","Disarm","Feel No Pain"],"relics":["Burning Blood","NeowsBlessing","Golden Idol","Ancient Tea Set","Lantern","Incense Burner","Potion Belt"],"potions_floor_usage":[13,16],"damage_taken":[{"damage":0,"enemies":"Jaw Worm","floor":1,"turns":1},{"damage":0,"enemies":"Lagavulin","floor":7,"turns":1},{"damage":0,"enemies":"Small Slimes","floor":8,"turns":1},{"damage":55,"enemies":"Gremlin Nob","floor":10,"turns":5},{"damage":0,"enemies":"Cultist","floor":11,"turns":3},{"damage":35,"enemies":"Lagavulin","floor":13,"turns":7},{"damage":2,"enemies":"2 Fungi Beasts","floor":14,"turns":3},{"damage":8,"enemies":"Hexaghost","floor":16,"turns":7}],"seed_played":"1437928861661676333","potions_obtained":[{"floor":8,"key":"Strength Potion"},{"floor":11,"key":"BloodPotion"},{"floor":13,"key":"Ancient Potion"}],"is_trial":false,"path_per_floor":["M","?","?","?","?","R","E","M","T","E","M","$","E","M","R","B"],"character_chosen":"IRONCLAD","items_purchased":["Disarm","Feel No Pain"],"campfire_rested":0,"item_purchase_floors":[12,12],"current_hp_per_floor":[74,74,48,73,73,73,75,75,75,26,32,32,10,14,14,6],"gold":141,"neow_bonus":"THREE_ENEMY_KILL","is_prod":false,"is_daily":false,"chose_seed":false,"campfire_upgraded":2,"win_rate":0,"timestamp":1555384055,"path_taken":["M","?","?","?","?","R","E","M","T","E","?","?","E","M","R","BOSS"],"build_version":"2019-01-23","purchased_purges":1,"victory":false,"max_hp_per_floor":[75,75,75,75,75,75,75,75,75,75,75,75,75,75,75,75],"card_choices":[{"not_picked":["Flex","Searing Blow"],"picked":"Carnage","floor":1},{"not_picked":["Wild Strike","Power Through","Dark Embrace"],"picked":"SKIP","floor":7},{"not_picked":["Headbutt","Twin Strike"],"picked":"Sword Boomerang","floor":8},{"not_picked":["Bloodletting","Body Slam"],"picked":"True Grit","floor":10},{"not_picked":["Headbutt","Iron Wave"],"picked":"Limit Break","floor":11},{"not_picked":["Corruption","Heavy Blade","Intimidate"],"picked":"SKIP","floor":13},{"not_picked":["Cleave","Hemokinesis","Anger"],"picked":"SKIP","floor":14}],"player_experience":3171848,"relics_obtained":[{"floor":7,"key":"Ancient Tea Set"},{"floor":9,"key":"Lantern"},{"floor":10,"key":"Incense Burner"},{"floor":13,"key":"Potion Belt"}],"event_choices":[{"damage_healed":0,"gold_gain":150,"player_choice":"AGREE","damage_taken":0,"max_hp_gain":0,"max_hp_loss":0,"event_name":"Liars Game","floor":2,"gold_loss":0,"cards_obtained":["Doubt"]},{"damage_healed":0,"gold_gain":0,"player_choice":"Take Damage","damage_taken":26,"relics_obtained":["Golden Idol"],"max_hp_gain":0,"max_hp_loss":0,"event_name":"Golden Idol","floor":3,"gold_loss":0},{"damage_healed":25,"gold_gain":0,"player_choice":"Banana","damage_taken":0,"max_hp_gain":0,"max_hp_loss":0,"event_name":"Big Fish","floor":4,"gold_loss":0},{"cards_removed":["Doubt"],"damage_healed":0,"gold_gain":0,"player_choice":"Card Removal","damage_taken":0,"max_hp_gain":0,"max_hp_loss":0,"event_name":"The Cleric","floor":5,"gold_loss":75}],"is_beta":false,"boss_relics":[],"items_purged_floors":[12],"is_endless":false,"potions_floor_spawned":[8,11,13],"killed_by":"Hexaghost","ascension_level":20}