{"gold_per_floor":[116,136,136,136,156,156,190,190,190,202,202,230,251,10,10,89,89,103,18,18,18,18,18,18,18,18,37,93,93,93,53,53,124,174,184,184,195,115,134,166,166,196,223,223,151,171,204,221,221,221,221,221,221,72,101,101],"floor_reached":56,"playtime":2649,"items_purged":["Strike_B","Pain"],"score":2164,"play_id":"ecedc79e-d93e-4d95-9724-244cf48ff8a5","local_time":"20190311151145","is_ascension_mode":true,"campfire_choices":[{"data":"Defragment","floor":6.0,"key":"SMITH"},{"data":"Loop","floor":8.0,"key":"SMITH"},{"floor":11.0,"key":"REST"},{"floor":15.0,"key":"REST"},{"data":"Creative AI","floor":23.0,"key":"SMITH"},{"data":"Chaos","floor":29.0,"key":"SMITH"},{"data":"Capacitor","floor":32.0,"key":"SMITH"},{"data":"Loop","floor":41.0,"key":"SMITH"},{"floor":44.0,"key":"RECALL"},{"floor":49.0,"key":"REST"},{"floor":53,"key":"REST"}],"neow_cost":"NONE","seed_source_timestamp":188351331273400,"circlet_count":0,"master_deck":["AscendersBane","Defend_B","Defend_B","Defend_B","Zap","Dualcast","Defragment+1","Chaos+1","Loop+1","Streamline+1","Cold Snap","Capacitor+1","Creative AI+1","Leap","Ghostly","Ghostly","Ghostly","Conserve Battery","Core Surge","Compile Driver","Cold Snap","Meteor Strike","Glacier","Defragment+1","Compile Driver+1","Loop+1","Coolheaded+1","Amplify","Heatsinks","Hologram"],"special_seed":0,"relics":["Cracked Core","NeowsBlessing","The Courier","Happy Flower","Mummified Hand","PreservedInsect","Odd Mushroom","Runic Capacitor","Runic Dome","Blood Vial","Ancient Tea Set","Tiny Chest","Tiny House","WarpedTongs","Dodecahedron","Orichalcum","Smiling Mask","Bag of Marbles"],"potions_floor_usage":[51,55],"damage_taken":[{"damage":0.0,"enemies":"Jaw Worm","floor":1.0,"turns":1.0},{"damage":0.0,"enemies":"2 Louse","floor":2.0,"turns":1.0},{"damage":0.0,"enemies":"Cultist","floor":5.0,"turns":1.0},{"damage":44.0,"enemies":"Gremlin Nob","floor":7.0,"turns":4.0},{"damage":6.0,"enemies":"3 Louse","floor":10.0,"turns":5.0},{"damage":9.0,"enemies":"3 Sentries","floor":12.0,"turns":4.0},{"damage":18.0,"enemies":"The Mushroom Lair","floor":13.0,"turns":5.0},{"damage":20.0,"enemies":"The Guardian","floor":16.0,"turns":7.0},{"damage":28.0,"enemies":"Shell Parasite","floor":18.0,"turns":7.0},{"damage":2.0,"enemies":"3 Byrds","floor":27.0,"turns":7.0},{"damage":0.0,"enemies":"Gremlin Leader","floor":28.0,"turns":6.0},{"damage":7.0,"enemies":"Collector","floor":33.0,"turns":9.0},{"damage":0.0,"enemies":"3 Darklings","floor":35.0,"turns":9.0},{"damage":3.0,"enemies":"3 Shapes","floor":37.0,"turns":7.0},{"damage":0.0,"enemies":"Writhing Mass","floor":39.0,"turns":6.0},{"damage":7.0,"enemies":"Reptomancer","floor":40.0,"turns":5.0},{"damage":0.0,"enemies":"Giant Head","floor":42.0,"turns":5.0},{"damage":0.0,"enemies":"Maw","floor":46.0,"turns":6.0},{"damage":13.0,"enemies":"Reptomancer","floor":47.0,"turns":5.0},{"damage":0.0,"enemies":"Transient","floor":48.0,"turns":6.0},{"damage":0.0,"enemies":"Donu and Deca","floor":50.0,"turns":7.0},{"damage":13,"enemies":"Awakened One","floor":51,"turns":17},{"damage":0,"enemies":"Shield and Spear","floor":55,"turns":8},{"damage":49,"enemies":"The Heart","floor":56,"turns":2}],"seed_played":"2684641268580116458","potions_obtained":[{"floor":2.0,"key":"PowerPotion"},{"floor":7.0,"key":"Weak Potion"},{"floor":10.0,"key":"Explosive Potion"},{"floor":12.0,"key":"Swift Potion"},{"floor":27.0,"key":"AttackPotion"},{"floor":28.0,"key":"SkillPotion"},{"floor":33.0,"key":"Poison Potion"},{"floor":34.0,"key":"Strength Potion"},{"floor":35.0,"key":"Energy Potion"},{"floor":42.0,"key":"SkillPotion"}],"is_trial":false,"path_per_floor":["M","M","?","?","M","R","E","R","T","M","R","E","?","$","R","B",null,"M","?","$","?","?","R","$","?","T","M","E","R","?","$","R","B",null,"M","?","M","$","M","E","R","E","T","R","$","M","E","M","R","B","B",null,"R","$","E","B"],"character_chosen":"DEFECT","items_purchased":["Runic Capacitor","Cold Snap","Amplify","Dexterity Potion","GamblersBrew","SpeedPotion"],"campfire_rested":4,"item_purchase_floors":[14,31,45,54,54,54],"current_hp_per_floor":[64,64,64,64,64,64,20,20,20,14,35,26,8,8,29,9,56,28,28,28,28,28,28,28,28,28,28,30,30,23,23,23,18,40,42,42,41,41,43,38,38,40,40,40,40,42,31,33,45,45,32,42,45,45,45,0],"gold":101,"neow_bonus":"THREE_ENEMY_KILL","is_prod":false,"is_daily":false,"chose_seed":false,"campfire_upgraded":6,"win_rate":0,"timestamp":1552284705,"path_taken":["M","M","?","?","?","R","E","R","T","M","R","E","?","$","R","BOSS","M","?","$","?","?","R","$","?","T","?","E","R","?","$","R","BOSS","M","?","M","$","M","E","R","E","T","R","$","M","E","?","R","BOSS","BOSS","R","$","E","BOSS"],"build_version":"2019-01-23","purchased_purges":2,"victory":false,"max_hp_per_floor":[71,71,71,71,71,71,71,71,71,71,71,71,71,71,71,71,71,71,71,71,35,35,35,35,35,35,35,35,35,40,40,40,40,45,45,45,45,45,45,45,45,45,45,45,45,45,45,45,45,45,45,45,45,45,45,45],"card_choices":[{"not_picked":["Steam","Glacier"],"picked":"Defragment","floor":1.0},{"not_picked":["Recycle","Scrape"],"picked":"Chaos","floor":2.0},{"not_picked":["Sweeping Beam","Hologram"],"picked":"Loop","floor":5.0},{"not_picked":["Ball Lightning","Go for the Eyes"],"picked":"Streamline","floor":7.0},{"not_picked":["Go for the Eyes","Barrage"],"picked":"Cold Snap","floor":10.0},{"not_picked":["Redo","Compile Driver"],"picked":"Capacitor","floor":12.0},{"not_picked":["Reboot","Thunder Strike"],"picked":"Creative AI","floor":16.0},{"not_picked":["Rebound","Beam Cell"],"picked":"Leap","floor":18.0},{"not_picked":["Aggregate","Fusion+1"],"picked":"Compile Driver","floor":27.0},{"not_picked":["Redo","Gash","Streamline"],"picked":"SKIP","floor":28.0},{"not_picked":["Creative AI","Machine Learning"],"picked":"Meteor Strike","floor":33.0},{"not_picked":["Compile Driver","Darkness"],"picked":"Glacier","floor":34.0},{"not_picked":["Reinforced Body+1","Ball Lightning+1"],"picked":"Defragment+1","floor":35.0},{"not_picked":["Sunder","Barrage"],"picked":"Compile Driver+1","floor":37.0},{"not_picked":["Chaos","Force Field"],"picked":"Loop","floor":39.0},{"not_picked":["Skim+1","Ball Lightning"],"picked":"Coolheaded+1","floor":40.0},{"not_picked":["Steam Power","Doom and Gloom+1","Streamline"],"picked":"SKIP","floor":42.0},{"not_picked":["Barrage","Beam Cell"],"picked":"Heatsinks","floor":46.0},{"not_picked":["Chaos","Leap","Sweeping Beam"],"picked":"SKIP","floor":47.0},{"not_picked":["Gash","Streamline"],"picked":"Hologram","floor":48.0},{"not_picked":["Aggregate+1","Rebound","Sunder"],"picked":"SKIP","floor":55}],"player_experience":2179841,"relics_obtained":[{"floor":7.0,"key":"Happy Flower"},{"floor":9.0,"key":"Mummified Hand"},{"floor":12.0,"key":"PreservedInsect"},{"floor":13.0,"key":"Odd Mushroom"},{"floor":26.0,"key":"Ancient Tea Set"},{"floor":28.0,"key":"Tiny Chest"},{"floor":40.0,"key":"Dodecahedron"},{"floor":42.0,"key":"Orichalcum"},{"floor":47.0,"key":"Smiling Mask"},{"floor":55,"key":"Bag of Marbles"}],"event_choices":[{"cards_removed":["Strike_B"],"damage_healed":0.0,"max_hp_gain":0.0,"max_hp_loss":0.0,"gold_gain":0.0,"event_name":"Living Wall","player_choice":"Forget","floor":3.0,"gold_loss":0.0,"damage_taken":0.0},{"damage_healed":0.0,"max_hp_gain":0.0,"max_hp_loss":0.0,"gold_gain":0.0,"event_name":"WeMeetAgain","player_choice":"Gave Potion","floor":4.0,"gold_loss":0.0,"damage_taken":0.0,"relics_obtained":["The Courier"]},{"damage_healed":0.0,"max_hp_gain":0.0,"max_hp_loss":0.0,"gold_gain":0.0,"event_name":"Mushrooms","player_choice":"Fought Mushrooms","floor":13.0,"gold_loss":0.0,"damage_taken":0.0},{"damage_healed":0.0,"max_hp_gain":0.0,"max_hp_loss":0.0,"gold_gain":0.0,"event_name":"Addict","player_choice":"Obtained Relic","floor":19.0,"gold_loss":85.0,"damage_taken":0.0,"relics_obtained":["Blood Vial"]},{"damage_healed":0.0,"max_hp_gain":0.0,"max_hp_loss":36.0,"gold_gain":0.0,"event_name":"Ghosts","player_choice":"Became a Ghost","floor":21.0,"gold_loss":0.0,"damage_taken":0.0,"cards_obtained":["Ghostly","Ghostly","Ghostly"]},{"damage_healed":0.0,"max_hp_gain":0.0,"max_hp_loss":0.0,"gold_gain":0.0,"cards_transformed":["Strike_B","Strike_B"],"event_name":"Drug Dealer","player_choice":"Became Test Subject","floor":22.0,"gold_loss":0.0,"damage_taken":0.0,"cards_obtained":["Conserve Battery","Core Surge"]},{"cards_removed":["Defend_B"],"damage_healed":0.0,"max_hp_gain":0.0,"max_hp_loss":0.0,"gold_gain":0.0,"event_name":"Back to Basics","player_choice":"Elegance","floor":25.0,"gold_loss":0.0,"damage_taken":0.0},{"damage_healed":0.0,"max_hp_gain":5.0,"max_hp_loss":0.0,"gold_gain":0.0,"event_name":"Forgotten Altar","player_choice":"Shed Blood","floor":30.0,"gold_loss":0.0,"damage_taken":12.0},{"damage_healed":0.0,"max_hp_gain":0.0,"max_hp_loss":0.0,"gold_gain":0.0,"event_name":"Accursed Blacksmith","player_choice":"Rummage","floor":36.0,"gold_loss":0.0,"damage_taken":0.0,"relics_obtained":["WarpedTongs"],"cards_obtained":["Pain"]}],"is_beta":false,"boss_relics":[{"not_picked":["Lizard Tail","Orrery"],"picked":"Runic Dome"},{"not_picked":["Black Star","Nuclear Battery"],"picked":"Tiny House"}],"items_purged_floors":[14,38],"is_endless":false,"potions_floor_spawned":[2,7,10,12,27,28,33,35,42,46],"killed_by":"The Heart","ascension_level":20}