{"path_per_floor":["M","$","?","M","$","E","M","?","T","R","M","?","$","M","R","B",null,"M","?","M","$"],"character_chosen":"IRONCLAD","items_purchased":["Metallicize","Kunai","Shrug It Off","Block Potion"],"gold_per_floor":[366,6,6,17,17,51,67,67,67,67,80,103,51,69,69,164,164,179,94,104,53],"floor_reached":22,"campfire_rested":1,"playtime":2056,"current_hp_per_floor":[71,71,71,77,77,16,19,80,80,80,80,73,73,62,80,34,80,72,72,48,48],"items_purged":["Pain"],"gold":53,"score":212,"play_id":"5a36ba6d-703f-4942-815f-64f76cbdb794","is_prod":false,"is_daily":false,"is_ascension_mode":true,"campfire_upgraded":1,"path_taken":["M","$","?","M","$","E","M","?","T","R","M","?","?","M","R","BOSS","M","?","M","$","M"],"build_version":"2018-02-22-PROD2","purchased_purges":1,"victory":false,"master_deck":["Strike_R","Strike_R","Strike_R","Strike_R","Strike_R","Defend_R","Defend_R","Defend_R","Defend_R","Bash","Rupture","Metallicize+1","Madness","Flame Barrier","Body Slam","Metallicize","Shrug It Off","Barricade","Iron Wave","True Grit","Second Wind","Juggernaut"],"max_hp_per_floor":[80,80,80,80,80,80,80,80,80,80,80,80,80,80,80,80,80,80,80,80,80],"relics":["Burning Blood","Kunai","Orichalcum","Unceasing Top","Odd Mushroom","Orrery","Blood Vial"],"card_choices":[{"not_picked":["Iron Wave","Wild Strike"],"picked":"Rupture"},{"not_picked":["Power Through","Infernal Blade"],"picked":"Flame Barrier"},{"not_picked":["True Grit","Iron Wave"],"picked":"Body Slam"},{"not_picked":["Cleave","Clothesline"],"picked":"Metallicize"},{"not_picked":["Offering","Exhume"],"picked":"Barricade"},{"not_picked":["Perfected Strike","Pommel Strike"],"picked":"Iron Wave"},{"not_picked":["Pommel Strike","Clothesline"],"picked":"True Grit"},{"not_picked":["Havoc","Clash"],"picked":"Second Wind"},{"not_picked":["Flame Barrier","True Grit"],"picked":"Juggernaut"}],"player_experience":183379,"potions_floor_usage":[6,12,12,22],"damage_taken":[{"damage":15,"enemies":"2 Louse","floor":1,"turns":3},{"damage":0,"enemies":"Cultist","floor":4,"turns":3},{"damage":67,"enemies":"Gremlin Nob","floor":6,"turns":6},{"damage":3,"enemies":"Jaw Worm","floor":7,"turns":5},{"damage":5,"enemies":"Large Slime","floor":11,"turns":7},{"damage":13,"enemies":"The Mushroom Lair","floor":12,"turns":6},{"damage":17,"enemies":"Lots of Slimes","floor":14,"turns":8},{"damage":52,"enemies":"Slime Boss","floor":16,"turns":29},{"damage":14,"enemies":"Shell Parasite","floor":18,"turns":9},{"damage":32,"enemies":"3 Byrds","floor":20,"turns":8},{"damage":63,"enemies":"Centurion and Healer","floor":22,"turns":16}],"event_choices":[{"event_name":"Match and Keep!","player_choice":"1 cards matched","floor":3,"damage_taken":0},{"event_name":"Wheel of Change","player_choice":"Full Heal","floor":8,"damage_taken":0},{"event_name":"Mushrooms","player_choice":"Fought Mushrooms","floor":12,"damage_taken":0},{"event_name":"Addict","player_choice":"Obtained Relic","floor":19,"damage_taken":0}],"boss_relics":[{"not_picked":["Lizard Tail","Velvet Choker"],"picked":"Orrery"}],"potions_floor_spawned":[4,7,11],"seed_played":"3906807461769739874","killed_by":"Centurion and Healer","ascension_level":3,"is_trial":false}