{"path_per_floor":["M","M","?","?","?","E","R","E","T","M","E","M","R","?","R","B",null,"M","M","$","M","M"],"character_chosen":"THE_SILENT","items_purchased":["Kunai","Oddly Smooth Stone"],"gold_per_floor":[111,131,306,256,256,290,290,325,371,392,428,444,444,444,444,575,575,600,625,163,188,211,211],"floor_reached":23,"campfire_rested":0,"playtime":1416,"current_hp_per_floor":[63,63,63,63,63,36,36,36,36,36,31,31,31,31,31,4,50,45,43,43,52,43,0],"items_purged":["Strike_G"],"gold":211,"score":319,"play_id":"a69085c3-1443-4050-80fc-044a27340924","local_time":"20180331144750","is_prod":false,"is_daily":false,"is_ascension_mode":true,"campfire_upgraded":3,"timestamp":1522478870,"path_taken":["M","M","?","?","?","E","R","E","T","?","E","M","R","?","R","BOSS","M","M","$","M","?","E"],"build_version":"2018-03-29","purchased_purges":1,"victory":false,"master_deck":["Defend_G","Defend_G","Defend_G","Defend_G","Defend_G","Strike_G","Strike_G","Strike_G","Strike_G","Survivor","Neutralize+1","Storm of Steel+1","Dagger Spray","Expertise","Acrobatics","Noxious Fumes+1","Infinite Blades+1","Accuracy+1"],"max_hp_per_floor":[70,70,70,70,65,65,65,65,65,65,65,65,65,65,65,65,65,65,65,65,65,65,65],"relics":["Ring of the Snake","Golden Idol","Toolbox","Gambling Chip","Snake Skull","Art of War","The Specimen","Kunai","Oddly Smooth Stone"],"card_choices":[{"not_picked":["PiercingWail","Dagger Throw"],"picked":"Storm of Steel","floor":2},{"not_picked":["Phantasmal Killer","Caltrops"],"picked":"Dagger Spray","floor":6},{"not_picked":["Deflect","Underhanded Strike"],"picked":"Expertise","floor":10},{"not_picked":["Dagger Throw","Poisoned Stab"],"picked":"Acrobatics","floor":11},{"not_picked":["Flechettes","Footwork"],"picked":"Noxious Fumes","floor":12},{"not_picked":["Prepared","Deflect"],"picked":"Infinite Blades","floor":18},{"not_picked":["PiercingWail","Flying Knee"],"picked":"Accuracy","floor":19}],"player_experience":209853,"potions_floor_usage":[8,21,21,23,23],"damage_taken":[{"damage":0,"enemies":"Cultist","floor":1,"turns":3},{"damage":0,"enemies":"Small Slimes","floor":2,"turns":3},{"damage":27,"enemies":"3 Sentries","floor":6,"turns":13},{"damage":0,"enemies":"Gremlin Nob","floor":8,"turns":2},{"damage":0,"enemies":"2 Louse","floor":10,"turns":2},{"damage":5,"enemies":"3 Sentries","floor":11,"turns":5},{"damage":0,"enemies":"Blue Slaver","floor":12,"turns":1},{"damage":27,"enemies":"The Guardian","floor":16,"turns":11},{"damage":5,"enemies":"3 Byrds","floor":18,"turns":4},{"damage":2,"enemies":"Chosen","floor":19,"turns":5},{"damage":0,"enemies":"3 Cultists","floor":21,"turns":4},{"damage":9,"enemies":"Centurion and Healer","floor":22,"turns":6},{"damage":66,"enemies":"Gremlin Leader","floor":23,"turns":5}],"event_choices":[{"event_name":"Liars Game","player_choice":"agreed","floor":3,"damage_taken":0},{"event_name":"The Cleric","player_choice":"Card Removal","floor":4,"damage_taken":0},{"event_name":"Golden Idol","player_choice":"Lose Max HP","floor":5,"damage_taken":0},{"event_name":"The Woman in Blue","player_choice":"Bought 0 Potions","floor":14,"damage_taken":0}],"boss_relics":[{"not_picked":["Cursed Key","Black Star"],"picked":"The Specimen"}],"potions_floor_spawned":[2,12,16,21,22],"seed_played":"-8278840823324708801","killed_by":"Gremlin Leader","ascension_level":7,"is_trial":false}