{"gold_per_floor":[118,393,11,11,24,24,59,77,101,134,147,177,191,221,221,298,298,312,332,349,368,368,397,397,455,507,526,551,551,65,65,65,142,142,162,132,142,158,170,205,205,235,235,142,0,0,35,51,51,51,51,51,51,1,32,32],"floor_reached":57,"playtime":5008,"items_purged":["Regret","Writhe","Injury","Strike_R","Strike_R"],"score":3260,"play_id":"c3e9d7d5-63c0-42f3-b87a-a8301703b113","local_time":"20190304160209","is_ascension_mode":true,"campfire_choices":[{"data":"Bash","floor":6,"key":"SMITH"},{"data":"Feed","floor":15,"key":"SMITH"},{"floor":24,"key":"REST"},{"floor":32,"key":"REST"},{"floor":41,"key":"RECALL"},{"floor":46,"key":"REST"},{"floor":49,"key":"REST"},{"floor":53,"key":"REST"}],"neow_cost":"NONE","seed_source_timestamp":225575837984100,"circlet_count":0,"master_deck":["AscendersBane","Defend_R","Defend_R","Defend_R","Defend_R","Bash+1","Clothesline+1","Barricade+1","Feed+1","Metallicize","Bandage Up","True Grit","Rage+1","Body Slam","Battle Trance+1","Armaments+1","Warcry+1","True Grit+1","Feed+1","Disarm+1","Immolate","Flame Barrier+1","Battle Trance+1","Metallicize","Clumsy","Barricade","Whirlwind","Offering+1","Battle Trance+1","Feel No Pain+1","Armaments+1","Feel No Pain+1","Evolve","Enlightenment+1","Power Through+1","Body Slam","Sentinel+1","Flame Barrier+1"],"relics":["Astrolabe","PreservedInsect","Toxic Egg 2","Dream Catcher","Smiling Mask","Oddly Smooth Stone","Pen Nib","Ornamental Fan","Cursed Key","Centennial Puzzle","Tiny Chest","Anchor","FossilizedHelix","Pantograph","Nilry\u0027s Codex","Fusion Hammer","Strawberry","Potion Belt","Pear","Lantern","Mummified Hand"],"potions_floor_usage":[7,12,14,16,23,25,33,33,35,36,38,55,56,56],"damage_taken":[{"damage":1,"enemies":"2 Louse","floor":1,"turns":3},{"damage":5,"enemies":"Cultist","floor":5,"turns":6},{"damage":18,"enemies":"Gremlin Nob","floor":7,"turns":4},{"damage":7,"enemies":"Jaw Worm","floor":8,"turns":5},{"damage":0,"enemies":"Lagavulin","floor":10,"turns":6},{"damage":1,"enemies":"Exordium Thugs","floor":11,"turns":5},{"damage":0,"enemies":"Gremlin Nob","floor":12,"turns":2},{"damage":9,"enemies":"Exordium Wildlife","floor":13,"turns":6},{"damage":14,"enemies":"3 Sentries","floor":14,"turns":10},{"damage":0,"enemies":"The Guardian","floor":16,"turns":13},{"damage":0,"enemies":"3 Byrds","floor":18,"turns":7},{"damage":5,"enemies":"Shell Parasite","floor":19,"turns":13},{"damage":38,"enemies":"Cultist and Chosen","floor":20,"turns":11},{"damage":13,"enemies":"Centurion and Healer","floor":21,"turns":9},{"damage":23,"enemies":"Colosseum Slavers","floor":22,"turns":5},{"damage":30,"enemies":"Book of Stabbing","floor":23,"turns":7},{"damage":18,"enemies":"Gremlin Leader","floor":25,"turns":7},{"damage":0,"enemies":"Chosen and Byrds","floor":27,"turns":10},{"damage":15,"enemies":"Book of Stabbing","floor":28,"turns":11},{"damage":23,"enemies":"Automaton","floor":33,"turns":13},{"damage":0,"enemies":"3 Shapes","floor":35,"turns":8},{"damage":8,"enemies":"3 Darklings","floor":37,"turns":10},{"damage":17,"enemies":"Writhing Mass","floor":38,"turns":15},{"damage":5,"enemies":"Spire Growth","floor":39,"turns":9},{"damage":0,"enemies":"Giant Head","floor":40,"turns":6},{"damage":0,"enemies":"Nemesis","floor":42,"turns":7},{"damage":0,"enemies":"Giant Head","floor":47,"turns":7},{"damage":6,"enemies":"Maw","floor":48,"turns":10},{"damage":14,"enemies":"Awakened One","floor":50,"turns":13},{"damage":12,"enemies":"Donu and Deca","floor":51,"turns":13},{"damage":19,"enemies":"Shield and Spear","floor":55,"turns":8},{"damage":52,"enemies":"The Heart","floor":56,"turns":18}],"seed_played":"6665092628834819931","potions_obtained":[{"floor":1,"key":"Swift Potion"},{"floor":5,"key":"Dexterity Potion"},{"floor":8,"key":"AttackPotion"},{"floor":12,"key":"Regen Potion"},{"floor":16,"key":"EntropicBrew"},{"floor":20,"key":"EssenceOfSteel"},{"floor":23,"key":"SteroidPotion"},{"floor":28,"key":"Explosive Potion"},{"floor":35,"key":"Poison Potion"},{"floor":36,"key":"Fruit Juice"},{"floor":36,"key":"SkillPotion"},{"floor":37,"key":"PowerPotion"},{"floor":48,"key":"Explosive Potion"},{"floor":55,"key":"Poison Potion"}],"is_trial":false,"path_per_floor":["M","?","$","T","M","R","E","M","T","E","M","E","M","E","R","B",null,"M","M","M","M","?","E","R","E","T","M","E","T","$","?","R","B",null,"M","?","M","M","M","E","R","E","T","$","$","R","E","M","R","B","B",null,"R","$","E","B",null],"character_chosen":"IRONCLAD","items_purchased":["PreservedInsect","Bandage Up","True Grit","Pantograph","Barricade","Evolve","Enlightenment+1"],"campfire_rested":5,"item_purchase_floors":[3,3,3,30,30,44,45],"current_hp_per_floor":[71,71,71,71,74,74,64,65,65,69,78,82,83,95,95,103,108,118,121,87,86,71,45,85,73,73,81,74,74,74,53,95,105,136,148,153,155,146,151,162,162,170,180,180,180,192,192,192,192,188,184,193,196,196,185,152],"gold":32,"neow_bonus":"BOSS_RELIC","is_prod":false,"is_daily":false,"chose_seed":false,"campfire_upgraded":2,"win_rate":0,"timestamp":1551682929,"path_taken":["M","?","?","?","M","R","E","M","T","E","?","E","M","E","R","BOSS","M","M","M","M","?","E","R","E","T","M","E","?","$","?","R","BOSS","M","?","M","M","M","E","R","E","T","?","$","R","E","?","R","BOSS","BOSS","R","$","E","BOSS"],"build_version":"2019-01-23","purchased_purges":5,"victory":true,"max_hp_per_floor":[79,79,79,79,83,83,87,91,91,91,95,95,99,106,106,110,110,118,122,122,130,134,134,134,134,134,138,142,142,142,142,142,146,146,154,159,163,167,171,178,178,182,192,192,192,192,192,192,192,196,196,196,196,196,200,204],"card_choices":[{"not_picked":["Sword Boomerang","Dual Wield"],"picked":"Metallicize","floor":1},{"not_picked":["Corruption","Sword Boomerang"],"picked":"Rage+1","floor":5},{"not_picked":["Thunderclap","Armaments+1"],"picked":"Body Slam","floor":7},{"not_picked":["Cleave","Anger"],"picked":"Battle Trance+1","floor":8},{"not_picked":["Anger","Clothesline"],"picked":"Armaments+1","floor":10},{"not_picked":["Burning Pact+1","Searing Blow"],"picked":"Warcry+1","floor":11},{"not_picked":["Heavy Blade","Fire Breathing"],"picked":"True Grit+1","floor":12},{"not_picked":["Wild Strike","Fire Breathing"],"picked":"Feed","floor":13},{"not_picked":["Pommel Strike","Searing Blow"],"picked":"Disarm+1","floor":14},{"not_picked":["Limit Break+1","Double Tap+1"],"picked":"Immolate","floor":16},{"not_picked":["Rampage","Reckless Charge","Sword Boomerang"],"picked":"SKIP","floor":18},{"not_picked":["Pommel Strike","Armaments+1"],"picked":"Flame Barrier+1","floor":19},{"not_picked":["Flex+1","Blood for Blood","Heavy Blade"],"picked":"SKIP","floor":20},{"not_picked":["Rampage","Dropkick"],"picked":"Battle Trance+1","floor":21},{"not_picked":["Sever Soul","Flex+1","Demon Form"],"picked":"SKIP","floor":23},{"not_picked":["Clothesline","Sever Soul","Feed"],"picked":"SKIP","floor":25},{"not_picked":["Clothesline","Armaments+1"],"picked":"Metallicize","floor":27},{"not_picked":["Dropkick","Havoc+1","Fire Breathing"],"picked":"SKIP","floor":28},{"not_picked":["Flex+1","Twin Strike"],"picked":"Whirlwind","floor":32},{"not_picked":["Barricade","Limit Break+1"],"picked":"Offering+1","floor":33},{"not_picked":["Fire Breathing+1","Cleave","Heavy Blade+1"],"picked":"SKIP","floor":35},{"not_picked":["Headbutt","Twin Strike+1"],"picked":"Battle Trance+1","floor":37},{"not_picked":["Clothesline","Warcry+1"],"picked":"Feel No Pain+1","floor":38},{"not_picked":["Sword Boomerang","Warcry+1"],"picked":"Armaments+1","floor":39},{"not_picked":["Thunderclap+1","Reckless Charge+1"],"picked":"Feel No Pain+1","floor":40},{"not_picked":["Infernal Blade+1","Anger","Headbutt"],"picked":"SKIP","floor":42},{"not_picked":["Sword Boomerang+1","Cleave+1"],"picked":"Power Through+1","floor":46},{"not_picked":["Pummel+1","Pommel Strike"],"picked":"Body Slam","floor":47},{"not_picked":["Perfected Strike","Iron Wave+1"],"picked":"Sentinel+1","floor":48},{"not_picked":["Wild Strike","Disarm+1"],"picked":"Flame Barrier+1","floor":49},{"not_picked":["Clothesline","Iron Wave+1","Spot Weakness+1"],"picked":"SKIP","floor":55}],"player_experience":1996485,"relics_obtained":[{"floor":4,"key":"Toxic Egg 2"},{"floor":7,"key":"Dream Catcher"},{"floor":9,"key":"Smiling Mask"},{"floor":10,"key":"Oddly Smooth Stone"},{"floor":12,"key":"Pen Nib"},{"floor":14,"key":"Ornamental Fan"},{"floor":23,"key":"Centennial Puzzle"},{"floor":25,"key":"Tiny Chest"},{"floor":28,"key":"Anchor"},{"floor":29,"key":"FossilizedHelix"},{"floor":31,"key":"Nilry\u0027s Codex"},{"floor":40,"key":"Strawberry"},{"floor":42,"key":"Potion Belt"},{"floor":43,"key":"Pear"},{"floor":47,"key":"Lantern"},{"floor":55,"key":"Mummified Hand"}],"event_choices":[{"damage_healed":0,"gold_gain":275,"player_choice":"Desecrate","damage_taken":0,"max_hp_gain":0,"max_hp_loss":0,"event_name":"Golden Shrine","floor":2,"gold_loss":0,"cards_obtained":["Regret"]},{"damage_healed":0,"gold_gain":0,"player_choice":"Fight","damage_taken":0,"max_hp_gain":0,"max_hp_loss":0,"event_name":"Colosseum","floor":22,"gold_loss":0},{"damage_healed":0,"gold_gain":0,"player_choice":"Fled From Nobs","damage_taken":0,"max_hp_gain":0,"max_hp_loss":0,"event_name":"Colosseum","floor":22,"gold_loss":0},{"damage_healed":0,"gold_gain":0,"player_choice":"Obtained Book","damage_taken":21,"max_hp_gain":0,"max_hp_loss":0,"event_name":"Cursed Tome","floor":31,"gold_loss":0},{"damage_healed":0,"gold_gain":0,"player_choice":"Bought 2 Potions","damage_taken":0,"max_hp_gain":0,"max_hp_loss":0,"event_name":"The Woman in Blue","floor":36,"gold_loss":0}],"is_beta":false,"boss_relics":[{"not_picked":["Orrery","Lizard Tail"],"picked":"Cursed Key"},{"not_picked":["Runic Cube","Eternal Feather"],"picked":"Fusion Hammer"}],"items_purged_floors":[3,30,44,45,54],"is_endless":false,"potions_floor_spawned":[1,5,8,12,16,20,22,23,28,35,37,48,55],"ascension_level":20}