{"gold_per_floor":[110,110,110,110,129,129,160,178,178,32,51,71,71,84,84,173,173,193,33,57,107,127,145,185,185,260,260,275,275,25,39,39,113,113,123,142,193,93,103,103,128,128,128,21,21,51,1,14,14,14,14,14,14,14,42,42],"floor_reached":57,"playtime":3494,"items_purged":["Strike_B","Strike_B","Defend_B"],"score":2864,"play_id":"4983ad6c-57e7-4e63-83cc-64435fdd2602","local_time":"20190329220542","is_ascension_mode":true,"campfire_choices":[{"floor":6.0,"key":"REST"},{"data":"Consume","floor":13.0,"key":"SMITH"},{"floor":15.0,"key":"REST"},{"floor":27,"key":"REST"},{"data":"Capacitor","floor":32,"key":"SMITH"},{"floor":40,"key":"RECALL"},{"data":"Zap","floor":42,"key":"SMITH"},{"data":"Electrodynamics","floor":45,"key":"SMITH"},{"data":"Cold Snap","floor":49,"key":"SMITH"},{"data":"All For One","floor":53,"key":"SMITH"}],"neow_cost":"NONE","seed_source_timestamp":36463868755900,"circlet_count":0,"master_deck":["AscendersBane","Strike_B+1","Defend_B","Defend_B","Defend_B+1","Zap+1","Dualcast","Capacitor+1","Self Repair","Consume+1","Deep Breath+1","Cold Snap+1","Recycle+1","Electrodynamics+1","Chill+1","All For One+1","Hologram+1","Conserve Battery+1","Chill+1","Coolheaded+1","Consume+1","Reinforced Body+1","Reboot+1","Hologram+1","Fission+1","Coolheaded+1","White Noise+1","Deep Breath+1"],"special_seed":0,"relics":["Cracked Core","NeowsBlessing","Bloody Idol","Sundial","Toxic Egg 2","Inserter","Lantern","Prayer Wheel","Matryoshka","Busted Crown","Turnip","Boot","Pantograph","Smiling Mask","Strawberry"],"potions_floor_usage":[56,56],"damage_taken":[{"damage":0.0,"enemies":"2 Louse","floor":1.0,"turns":1.0},{"damage":0.0,"enemies":"Small Slimes","floor":5.0,"turns":1.0},{"damage":0.0,"enemies":"Lagavulin","floor":7.0,"turns":1.0},{"damage":7.0,"enemies":"Jaw Worm","floor":8.0,"turns":3.0},{"damage":11.0,"enemies":"Lots of Slimes","floor":11.0,"turns":6.0},{"damage":4.0,"enemies":"Blue Slaver","floor":12.0,"turns":4.0},{"damage":11.0,"enemies":"3 Louse","floor":14.0,"turns":2.0},{"damage":11.0,"enemies":"The Guardian","floor":16.0,"turns":10.0},{"damage":22.0,"enemies":"Chosen","floor":18.0,"turns":6.0},{"damage":11,"enemies":"2 Thieves","floor":20,"turns":3},{"damage":2,"enemies":"Centurion and Healer","floor":22,"turns":7},{"damage":18,"enemies":"Snake Plant","floor":23,"turns":5},{"damage":0,"enemies":"Book of Stabbing","floor":24,"turns":6},{"damage":0,"enemies":"Snecko","floor":28,"turns":7},{"damage":13,"enemies":"Sentry and Sphere","floor":31,"turns":4},{"damage":16,"enemies":"Collector","floor":33,"turns":15},{"damage":0,"enemies":"Orb Walker","floor":35,"turns":6},{"damage":0,"enemies":"3 Darklings","floor":36,"turns":8},{"damage":24,"enemies":"2 Orb Walkers","floor":37,"turns":4},{"damage":1,"enemies":"Writhing Mass","floor":39,"turns":9},{"damage":0,"enemies":"Nemesis","floor":41,"turns":13},{"damage":0,"enemies":"Giant Head","floor":46,"turns":6},{"damage":0,"enemies":"Transient","floor":48,"turns":4},{"damage":10,"enemies":"Donu and Deca","floor":50,"turns":7},{"damage":7,"enemies":"Awakened One","floor":51,"turns":7},{"damage":22,"enemies":"Shield and Spear","floor":55,"turns":8},{"damage":17,"enemies":"The Heart","floor":56,"turns":9}],"seed_played":"8664666690566988375","potions_obtained":[{"floor":7.0,"key":"FearPotion"},{"floor":12.0,"key":"SpeedPotion"},{"floor":16.0,"key":"Weak Potion"},{"floor":20,"key":"Poison Potion"},{"floor":23,"key":"LiquidBronze"},{"floor":31,"key":"FocusPotion"},{"floor":35,"key":"Ancient Potion"}],"is_trial":false,"path_per_floor":["M","?","?","?","M","R","E","M","T","$","M","M","R","M","R","B",null,"M","$","M","?","M","M","E","?","T","R","M","?","$","M","R","B",null,"M","M","?","$","M","R","E","R","T","$","R","E","$","M","R","B","B",null,"R","$","E","B",null],"character_chosen":"DEFECT","items_purchased":["Deep Breath+1","Cold Snap","Lantern","Reboot+1","Deep Breath+1"],"campfire_rested":3,"item_purchase_floors":[10,10,19,30,44],"current_hp_per_floor":[64,57,33,12,12,33,33,33,33,33,29,32,32,21,42,38,63,41,41,37,37,42,31,38,38,38,59,66,66,66,65,65,61,69,71,71,59,59,70,70,71,71,71,71,71,71,71,71,71,68,71,71,71,71,68,68],"gold":42,"neow_bonus":"THREE_ENEMY_KILL","is_prod":false,"is_daily":false,"chose_seed":false,"campfire_upgraded":6,"win_rate":0,"timestamp":1553864742,"path_taken":["M","?","?","?","M","R","E","M","T","?","?","M","R","M","R","BOSS","M","?","?","?","M","M","E","?","T","R","M","?","?","?","R","BOSS","M","?","?","?","M","R","E","R","T","$","R","E","$","M","R","BOSS","BOSS","R","$","E","BOSS"],"build_version":"2019-01-23","purchased_purges":3,"victory":true,"max_hp_per_floor":[71,71,71,71,71,71,71,71,71,71,71,71,71,71,71,71,71,71,71,71,71,71,71,71,71,71,71,71,71,71,71,71,71,71,71,71,71,71,71,71,71,71,71,71,71,71,71,71,71,71,71,71,71,71,78,78],"card_choices":[{"not_picked":["Turbo","Gash","Ball Lightning"],"picked":"SKIP","floor":1.0},{"not_picked":["Rip and Tear","Streamline"],"picked":"Capacitor","floor":5.0},{"not_picked":["Steam","Sweeping Beam"],"picked":"Self Repair","floor":7.0},{"not_picked":["Loop","Doom and Gloom"],"picked":"Consume","floor":8.0},{"not_picked":["Coolheaded+1","Beam Cell"],"picked":"Recycle+1","floor":11.0},{"not_picked":["Hello World","Go for the Eyes"],"picked":"Electrodynamics","floor":12.0},{"not_picked":["Rebound","Steam+1"],"picked":"Chill+1","floor":14.0},{"not_picked":["Thunder Strike","Buffer"],"picked":"All For One","floor":16.0},{"not_picked":["Leap+1","Reprogram+1"],"picked":"Hologram+1","floor":18.0},{"not_picked":["Leap+1","Chill+1","Stack+1"],"picked":"SKIP","floor":20},{"not_picked":["Leap+1","Redo+1","Beam Cell"],"picked":"SKIP","floor":22},{"not_picked":["Reprogram+1","Leap+1"],"picked":"Conserve Battery+1","floor":23},{"not_picked":["Go for the Eyes","Scrape"],"picked":"Chill+1","floor":24},{"not_picked":["Beam Cell","Lockon"],"picked":"Consume+1","floor":28},{"not_picked":["Sweeping Beam","Streamline"],"picked":"Reinforced Body+1","floor":28},{"not_picked":["Go for the Eyes","Beam Cell+1"],"picked":"Hologram+1","floor":31},{"not_picked":["Sweeping Beam","Buffer","Ball Lightning"],"picked":"SKIP","floor":31},{"not_picked":["Thunder Strike","Buffer"],"picked":"Fission+1","floor":33},{"not_picked":["Sweeping Beam"],"picked":"SKIP","floor":35},{"not_picked":["Hologram+1"],"picked":"SKIP","floor":35},{"not_picked":["Fusion+1"],"picked":"SKIP","floor":36},{"not_picked":["Gash"],"picked":"SKIP","floor":36},{"not_picked":[],"picked":"Coolheaded+1","floor":39},{"not_picked":[],"picked":"White Noise+1","floor":39},{"not_picked":["Ball Lightning+1"],"picked":"SKIP","floor":41},{"not_picked":["Go for the Eyes"],"picked":"SKIP","floor":46},{"not_picked":["Gash"],"picked":"SKIP","floor":48},{"not_picked":["Leap+1"],"picked":"SKIP","floor":48},{"not_picked":["Static Discharge"],"picked":"SKIP","floor":55},{"not_picked":["Static Discharge"],"picked":"SKIP","floor":55}],"player_experience":2722443,"relics_obtained":[{"floor":7.0,"key":"Sundial"},{"floor":9.0,"key":"Toxic Egg 2"},{"floor":24,"key":"Prayer Wheel"},{"floor":26,"key":"Matryoshka"},{"floor":37,"key":"Turnip"},{"floor":41,"key":"Boot"},{"floor":43,"key":"Pantograph"},{"floor":46,"key":"Smiling Mask"},{"floor":55,"key":"Strawberry"}],"event_choices":[{"cards_removed":["Strike_B"],"damage_healed":0.0,"max_hp_gain":0.0,"max_hp_loss":0.0,"gold_gain":0.0,"event_name":"Golden Wing","player_choice":"Card Removal","floor":2.0,"gold_loss":0.0,"damage_taken":7.0},{"damage_healed":0.0,"max_hp_gain":0.0,"max_hp_loss":0.0,"gold_gain":0.0,"event_name":"Golden Idol","player_choice":"Take Damage","floor":3.0,"gold_loss":0.0,"damage_taken":24.0,"relics_obtained":["Golden Idol"]},{"damage_healed":0.0,"max_hp_gain":0.0,"max_hp_loss":0.0,"gold_gain":0.0,"event_name":"Shining Light","player_choice":"Entered Light","floor":4.0,"gold_loss":0.0,"damage_taken":21.0,"cards_upgraded":["Strike_B","Defend_B"]},{"damage_healed":0,"gold_gain":50,"player_choice":"Stole From Cult","damage_taken":0,"max_hp_gain":0,"max_hp_loss":0,"event_name":"Nest","floor":21,"gold_loss":0},{"damage_healed":0,"gold_gain":0,"player_choice":"Read","damage_taken":0,"max_hp_gain":0,"max_hp_loss":0,"event_name":"The Library","floor":25,"gold_loss":0,"cards_obtained":["Coolheaded"]},{"damage_healed":0,"gold_gain":0,"player_choice":"Gave Idol","damage_taken":0,"relics_obtained":["Bloody Idol"],"max_hp_gain":0,"max_hp_loss":0,"event_name":"Forgotten Altar","floor":29,"relics_lost":["Golden Idol"],"gold_loss":0},{"damage_healed":0,"gold_gain":0,"player_choice":"Fight","damage_taken":0,"max_hp_gain":0,"max_hp_loss":0,"event_name":"Mysterious Sphere","floor":37,"gold_loss":0}],"is_beta":false,"boss_relics":[{"not_picked":["Fusion Hammer","Orrery"],"picked":"Inserter"},{"not_picked":["Sozu","Lizard Tail"],"picked":"Busted Crown"}],"items_purged_floors":[30,38,47],"is_endless":false,"potions_floor_spawned":[7,12,16,20,23,31,35,37,46,48],"ascension_level":20}