{"gold_per_floor":[110,80,94,108,123,123,148,148,226,226,252,264,276,323,335,347],"floor_reached":16,"playtime":353,"items_purged":[],"score":236,"play_id":"0d07b0cc-6411-4fe7-8187-8a974f047b6a","local_time":"20190221130203","is_ascension_mode":true,"campfire_choices":[{"data":"Zap","floor":6,"key":"SMITH"},{"data":"Dualcast","floor":8,"key":"SMITH"},{"floor":13,"key":"REST"},{"data":"White Noise","floor":15,"key":"SMITH"}],"neow_cost":"NONE","seed_source_timestamp":90764906711300,"circlet_count":0,"master_deck":["AscendersBane","Strike_B","Strike_B","Strike_B","Strike_B","Defend_B","Defend_B","Defend_B","Defend_B","Zap+1","Dualcast+1","Coolheaded","Ball Lightning","White Noise+1","Regret","Reboot"],"relics":["Cracked Core","NeowsBlessing","Mango","Matryoshka","Happy Flower","MawBank","Ornamental Fan","Potion Belt","Centennial Puzzle"],"potions_floor_usage":[7,7,16],"damage_taken":[{"damage":0,"enemies":"Jaw Worm","floor":1,"turns":1},{"damage":0,"enemies":"Cultist","floor":3,"turns":1},{"damage":0,"enemies":"Small Slimes","floor":4,"turns":1},{"damage":13,"enemies":"Exordium Wildlife","floor":5,"turns":5},{"damage":11,"enemies":"Gremlin Nob","floor":7,"turns":3},{"damage":22,"enemies":"Lagavulin","floor":11,"turns":6},{"damage":31,"enemies":"Gremlin Nob","floor":14,"turns":4},{"damage":20,"enemies":"The Guardian","floor":16,"turns":5}],"seed_played":"5215127868798877849","potions_obtained":[{"floor":1,"key":"SteroidPotion"},{"floor":2,"key":"FearPotion"},{"floor":3,"key":"AttackPotion"},{"floor":11,"key":"Weak Potion"}],"is_trial":false,"path_per_floor":["M","?","M","M","M","R","E","R","T","?","E","T","R","E","R","B"],"character_chosen":"DEFECT","items_purchased":[],"campfire_rested":1,"item_purchase_floors":[],"current_hp_per_floor":[64,64,64,64,51,51,54,54,54,54,32,32,57,26,26,6],"gold":347,"neow_bonus":"THREE_ENEMY_KILL","is_prod":false,"is_daily":false,"chose_seed":false,"campfire_upgraded":3,"win_rate":0,"timestamp":1550721723,"path_taken":["M","?","M","?","M","R","E","R","T","?","E","?","R","E","R","BOSS"],"build_version":"2019-01-23","purchased_purges":0,"victory":false,"max_hp_per_floor":[71,71,71,71,71,71,85,85,85,85,85,85,85,85,85,85],"card_choices":[{"not_picked":["Doom and Gloom","Turbo","Stack"],"picked":"SKIP","floor":1},{"not_picked":["Force Field","Steam"],"picked":"Coolheaded","floor":3},{"not_picked":["Chaos","Rip and Tear"],"picked":"Ball Lightning","floor":4},{"not_picked":["Compile Driver","Steam","Ball Lightning"],"picked":"SKIP","floor":5},{"not_picked":["Doom and Gloom","All For One"],"picked":"White Noise","floor":7},{"not_picked":["Hyperbeam","Undo"],"picked":"Reboot","floor":11},{"not_picked":["Lockon","Genetic Algorithm","Rebound"],"picked":"SKIP","floor":14}],"player_experience":1686460,"relics_obtained":[{"floor":7,"key":"Mango"},{"floor":9,"key":"Matryoshka"},{"floor":11,"key":"MawBank"},{"floor":12,"key":"Ornamental Fan"},{"floor":12,"key":"Potion Belt"},{"floor":14,"key":"Centennial Puzzle"}],"event_choices":[{"damage_healed":0,"gold_gain":0,"player_choice":"Bought 2 Potions","damage_taken":0,"max_hp_gain":0,"max_hp_loss":0,"event_name":"The Woman in Blue","floor":2,"gold_loss":0},{"damage_healed":0,"gold_gain":0,"player_choice":"Box","damage_taken":0,"relics_obtained":["Happy Flower"],"max_hp_gain":0,"max_hp_loss":0,"event_name":"Big Fish","floor":10,"gold_loss":0,"cards_obtained":["Regret"]}],"is_beta":false,"boss_relics":[],"items_purged_floors":[],"is_endless":false,"potions_floor_spawned":[1,3,11],"killed_by":"The Guardian","ascension_level":20}