{"gold_per_floor":[15,32,42,342,360,395,395,405,405,405],"floor_reached":10,"playtime":345,"items_purged":[],"score":140,"play_id":"e8b2af45-2827-43de-8715-d3c9cce255ef","local_time":"20190205193533","is_ascension_mode":true,"campfire_choices":[{"floor":7,"key":"REST"}],"neow_cost":"NO_GOLD","seed_source_timestamp":5160806315400,"circlet_count":0,"master_deck":["AscendersBane","Strike_B","Strike_B","Strike_B","Strike_B","Defend_B","Defend_B","Defend_B","Defend_B","Zap","Dualcast","Reinforced Body","Self Repair","Hologram"],"relics":["Cracked Core","Du-Vu Doll","Old Coin","Letter Opener","Sundial"],"potions_floor_usage":[6],"damage_taken":[{"damage":1,"enemies":"Cultist","floor":1,"turns":3},{"damage":0,"enemies":"Small Slimes","floor":2,"turns":2},{"damage":2,"enemies":"Jaw Worm","floor":3,"turns":3},{"damage":1,"enemies":"2 Fungi Beasts","floor":5,"turns":3},{"damage":35,"enemies":"Lagavulin","floor":6,"turns":10},{"damage":28,"enemies":"Exordium Thugs","floor":8,"turns":4},{"damage":0,"enemies":"Gremlin Nob","floor":10,"turns":3}],"seed_played":"4724858292160929148","potions_obtained":[{"floor":3,"key":"Ancient Potion"}],"is_trial":false,"path_per_floor":["M","M","M","?","M","E","R","M","T","E"],"character_chosen":"DEFECT","items_purchased":[],"campfire_rested":1,"item_purchase_floors":[],"current_hp_per_floor":[63,63,61,56,55,27,48,27,27,27],"gold":405,"neow_bonus":"ONE_RARE_RELIC","is_prod":false,"is_daily":false,"chose_seed":false,"campfire_upgraded":0,"win_rate":0,"timestamp":1549362933,"path_taken":["M","?","M","?","M","E","R","M","T","E"],"build_version":"2019-01-23","purchased_purges":0,"victory":false,"max_hp_per_floor":[71,71,71,71,71,71,71,71,71,71],"card_choices":[{"not_picked":["Leap","Fusion","Reprogram"],"picked":"SKIP","floor":1},{"not_picked":["Barrage","Double Energy","Chaos"],"picked":"SKIP","floor":2},{"not_picked":["Hologram","Rebound"],"picked":"Reinforced Body","floor":3},{"not_picked":["Aggregate","Barrage"],"picked":"Self Repair","floor":5},{"not_picked":["Turbo","Go for the Eyes","Sweeping Beam"],"picked":"SKIP","floor":6},{"not_picked":["Skim","Sweeping Beam"],"picked":"Hologram","floor":8}],"player_experience":1382458,"relics_obtained":[{"floor":6,"key":"Letter Opener"},{"floor":9,"key":"Sundial"}],"event_choices":[{"damage_healed":0,"gold_gain":0,"player_choice":"Success","damage_taken":5,"relics_obtained":["Old Coin"],"max_hp_gain":0,"max_hp_loss":0,"event_name":"Scrap Ooze","floor":4,"gold_loss":0}],"is_beta":false,"boss_relics":[],"items_purged_floors":[],"is_endless":false,"potions_floor_spawned":[3],"killed_by":"Gremlin Nob","ascension_level":20}