{"gold_per_floor":[116,13,13,13,13,44,44,44,98,134,172,172],"floor_reached":12,"playtime":132,"items_purged":[],"score":264,"play_id":"8361855c-1f66-4337-b9d7-2ff70320bc4e","local_time":"20190327141232","is_ascension_mode":true,"campfire_choices":[{"data":"Bash","floor":7,"key":"SMITH"}],"neow_cost":"NONE","seed_source_timestamp":42498257661400,"circlet_count":0,"master_deck":["AscendersBane","Strike_R","Strike_R","Strike_R","Strike_R","Strike_R+1","Defend_R","Defend_R","Defend_R","Defend_R","Bash+1","Evolve+1","True Grit","Regret","Shrug It Off","Sword Boomerang","Reaper"],"relics":["Burning Blood","NeowsBlessing","Pantograph","Golden Idol","Paper Frog","Potion Belt","Bag of Marbles","Odd Mushroom"],"potions_floor_usage":[11,12],"damage_taken":[{"damage":0,"enemies":"2 Louse","floor":1,"turns":1},{"damage":0,"enemies":"Lagavulin","floor":6,"turns":1},{"damage":3,"enemies":"3 Sentries","floor":10,"turns":2},{"damage":24,"enemies":"The Mushroom Lair","floor":11,"turns":4},{"damage":0,"enemies":"Lagavulin","floor":12,"turns":1}],"seed_played":"6925917898554262804","potions_obtained":[{"floor":6,"key":"SteroidPotion"},{"floor":10,"key":"Swift Potion"}],"is_trial":false,"path_per_floor":["M","$","?","?","?","E","R","$","T","E","?","E"],"character_chosen":"IRONCLAD","items_purchased":["Evolve","True Grit"],"campfire_rested":0,"item_purchase_floors":[2,2],"current_hp_per_floor":[74,74,74,51,25,31,31,31,31,34,16,16],"gold":172,"neow_bonus":"THREE_ENEMY_KILL","is_prod":false,"is_daily":false,"chose_seed":false,"campfire_upgraded":1,"win_rate":0,"timestamp":1553663552,"path_taken":["M","$","?","?","?","E","R","$","T","E","?","E"],"build_version":"2019-01-23","purchased_purges":0,"victory":false,"max_hp_per_floor":[75,75,75,75,75,75,75,75,75,75,75,75],"card_choices":[{"not_picked":["Heavy Blade","Sword Boomerang","Pummel"],"picked":"SKIP","floor":1},{"not_picked":["Clash","Ghostly Armor"],"picked":"Shrug It Off","floor":6},{"not_picked":["Anger","Dual Wield"],"picked":"Sword Boomerang","floor":10},{"not_picked":["Ghostly Armor","Intimidate"],"picked":"Reaper","floor":11}],"player_experience":2630669,"relics_obtained":[{"floor":6,"key":"Paper Frog"},{"floor":9,"key":"Potion Belt"},{"floor":10,"key":"Bag of Marbles"},{"floor":11,"key":"Odd Mushroom"}],"event_choices":[{"damage_healed":0,"gold_gain":0,"player_choice":"Box","damage_taken":0,"relics_obtained":["Pantograph"],"max_hp_gain":0,"max_hp_loss":0,"event_name":"Big Fish","floor":3,"gold_loss":0,"cards_obtained":["Regret"]},{"damage_healed":0,"gold_gain":0,"player_choice":"Entered Light","damage_taken":23,"max_hp_gain":0,"max_hp_loss":0,"event_name":"Shining Light","floor":4,"gold_loss":0,"cards_upgraded":["Strike_R","Evolve"]},{"damage_healed":0,"gold_gain":0,"player_choice":"Take Damage","damage_taken":26,"relics_obtained":["Golden Idol"],"max_hp_gain":0,"max_hp_loss":0,"event_name":"Golden Idol","floor":5,"gold_loss":0},{"damage_healed":0,"gold_gain":0,"player_choice":"Fought Mushrooms","damage_taken":0,"max_hp_gain":0,"max_hp_loss":0,"event_name":"Mushrooms","floor":11,"gold_loss":0}],"is_beta":false,"boss_relics":[],"items_purged_floors":[],"is_endless":false,"potions_floor_spawned":[6,10],"killed_by":"Lagavulin","ascension_level":20}