{"gold_per_floor":[362,374,385,464,28,61,61,26,53,83,83,8,27,53,53,127,127,143,143,156,156,156,156,156],"floor_reached":24,"playtime":806,"items_purged":["Defend_B"],"score":504,"play_id":"8f59719f-d63d-4d3a-8755-ae621025eca8","local_time":"20190327201321","is_ascension_mode":true,"campfire_choices":[{"floor":7,"key":"REST"},{"data":"Consume","floor":11,"key":"SMITH"},{"floor":15,"key":"REST"},{"floor":23,"key":"REST"}],"neow_cost":"PERCENT_DAMAGE","seed_source_timestamp":63471822518900,"circlet_count":0,"master_deck":["AscendersBane","Strike_B","Strike_B","Defend_B","Defend_B","Defend_B","Zap","Dualcast","Electrodynamics","Melter","Loop","Consume+1","Conserve Battery","Loop","Seek","FTL+1","Hologram","Go for the Eyes","Rainbow","Turbo","Decay"],"relics":["Cracked Core","Prayer Wheel","Centennial Puzzle","Juzu Bracelet","Smiling Mask","Odd Mushroom","Cursed Key"],"potions_floor_usage":[6,10,14,16],"damage_taken":[{"damage":7,"enemies":"Jaw Worm","floor":1,"turns":3},{"damage":3,"enemies":"2 Louse","floor":2,"turns":3},{"damage":0,"enemies":"Cultist","floor":3,"turns":3},{"damage":20,"enemies":"3 Sentries","floor":6,"turns":6},{"damage":28,"enemies":"Gremlin Nob","floor":10,"turns":4},{"damage":11,"enemies":"Looter","floor":13,"turns":3},{"damage":0,"enemies":"The Mushroom Lair","floor":14,"turns":1},{"damage":0,"enemies":"Slime Boss","floor":16,"turns":6},{"damage":42,"enemies":"Shell Parasite","floor":18,"turns":4},{"damage":17,"enemies":"2 Thieves","floor":20,"turns":3},{"damage":0,"enemies":"Slavers","floor":24,"turns":1}],"seed_played":"3688341944395127159","potions_obtained":[{"floor":3,"key":"SpeedPotion"},{"floor":10,"key":"SkillPotion"},{"floor":14,"key":"Fire Potion"}],"is_trial":false,"path_per_floor":["M","M","M","?","$","E","R","?","T","E","R","$","M","?","R","B",null,"M","?","M","?","?","R","E"],"character_chosen":"DEFECT","items_purchased":["Prayer Wheel","Loop","AttackPotion","Conserve Battery"],"campfire_rested":3,"item_purchase_floors":[5,5,5,12],"current_hp_per_floor":[39,36,36,36,36,16,37,54,54,26,26,26,15,15,36,36,62,20,20,3,3,3,24,24],"gold":156,"neow_bonus":"TWO_FIFTY_GOLD","is_prod":false,"is_daily":false,"chose_seed":false,"campfire_upgraded":1,"win_rate":0,"timestamp":1553685201,"path_taken":["M","M","M","?","$","E","R","?","T","E","R","?","M","?","R","BOSS","M","?","M","?","?","R","E"],"build_version":"2019-01-23","purchased_purges":1,"victory":false,"max_hp_per_floor":[71,71,71,71,71,71,71,71,71,71,71,71,71,71,71,71,71,71,71,71,71,71,71,71],"card_choices":[{"not_picked":["Steam","Sweeping Beam","Double Energy"],"picked":"SKIP","floor":1},{"not_picked":["Coolheaded","Force Field"],"picked":"Electrodynamics","floor":2},{"not_picked":["BootSequence","Leap"],"picked":"Melter","floor":3},{"not_picked":["Rebound","Aggregate","Streamline"],"picked":"SKIP","floor":6},{"not_picked":["Steam","Machine Learning"],"picked":"Consume","floor":10},{"not_picked":["Consume","Skim","Go for the Eyes"],"picked":"SKIP","floor":13},{"not_picked":["Leap","Hello World","Rebound"],"picked":"SKIP","floor":13},{"not_picked":["Redo","Reprogram"],"picked":"Loop","floor":14},{"not_picked":["Multi-Cast","Biased Cognition"],"picked":"Seek","floor":16},{"not_picked":["Redo","Sweeping Beam"],"picked":"FTL+1","floor":18},{"not_picked":["Consume+1","Scrape"],"picked":"Hologram","floor":18},{"not_picked":["Skim","Gash+1"],"picked":"Turbo","floor":20},{"not_picked":["Blizzard","Compile Driver","Beam Cell"],"picked":"SKIP","floor":20}],"player_experience":2644320,"relics_obtained":[{"floor":6,"key":"Centennial Puzzle"},{"floor":9,"key":"Juzu Bracelet"},{"floor":10,"key":"Smiling Mask"},{"floor":14,"key":"Odd Mushroom"}],"event_choices":[{"damage_healed":0,"gold_gain":79,"player_choice":"Gained Gold","damage_taken":0,"max_hp_gain":0,"max_hp_loss":0,"event_name":"Golden Wing","floor":4,"gold_loss":0},{"damage_healed":17,"gold_gain":0,"player_choice":"Healed","damage_taken":0,"max_hp_gain":0,"max_hp_loss":0,"event_name":"The Cleric","floor":8,"gold_loss":35},{"damage_healed":0,"gold_gain":0,"player_choice":"Fought Mushrooms","damage_taken":0,"max_hp_gain":0,"max_hp_loss":0,"event_name":"Mushrooms","floor":14,"gold_loss":0},{"damage_healed":0,"gold_gain":0,"cards_transformed":["Strike_B","Strike_B"],"player_choice":"Became Test Subject","damage_taken":0,"max_hp_gain":0,"max_hp_loss":0,"event_name":"Drug Dealer","floor":19,"gold_loss":0,"cards_obtained":["Go for the Eyes","Rainbow"]},{"damage_healed":0,"gold_gain":0,"player_choice":"Smashed Altar","damage_taken":0,"max_hp_gain":0,"max_hp_loss":0,"event_name":"Forgotten Altar","floor":21,"gold_loss":0,"cards_obtained":["Decay"]},{"damage_healed":0,"gold_gain":0,"player_choice":"Ignored","damage_taken":0,"max_hp_gain":0,"max_hp_loss":0,"event_name":"The Mausoleum","floor":22,"gold_loss":0}],"is_beta":false,"boss_relics":[{"not_picked":["Sozu","Black Star"],"picked":"Cursed Key"}],"items_purged_floors":[12],"is_endless":false,"potions_floor_spawned":[3,10,14],"killed_by":"Slavers","ascension_level":20}