{"gold_per_floor":[112,112,37,61,73,98,98,126,163,188,211,223,235,260,272,388,400,412,274,264,282,295,295,315,38,38,38,38,38,38,38,38,38],"floor_reached":33,"playtime":1407,"items_purged":["Strike_R","Defend_R","Strike_R"],"score":255,"play_id":"266e1900-ce98-469d-b09e-c1a68cf04d14","local_time":"20180805181042","is_ascension_mode":false,"campfire_choices":[{"floor":7,"key":"REST"},{"floor":12,"key":"REST"},{"floor":15,"key":"REST"},{"floor":23,"key":"REST"},{"floor":28,"key":"REST"},{"data":"Flex","floor":32,"key":"SMITH"}],"neow_cost":"","seed_source_timestamp":1204870311305683,"circlet_count":0,"master_deck":["Strike_R","Strike_R","Strike_R","Defend_R","Defend_R","Defend_R","Bash","Clash","Flex+1","Clash","Clash"],"relics":["Burning Blood","Dream Catcher","Centennial Puzzle","Red Skull","MawBank","Juzu Bracelet","Omamori","Orrery","Pen Nib","Shuriken"],"potions_floor_usage":[11,11,18,21,22,22,33],"damage_taken":[{"damage":6,"enemies":"Jaw Worm","floor":1,"turns":3},{"damage":1,"enemies":"2 Louse","floor":5,"turns":4},{"damage":63,"enemies":"Lagavulin","floor":6,"turns":8},{"damage":19,"enemies":"3 Sentries","floor":8,"turns":8},{"damage":0,"enemies":"Cultist","floor":10,"turns":2},{"damage":0,"enemies":"Exordium Thugs","floor":11,"turns":3},{"damage":5,"enemies":"3 Louse","floor":14,"turns":3},{"damage":62,"enemies":"The Guardian","floor":16,"turns":12},{"damage":0,"enemies":"3 Byrds","floor":18,"turns":2},{"damage":20,"enemies":"2 Thieves","floor":20,"turns":4},{"damage":25,"enemies":"Chosen and Byrds","floor":21,"turns":7},{"damage":30,"enemies":"Centurion and Healer","floor":22,"turns":4},{"damage":27,"enemies":"Snake Plant","floor":24,"turns":3},{"damage":80,"enemies":"Collector","floor":33,"turns":8}],"seed_played":"2973614918891964283","potions_obtained":[{"floor":5,"key":"SmokeBomb"},{"floor":8,"key":"Block Potion"},{"floor":10,"key":"Fire Potion"},{"floor":16,"key":"Ancient Potion"},{"floor":20,"key":"Ancient Potion"},{"floor":21,"key":"GamblersBrew"},{"floor":24,"key":"Energy Potion"}],"is_trial":false,"path_per_floor":["M","?","$","T","M","E","R","E","T","M","M","R","?","M","R","B",null,"M","$","M","M","M","R","M","$","T","$","R","?","?","?","R"],"character_chosen":"IRONCLAD","items_purchased":["Flex","Pen Nib"],"campfire_rested":5,"item_purchase_floors":[19,25],"current_hp_per_floor":[80,73,73,73,78,21,45,32,32,38,44,68,68,69,80,24,80,80,80,66,47,23,47,26,26,26,26,50,50,50,76,76,0],"gold":38,"neow_bonus":"","is_prod":false,"is_daily":false,"chose_seed":false,"campfire_upgraded":1,"win_rate":0,"timestamp":1533481842,"path_taken":["M","?","$","?","M","E","R","E","T","M","M","R","?","M","R","BOSS","M","$","M","M","M","R","M","$","T","$","R","?","?","?","R","BOSS"],"build_version":"2018-08-02","purchased_purges":3,"victory":false,"max_hp_per_floor":[80,80,80,80,80,80,80,80,80,80,80,80,80,80,80,80,80,80,80,80,80,80,80,80,80,80,80,80,80,80,80,80,80],"card_choices":[{"not_picked":["Body Slam","Uppercut","Searing Blow"],"picked":"SKIP","floor":1},{"not_picked":["Clothesline","Wild Strike","Intimidate"],"picked":"SKIP","floor":5},{"not_picked":["Whirlwind","Searing Blow","Flex"],"picked":"SKIP","floor":6},{"not_picked":["Headbutt","Entrench","Infernal Blade"],"picked":"SKIP","floor":8},{"not_picked":["Fiend Fire","Searing Blow"],"picked":"Clash","floor":10},{"not_picked":["Warcry","Whirlwind","Battle Trance"],"picked":"SKIP","floor":11},{"not_picked":["Twin Strike","Sentinel","Heavy Blade"],"picked":"SKIP","floor":14},{"not_picked":["True Grit","Rupture"],"picked":"Clash","floor":20},{"not_picked":["Whirlwind","Havoc","Impervious"],"picked":"SKIP","floor":21},{"not_picked":["Wild Strike","Headbutt+1","Armaments"],"picked":"SKIP","floor":22},{"not_picked":["Carnage","Havoc","Sword Boomerang"],"picked":"SKIP","floor":24},{"not_picked":["Cleave","Perfected Strike"],"picked":"Clash","floor":28}],"player_experience":634760,"relics_obtained":[{"floor":4,"key":"Centennial Puzzle"},{"floor":6,"key":"Red Skull"},{"floor":8,"key":"MawBank"},{"floor":9,"key":"Juzu Bracelet"},{"floor":26,"key":"Shuriken"}],"event_choices":[{"event_name":"Scrap Ooze","player_choice":"success","floor":2,"damage_taken":7},{"event_name":"Wheel of Change","player_choice":"Relic","floor":13,"damage_taken":0},{"event_name":"Ghosts","player_choice":"Ignored","floor":29,"damage_taken":0},{"event_name":"Cursed Tome","player_choice":"Ignored","floor":30,"damage_taken":0},{"event_name":"The Library","player_choice":"Heal","floor":31,"damage_taken":0}],"is_beta":false,"boss_relics":[{"not_picked":["Astrolabe","Philosopher\u0027s Stone"],"picked":"Orrery"}],"items_purged_floors":[3,19,25],"is_endless":false,"potions_floor_spawned":[5,8,10,16,20,21,24],"killed_by":"Collector","ascension_level":0}