{"gold_per_floor":[112,112,37,55,69,103,103,128,128,138,169,180,180,195,195,195],"floor_reached":16,"playtime":636,"items_purged":["Pain"],"score":244,"play_id":"9fed3981-9a2c-4e9e-b68c-4316263442cf","local_time":"20190411121137","is_ascension_mode":true,"campfire_choices":[{"data":"Hemokinesis","floor":7,"key":"SMITH"},{"data":"Bash","floor":13,"key":"SMITH"},{"data":"Body Slam","floor":15,"key":"SMITH"}],"neow_cost":"NONE","seed_source_timestamp":382191455821700,"circlet_count":0,"master_deck":["AscendersBane","Strike_R","Strike_R","Strike_R","Strike_R","Strike_R","Defend_R","Defend_R","Defend_R","Defend_R","Bash+1","Shrug It Off","Hemokinesis+1","Feel No Pain","Second Wind","Entrench","Body Slam+1"],"relics":["Burning Blood","NeowsBlessing","WarpedTongs","Champion Belt","Darkstone Periapt","Singing Bowl","Blood Vial"],"potions_floor_usage":[8,16,16],"damage_taken":[{"damage":0,"enemies":"Jaw Worm","floor":1,"turns":1},{"damage":0,"enemies":"Cultist","floor":4,"turns":1},{"damage":0,"enemies":"Small Slimes","floor":5,"turns":2},{"damage":24,"enemies":"Lagavulin","floor":6,"turns":7},{"damage":5,"enemies":"Gremlin Nob","floor":8,"turns":3},{"damage":4,"enemies":"Exordium Wildlife","floor":10,"turns":4},{"damage":26,"enemies":"3 Sentries","floor":11,"turns":10},{"damage":2,"enemies":"2 Fungi Beasts","floor":12,"turns":5},{"damage":7,"enemies":"Red Slaver","floor":14,"turns":3},{"damage":47,"enemies":"Slime Boss","floor":16,"turns":9}],"seed_played":"-6712460984166472409","potions_obtained":[{"floor":4,"key":"AttackPotion"},{"floor":11,"key":"GamblersBrew"},{"floor":12,"key":"GamblersBrew"}],"is_trial":false,"path_per_floor":["M","?","$","M","M","E","R","E","T","M","E","M","R","M","R","B"],"character_chosen":"IRONCLAD","items_purchased":[],"campfire_rested":0,"item_purchase_floors":[],"current_hp_per_floor":[74,74,74,75,75,57,57,58,58,60,40,48,48,49,49,4],"gold":195,"neow_bonus":"THREE_ENEMY_KILL","is_prod":false,"is_daily":false,"chose_seed":false,"campfire_upgraded":3,"win_rate":0,"timestamp":1554952297,"path_taken":["M","?","$","M","?","E","R","E","T","?","E","M","R","M","R","BOSS"],"build_version":"2019-01-23","purchased_purges":1,"victory":false,"max_hp_per_floor":[75,75,75,75,75,75,75,75,75,75,75,77,77,77,77,77],"card_choices":[{"not_picked":["Twin Strike","Sword Boomerang"],"picked":"Shrug It Off","floor":1},{"not_picked":["Wild Strike","Blood for Blood","Entrench"],"picked":"SKIP","floor":4},{"not_picked":["Pummel","Rupture"],"picked":"Hemokinesis","floor":5},{"not_picked":["Wild Strike","Pommel Strike","Reckless Charge"],"picked":"SKIP","floor":6},{"not_picked":["Clash","Flex"],"picked":"Feel No Pain","floor":8},{"not_picked":["Inflame","Power Through"],"picked":"Second Wind","floor":10},{"not_picked":["Brutality","Clothesline"],"picked":"Entrench","floor":11},{"not_picked":["Iron Wave","Pommel Strike","Flex"],"picked":"Singing Bowl","floor":12},{"not_picked":["Pummel","Uppercut"],"picked":"Body Slam","floor":14}],"player_experience":3046470,"relics_obtained":[{"floor":6,"key":"Champion Belt"},{"floor":8,"key":"Darkstone Periapt"},{"floor":9,"key":"Singing Bowl"},{"floor":11,"key":"Blood Vial"}],"event_choices":[{"damage_healed":0,"gold_gain":0,"player_choice":"Rummage","damage_taken":0,"relics_obtained":["WarpedTongs"],"max_hp_gain":0,"max_hp_loss":0,"event_name":"Accursed Blacksmith","floor":2,"gold_loss":0,"cards_obtained":["Pain"]}],"is_beta":false,"boss_relics":[],"items_purged_floors":[3],"is_endless":false,"potions_floor_spawned":[4,11,12],"killed_by":"Slime Boss","ascension_level":20}