{"path_per_floor":["M","M","M","?","$","R","M","R","T","E","$","M","M","?","R"],"character_chosen":"IRONCLAD","items_purchased":["Shockwave"],"gold_per_floor":[110,121,131,131,56,56,72,72,72,99,21,33,53,53,53,53],"floor_reached":16,"campfire_rested":0,"playtime":883,"item_purchase_floors":[11],"current_hp_per_floor":[70,72,67,53,53,53,54,54,54,17,17,10,14,14,14,0],"items_purged":["Strike_R"],"gold":53,"score":153,"play_id":"9871f33b-9697-4bc1-a385-b37f417cf891","local_time":"20180609193057","is_prod":false,"is_daily":false,"chose_seed":false,"is_ascension_mode":true,"campfire_upgraded":3,"win_rate":0,"timestamp":1528543857,"campfire_choices":[{"data":"True Grit","floor":6,"key":"SMITH"},{"data":"Offering","floor":8,"key":"SMITH"},{"data":"Shockwave","floor":15,"key":"SMITH"}],"path_taken":["M","M","M","?","?","R","M","R","T","E","$","?","?","?","R","BOSS"],"build_version":"2018-06-07v2","seed_source_timestamp":1149423134736699,"purchased_purges":1,"victory":false,"master_deck":["Strike_R","Strike_R","Strike_R","Strike_R+1","Defend_R","Defend_R+1","Defend_R","Defend_R","Bash","AscendersBane","Offering+1","True Grit+1","Ghostly Armor","Thunderclap","Shockwave+1","Body Slam"],"max_hp_per_floor":[72,72,72,72,72,72,72,72,72,72,72,72,72,72,72,72],"relics":["Burning Blood","Toolbox","Centennial Puzzle"],"card_choices":[{"not_picked":["Exhume","Bludgeon"],"picked":"Offering","floor":0},{"not_picked":["Pommel Strike","Heavy Blade","Body Slam"],"picked":"SKIP","floor":1},{"not_picked":["Reckless Charge","Shrug It Off"],"picked":"True Grit","floor":2},{"not_picked":["Havoc","Pummel","Shrug It Off"],"picked":"SKIP","floor":3},{"not_picked":["Perfected Strike","Headbutt"],"picked":"Ghostly Armor","floor":7},{"not_picked":["Carnage","Clash"],"picked":"Thunderclap","floor":10},{"not_picked":["Evolve","Flame Barrier"],"picked":"Body Slam","floor":12},{"not_picked":["Warcry","Sword Boomerang","Second Wind"],"picked":"SKIP","floor":13}],"player_experience":414448,"potions_floor_usage":[10],"damage_taken":[{"damage":8,"enemies":"Jaw Worm","floor":1,"turns":5},{"damage":4,"enemies":"Cultist","floor":2,"turns":2},{"damage":11,"enemies":"2 Louse","floor":3,"turns":3},{"damage":5,"enemies":"Lots of Slimes","floor":7,"turns":8},{"damage":43,"enemies":"Lagavulin","floor":10,"turns":10},{"damage":13,"enemies":"Exordium Thugs","floor":12,"turns":5},{"damage":2,"enemies":"2 Fungi Beasts","floor":13,"turns":4},{"damage":16,"enemies":"Hexaghost","floor":16,"turns":9}],"relics_obtained":[{"floor":9,"key":"Toolbox"},{"floor":10,"key":"Centennial Puzzle"}],"event_choices":[{"event_name":"Shining Light","player_choice":"Entered Light","floor":4,"damage_taken":0},{"event_name":"Match and Keep!","player_choice":"0 cards matched","floor":14,"damage_taken":0}],"boss_relics":[],"items_purged_floors":[5],"potions_floor_spawned":[3,12],"seed_played":"-8971247477463275223","killed_by":"Hexaghost","ascension_level":10,"potions_obtained":[{"floor":3,"key":"EssenceOfSteel"},{"floor":12,"key":"GamblersBrew"}],"is_trial":false}