{"gold_per_floor":[114,114,114,130,130,170,195,195,218,218,218,116,135,135,158,158,284,284,304,219,219,219,239,239,270,309,309,309,309,329,329,368,393,405,537,612,637,649,786,898,924,967,979,1012,1024,1036,379,379,422,442,460,460,460],"floor_reached":54,"playtime":2784,"items_purged":["Beam Cell"],"score":1025,"play_id":"10769d5d-92ad-4bda-9912-37649b0ef421","local_time":"20190420224208","is_ascension_mode":true,"campfire_choices":[{"data":"Capacitor","floor":8,"key":"SMITH"},{"data":"Static Discharge","floor":11,"key":"SMITH"},{"data":"Darkness","floor":14,"key":"SMITH"},{"data":"Self Repair","floor":16,"key":"SMITH"},{"data":"Defragment","floor":24,"key":"SMITH"},{"data":"Darkness","floor":29,"key":"SMITH"},{"data":"Skim","floor":31,"key":"SMITH"},{"data":"Multi-Cast","floor":34,"key":"SMITH"},{"floor":48,"key":"REST"},{"data":"Capacitor","floor":52,"key":"SMITH"}],"neow_cost":"NONE","seed_source_timestamp":410758974640900,"circlet_count":0,"master_deck":["Barrage","Ball Lightning","Skim+1","Leap","Cold Snap+1","Cold Snap+1","Amplify","Capacitor+1","Self Repair+1","Static Discharge+1","Multi-Cast","Rip and Tear","Darkness+1","Cold Snap","Multi-Cast+1","Beam Cell+1","Darkness+1","Scrape+1","Defragment+1","Stack","Rip and Tear","Reprogram","Chill","Beam Cell+1","Compile Driver","Rebound","Gash","Scrape+1","Defragment+1","Coolheaded+1","Capacitor+1","All For One","Chill+1","Turbo+1"],"relics":["Runic Dome","Golden Idol","Letter Opener","Blood Vial","Ancient Tea Set","Snecko Eye","Dream Catcher","Boot","Red Mask","Kunai","MawBank","Tiny House","Gambling Chip","Thread and Needle","Cables","Toxic Egg 2","Whetstone"],"potions_floor_usage":[6,25,26,26,42,44,50,53,53],"damage_taken":[{"damage":0,"enemies":"Small Slimes","floor":1,"turns":2},{"damage":4,"enemies":"2 Louse","floor":4,"turns":3},{"damage":8,"enemies":"Lagavulin","floor":6,"turns":6},{"damage":0,"enemies":"Cultist","floor":13,"turns":2},{"damage":1,"enemies":"Looter","floor":15,"turns":2},{"damage":35,"enemies":"Hexaghost","floor":17,"turns":3},{"damage":0,"enemies":"Spheric Guardian","floor":19,"turns":2},{"damage":8,"enemies":"3 Byrds","floor":23,"turns":1},{"damage":32,"enemies":"Book of Stabbing","floor":25,"turns":3},{"damage":20,"enemies":"Masked Bandits","floor":26,"turns":5},{"damage":2,"enemies":"Snake Plant","floor":30,"turns":4},{"damage":14,"enemies":"Slavers","floor":32,"turns":3},{"damage":11,"enemies":"3 Cultists","floor":33,"turns":4},{"damage":12,"enemies":"Automaton","floor":35,"turns":6},{"damage":27,"enemies":"3 Darklings","floor":37,"turns":4},{"damage":25,"enemies":"Mind Bloom Boss Battle","floor":39,"turns":4},{"damage":5,"enemies":"Orb Walker","floor":41,"turns":6},{"damage":40,"enemies":"Reptomancer","floor":42,"turns":5},{"damage":9,"enemies":"Spire Growth","floor":44,"turns":2},{"damage":11,"enemies":"Giant Head","floor":49,"turns":6},{"damage":14,"enemies":"Transient","floor":50,"turns":5},{"damage":0,"enemies":"Maw","floor":51,"turns":5},{"damage":8,"enemies":"Donu and Deca","floor":53,"turns":7}],"seed_played":"-7276528358978775937","potions_obtained":[{"floor":1,"key":"Swift Potion"},{"floor":4,"key":"Block Potion"},{"floor":17,"key":"AttackPotion"},{"floor":23,"key":"Regen Potion"},{"floor":25,"key":"Strength Potion"},{"floor":35,"key":"Energy Potion"},{"floor":36,"key":"Fire Potion"}],"is_trial":false,"path_per_floor":["M","?","?","M","?","E","T","R","T","T","R","$","M","R","M","R","B",null,"M","?","?","?","M","R","E","?","T","T","R","M","R","E","M","R","B",null,"M","?","?","?","M","E","?","M","T","T","$","R","E","M","M","R","B",null],"character_chosen":"DEFECT","items_purchased":["Darkness","Cold Snap","Toxic Egg 2","Coolheaded+1","Capacitor","All For One","PowerPotion","Regen Potion"],"campfire_rested":1,"item_purchase_floors":[12,12,47,47,47,47,47,47],"current_hp_per_floor":[75,75,75,75,57,63,63,63,63,63,63,63,72,72,73,73,40,66,75,75,75,75,67,67,37,43,43,43,43,63,63,61,62,62,52,74,69,69,56,56,63,35,35,28,28,28,28,52,43,56,68,68,72],"gold":460,"neow_bonus":"BOSS_RELIC","is_prod":false,"is_daily":false,"chose_seed":false,"campfire_upgraded":9,"win_rate":0,"timestamp":1555767728,"path_taken":["M","?","?","M","?","E","?","R","T","R","$","?","R","M","R","BOSS","M","?","?","?","?","R","E","?","T","R","M","R","E","M","R","BOSS","M","?","?","?","?","E","?","M","T","$","R","E","?","M","R","BOSS"],"build_version":"2019-01-23","purchased_purges":1,"victory":true,"max_hp_per_floor":[75,75,75,75,75,75,75,75,75,75,75,75,75,75,75,75,75,75,75,75,75,75,75,75,75,75,75,75,75,75,75,75,75,75,75,80,80,80,80,80,80,80,80,80,80,80,80,80,80,80,80,80,80],"card_choices":[{"not_picked":["Rebound","Coolheaded"],"picked":"Static Discharge","floor":1},{"not_picked":["Barrage","Beam Cell"],"picked":"Aggregate","floor":4},{"not_picked":["Beam Cell","Double Energy"],"picked":"Rip and Tear","floor":6},{"not_picked":["Chaos","Consume"],"picked":"Gash","floor":13},{"not_picked":["Ball Lightning","Gash"],"picked":"Aggregate","floor":15},{"not_picked":["Fission","Buffer"],"picked":"Multi-Cast","floor":17},{"not_picked":["Chaos","Self Repair+1"],"picked":"Beam Cell+1","floor":19},{"not_picked":["Chaos","Cold Snap"],"picked":"Stack","floor":23},{"not_picked":["Skim+1","Compile Driver"],"picked":"Rip and Tear","floor":25},{"not_picked":["Blizzard","Beam Cell"],"picked":"Reprogram","floor":26},{"not_picked":["Redo+1","Heatsinks"],"picked":"Chill","floor":30},{"not_picked":["Turbo","Streamline"],"picked":"Beam Cell+1","floor":32},{"not_picked":["Leap","Creative AI"],"picked":"Compile Driver","floor":33},{"not_picked":["Barrage","Blizzard"],"picked":"Beam Cell","floor":36},{"not_picked":["Leap","Cold Snap"],"picked":"Rebound","floor":37},{"not_picked":["Leap+1","Self Repair"],"picked":"Gash","floor":41},{"not_picked":["Go for the Eyes+1","Self Repair"],"picked":"Scrape+1","floor":42},{"not_picked":["Leap+1","Auto Shields+1"],"picked":"Chill+1","floor":48},{"not_picked":["Hologram+1","Rebound+1"],"picked":"Turbo+1","floor":50}],"player_experience":3263462,"relics_obtained":[{"floor":6,"key":"Letter Opener"},{"floor":7,"key":"Blood Vial"},{"floor":9,"key":"Ancient Tea Set"},{"floor":25,"key":"Boot"},{"floor":26,"key":"Red Mask"},{"floor":27,"key":"Kunai"},{"floor":32,"key":"MawBank"},{"floor":39,"key":"Gambling Chip"},{"floor":42,"key":"Thread and Needle"},{"floor":45,"key":"Cables"},{"floor":49,"key":"Whetstone"}],"event_choices":[{"damage_healed":0,"gold_gain":0,"cards_transformed":["Turbo"],"player_choice":"Change","damage_taken":0,"max_hp_gain":0,"max_hp_loss":0,"event_name":"Living Wall","floor":2,"gold_loss":0,"cards_obtained":["Multi-Cast"]},{"damage_healed":0,"gold_gain":0,"player_choice":"Ignored","damage_taken":0,"max_hp_gain":0,"max_hp_loss":0,"event_name":"Golden Wing","floor":3,"gold_loss":0},{"damage_healed":0,"gold_gain":0,"player_choice":"Take Damage","damage_taken":18,"relics_obtained":["Golden Idol"],"max_hp_gain":0,"max_hp_loss":0,"event_name":"Golden Idol","floor":5,"gold_loss":0},{"damage_healed":0,"gold_gain":0,"player_choice":"Obtained Relic","damage_taken":0,"relics_obtained":["Dream Catcher"],"max_hp_gain":0,"max_hp_loss":0,"event_name":"Addict","floor":20,"gold_loss":85},{"damage_healed":0,"gold_gain":0,"cards_transformed":["Aggregate","Aggregate"],"player_choice":"Became Test Subject","damage_taken":0,"max_hp_gain":0,"max_hp_loss":0,"event_name":"Drug Dealer","floor":21,"gold_loss":0,"cards_obtained":["Darkness","Scrape"]},{"damage_healed":0,"gold_gain":0,"cards_transformed":["Gash"],"player_choice":"Transformed","damage_taken":0,"max_hp_gain":0,"max_hp_loss":0,"event_name":"Transmorgrifier","floor":22,"gold_loss":0,"cards_obtained":["Defragment"]},{"damage_healed":0,"gold_gain":0,"player_choice":"Fought Bandits","damage_taken":0,"max_hp_gain":0,"max_hp_loss":0,"event_name":"Masked Bandits","floor":26,"gold_loss":0},{"damage_healed":0,"gold_gain":0,"player_choice":"Ignored","damage_taken":0,"max_hp_gain":0,"max_hp_loss":0,"event_name":"Mysterious Sphere","floor":38,"gold_loss":0},{"damage_healed":0,"gold_gain":0,"player_choice":"Fight","damage_taken":0,"max_hp_gain":0,"max_hp_loss":0,"event_name":"MindBloom","floor":39,"gold_loss":0},{"damage_healed":0,"gold_gain":100,"player_choice":"Pray","damage_taken":0,"max_hp_gain":0,"max_hp_loss":0,"event_name":"Golden Shrine","floor":40,"gold_loss":0},{"damage_healed":0,"gold_gain":0,"player_choice":"Copied","damage_taken":0,"max_hp_gain":0,"max_hp_loss":0,"event_name":"Duplicator","floor":43,"gold_loss":0,"cards_obtained":["Defragment"]}],"is_beta":false,"boss_relics":[{"not_picked":["Eternal Feather","Inserter"],"picked":"Snecko Eye"},{"not_picked":["Lizard Tail","Fusion Hammer"],"picked":"Tiny House"}],"items_purged_floors":[47],"is_endless":false,"potions_floor_spawned":[1,4,17,23,25,35,39,41,49],"ascension_level":6}