{"gold_per_floor":[114,114,134,134,48,48,3,3,3,3,3,35,49,49],"floor_reached":14,"playtime":212,"items_purged":[],"score":172,"play_id":"dd2cb8b7-5258-441a-9e88-ae54bbaf5bd0","local_time":"20190421130505","is_ascension_mode":true,"campfire_choices":[{"data":"Bash","floor":6,"key":"SMITH"},{"floor":11,"key":"REST"}],"neow_cost":"PERCENT_DAMAGE","seed_source_timestamp":465116292772800,"circlet_count":0,"master_deck":["AscendersBane","Strike_R","Strike_R","Defend_R","Defend_R","Defend_R","Defend_R","Bash+1","Sword Boomerang","Feel No Pain","Evolve","Combust"],"relics":["Burning Blood","FaceOfCleric","Shuriken","Sundial","Dream Catcher"],"potions_floor_usage":[12,14],"damage_taken":[{"damage":5,"enemies":"2 Louse","floor":1,"turns":4},{"damage":12,"enemies":"Cultist","floor":3,"turns":4},{"damage":45,"enemies":"Lagavulin","floor":12,"turns":8},{"damage":9,"enemies":"Jaw Worm","floor":13,"turns":4},{"damage":5,"enemies":"Exordium Thugs","floor":14,"turns":3}],"seed_played":"-568495760228250548","potions_obtained":[{"floor":3,"key":"SkillPotion"},{"floor":10,"key":"FearPotion"},{"floor":10,"key":"FairyPotion"},{"floor":12,"key":"Poison Potion"}],"is_trial":false,"path_per_floor":["M","?","M","?","$","R","$","?","T","?","R","E","M","M"],"character_chosen":"IRONCLAD","items_purchased":["Feel No Pain","Evolve"],"campfire_rested":1,"item_purchase_floors":[5,7],"current_hp_per_floor":[51,51,45,45,45,45,45,19,19,19,41,14,12,7],"gold":49,"neow_bonus":"REMOVE_TWO","is_prod":false,"is_daily":false,"chose_seed":false,"campfire_upgraded":1,"win_rate":0,"timestamp":1555819505,"path_taken":["M","?","?","?","?","R","$","?","T","?","R","E","M","?"],"build_version":"2019-01-23","purchased_purges":0,"victory":false,"max_hp_per_floor":[75,75,75,75,75,75,75,75,75,75,75,76,77,77],"card_choices":[{"not_picked":["Anger","Wild Strike","Perfected Strike"],"picked":"SKIP","floor":1},{"not_picked":["Armaments","Anger"],"picked":"Sword Boomerang","floor":3},{"not_picked":["Intimidate","Pommel Strike"],"picked":"Combust","floor":12},{"not_picked":["Cleave","Armaments","Body Slam"],"picked":"SKIP","floor":13}],"player_experience":3269214,"relics_obtained":[{"floor":9,"key":"Sundial"},{"floor":12,"key":"Dream Catcher"}],"event_choices":[{"cards_removed":["Strike_R"],"damage_healed":0,"gold_gain":0,"player_choice":"Purged","damage_taken":0,"max_hp_gain":0,"max_hp_loss":0,"event_name":"Purifier","floor":2,"gold_loss":0},{"damage_healed":0,"gold_gain":0,"player_choice":"Trade","damage_taken":0,"relics_obtained":["FaceOfCleric"],"max_hp_gain":0,"max_hp_loss":0,"event_name":"FaceTrader","floor":4,"gold_loss":0},{"damage_healed":0,"gold_gain":0,"player_choice":"Success","damage_taken":26,"relics_obtained":["Shuriken"],"max_hp_gain":0,"max_hp_loss":0,"event_name":"Scrap Ooze","floor":8,"gold_loss":0},{"damage_healed":0,"gold_gain":0,"player_choice":"Got Potions","damage_taken":0,"max_hp_gain":0,"max_hp_loss":0,"event_name":"Lab","floor":10,"gold_loss":0}],"is_beta":false,"boss_relics":[],"items_purged_floors":[],"is_endless":false,"potions_floor_spawned":[3,12],"killed_by":"Exordium Thugs","ascension_level":20}