{"gold_per_floor":[118,118,118,145,145,145,22,42,42,217,243,243,273,292,292,397,397,416,416,435,118,134,169,169,169,192,192,192,292,292,303,303,403,403,419,419,419,419,6,38,38,38,38,70,8,8,53,87,87,87],"floor_reached":51,"playtime":1473,"items_purged":["Regret","Strike_R","Strike_R"],"score":1203,"play_id":"1c68b8eb-145b-4159-840b-1c2ace385ba6","local_time":"20190203151758","is_ascension_mode":true,"campfire_choices":[{"data":"Bash","floor":6,"key":"SMITH"},{"data":"Heavy Blade","floor":12,"key":"SMITH"},{"data":"True Grit","floor":15,"key":"SMITH"},{"data":"Strike_R","floor":27,"key":"PURGE"},{"data":"Whirlwind","floor":32,"key":"SMITH"},{"data":"Defend_R","floor":41,"key":"PURGE"},{"data":"Feel No Pain","floor":46,"key":"SMITH"},{"data":"Evolve","floor":49,"key":"SMITH"}],"neow_cost":"NONE","seed_source_timestamp":108830142993300,"circlet_count":0,"master_deck":["Strike_R","Defend_R","Defend_R","Defend_R","Bash+1","Cleave+1","Heavy Blade+1","Doubt","Barricade","Body Slam","Ghostly","Ghostly","Ghostly","Ghostly","Ghostly","Evolve+1","Whirlwind+1","Perfected Strike+1","Shockwave","Feel No Pain+1","Fiend Fire+1","Ghostly Armor+1","Warcry","Feel No Pain+1","Power Through+1"],"relics":["Burning Blood","Juzu Bracelet","Bag of Marbles","Blue Candle","Red Skull","Vajra","Bronze Scales","Odd Mushroom","Snecko Eye","Centennial Puzzle","Strawberry","Peace Pipe","Potion Belt","Charon\u0027s Ashes","Kunai","Nilry\u0027s Codex","Busted Crown","Bottled Tornado","Dream Catcher","FossilizedHelix","MawBank","Ginger","Omamori"],"potions_floor_usage":[16,16,23,29,29,29,29,50,50,50],"damage_taken":[{"damage":7,"enemies":"2 Louse","floor":1,"turns":3},{"damage":12,"enemies":"Jaw Worm","floor":8,"turns":2},{"damage":17,"enemies":"Gremlin Nob","floor":11,"turns":3},{"damage":9,"enemies":"The Mushroom Lair","floor":13,"turns":2},{"damage":14,"enemies":"Small Slimes","floor":14,"turns":5},{"damage":7,"enemies":"Hexaghost","floor":16,"turns":4},{"damage":12,"enemies":"3 Byrds","floor":18,"turns":3},{"damage":1,"enemies":"Chosen","floor":20,"turns":4},{"damage":14,"enemies":"3 Cultists","floor":22,"turns":5},{"damage":4,"enemies":"Gremlin Leader","floor":23,"turns":4},{"damage":5,"enemies":"Colosseum Slavers","floor":29,"turns":3},{"damage":8,"enemies":"Colosseum Nobs","floor":29,"turns":5},{"damage":4,"enemies":"Snake Plant","floor":31,"turns":5},{"damage":10,"enemies":"Collector","floor":33,"turns":8},{"damage":3,"enemies":"3 Darklings","floor":35,"turns":3},{"damage":1,"enemies":"Nemesis","floor":40,"turns":5},{"damage":0,"enemies":"Orb Walker","floor":44,"turns":2},{"damage":0,"enemies":"2 Orb Walkers","floor":47,"turns":4},{"damage":0,"enemies":"Giant Head","floor":48,"turns":8},{"damage":0,"enemies":"Donu and Deca","floor":50,"turns":8}],"seed_played":"5312855749388229408","potions_obtained":[{"floor":8,"key":"BloodPotion"},{"floor":11,"key":"Weak Potion"},{"floor":13,"key":"Dexterity Potion"},{"floor":14,"key":"EntropicBrew"},{"floor":18,"key":"SteroidPotion"},{"floor":20,"key":"LiquidBronze"},{"floor":29,"key":"Weak Potion"},{"floor":33,"key":"SneckoOil"},{"floor":44,"key":"AttackPotion"}],"is_trial":false,"path_per_floor":["M","?","?","T","?","R","$","M","T","?","E","R","?","M","R","B",null,"M","?","M","$","M","E","?","?","T","R","?","?","?","M","R","B",null,"M","?","?","?","$","E","R","?","T","M","$","R","?","E","R","B",null],"character_chosen":"IRONCLAD","items_purchased":["PowerPotion","Whirlwind","Centennial Puzzle","Bottled Tornado","Swift Potion","Feel No Pain"],"campfire_rested":0,"item_purchase_floors":[7,21,21,39,39,45],"current_hp_per_floor":[71,59,59,59,59,59,59,53,53,53,42,42,39,31,31,30,68,62,40,40,40,32,41,41,41,41,41,41,40,24,26,26,22,41,44,44,44,44,44,47,47,47,47,47,47,47,47,47,47,47],"gold":87,"neow_bonus":"RANDOM_COMMON_RELIC","is_prod":false,"is_daily":false,"chose_seed":false,"campfire_upgraded":6,"win_rate":0,"timestamp":1549174678,"path_taken":["M","?","?","?","?","R","$","M","T","?","E","R","?","M","R","BOSS","M","?","M","$","M","E","?","?","T","R","?","?","?","M","R","BOSS","M","?","?","?","$","E","R","?","T","M","?","R","?","E","R","BOSS"],"build_version":"2019-01-23","purchased_purges":3,"victory":true,"max_hp_per_floor":[80,80,80,80,80,80,80,80,80,80,80,80,80,80,80,80,80,80,40,40,40,40,47,47,47,47,47,47,47,47,47,47,47,47,47,47,47,47,47,47,47,47,47,47,47,47,47,47,47,47],"card_choices":[{"not_picked":["Clothesline","Sentinel"],"picked":"Cleave","floor":1},{"not_picked":["Combust","Clothesline"],"picked":"Heavy Blade","floor":8},{"not_picked":["Pommel Strike","Perfected Strike","Clash"],"picked":"SKIP","floor":11},{"not_picked":["Anger","Fire Breathing"],"picked":"True Grit","floor":13},{"not_picked":["Clothesline","Wild Strike","Sever Soul"],"picked":"SKIP","floor":14},{"not_picked":["Limit Break","Brutality"],"picked":"Barricade","floor":16},{"not_picked":["Inflame","Corruption"],"picked":"Body Slam","floor":18},{"not_picked":["Flex","Perfected Strike"],"picked":"Evolve","floor":20},{"not_picked":["Warcry","Havoc"],"picked":"Perfected Strike+1","floor":22},{"not_picked":["Combust","Battle Trance","Armaments"],"picked":"SKIP","floor":23},{"not_picked":["Twin Strike","Heavy Blade"],"picked":"Feel No Pain+1","floor":29},{"not_picked":["Pommel Strike+1","Cleave+1","Evolve"],"picked":"SKIP","floor":31},{"not_picked":["Limit Break","Dark Embrace"],"picked":"Fiend Fire","floor":33},{"not_picked":[],"picked":"Ghostly Armor+1","floor":35},{"not_picked":["Sentinel+1"],"picked":"SKIP","floor":40},{"not_picked":["Perfected Strike"],"picked":"SKIP","floor":44},{"not_picked":[],"picked":"Power Through+1","floor":48}],"player_experience":20898,"relics_obtained":[{"floor":4,"key":"Red Skull"},{"floor":9,"key":"Vajra"},{"floor":11,"key":"Bronze Scales"},{"floor":13,"key":"Odd Mushroom"},{"floor":23,"key":"Strawberry"},{"floor":26,"key":"Potion Belt"},{"floor":29,"key":"Charon\u0027s Ashes"},{"floor":29,"key":"Kunai"},{"floor":30,"key":"Nilry\u0027s Codex"},{"floor":40,"key":"Dream Catcher"},{"floor":43,"key":"MawBank"},{"floor":47,"key":"Ginger"},{"floor":48,"key":"Omamori"}],"event_choices":[{"damage_healed":0,"gold_gain":0,"player_choice":"Success","damage_taken":12,"relics_obtained":["Bag of Marbles"],"max_hp_gain":0,"max_hp_loss":0,"event_name":"Scrap Ooze","floor":2,"gold_loss":0},{"damage_healed":0,"gold_gain":0,"player_choice":"Box","damage_taken":0,"relics_obtained":["Blue Candle"],"max_hp_gain":0,"max_hp_loss":0,"event_name":"Big Fish","floor":3,"gold_loss":0,"cards_obtained":["Regret"]},{"damage_healed":0,"gold_gain":0,"player_choice":"Upgraded","damage_taken":0,"max_hp_gain":0,"max_hp_loss":0,"event_name":"Upgrade Shrine","floor":5,"gold_loss":0,"cards_upgraded":["Cleave"]},{"damage_healed":0,"gold_gain":175,"player_choice":"AGREE","damage_taken":0,"max_hp_gain":0,"max_hp_loss":0,"event_name":"Liars Game","floor":10,"gold_loss":0,"cards_obtained":["Doubt"]},{"damage_healed":0,"gold_gain":0,"player_choice":"Fought Mushrooms","damage_taken":0,"max_hp_gain":0,"max_hp_loss":0,"event_name":"Mushrooms","floor":13,"gold_loss":0},{"damage_healed":0,"gold_gain":0,"player_choice":"Became a Ghost","damage_taken":0,"max_hp_gain":0,"max_hp_loss":40,"event_name":"Ghosts","floor":19,"gold_loss":0,"cards_obtained":["Ghostly","Ghostly","Ghostly","Ghostly","Ghostly"]},{"damage_healed":0,"gold_gain":0,"player_choice":"Read","damage_taken":0,"max_hp_gain":0,"max_hp_loss":0,"event_name":"The Library","floor":24,"gold_loss":0,"cards_obtained":["Shockwave"]},{"damage_healed":0,"gold_gain":0,"player_choice":"Opened","damage_taken":0,"relics_obtained":["Peace Pipe"],"max_hp_gain":0,"max_hp_loss":0,"event_name":"The Mausoleum","floor":25,"gold_loss":0,"cards_obtained":["Writhe"]},{"cards_removed":["Writhe"],"damage_healed":0,"gold_gain":0,"player_choice":"Elegance","damage_taken":0,"max_hp_gain":0,"max_hp_loss":0,"event_name":"Back to Basics","floor":28,"gold_loss":0},{"damage_healed":0,"gold_gain":0,"player_choice":"Fight","damage_taken":0,"max_hp_gain":0,"max_hp_loss":0,"event_name":"Colosseum","floor":29,"gold_loss":0},{"damage_healed":0,"gold_gain":0,"player_choice":"Fought Nobs","damage_taken":0,"max_hp_gain":0,"max_hp_loss":0,"event_name":"Colosseum","floor":29,"gold_loss":0},{"damage_healed":0,"gold_gain":0,"player_choice":"Obtained Book","damage_taken":16,"max_hp_gain":0,"max_hp_loss":0,"event_name":"Cursed Tome","floor":30,"gold_loss":0},{"damage_healed":0,"gold_gain":0,"player_choice":"Ignored","damage_taken":0,"max_hp_gain":0,"max_hp_loss":0,"event_name":"Tomb of Lord Red Mask","floor":36,"gold_loss":0},{"damage_healed":0,"gold_gain":0,"cards_transformed":["Strike_R"],"player_choice":"Transformed","damage_taken":0,"max_hp_gain":0,"max_hp_loss":0,"event_name":"Transmorgrifier","floor":37,"gold_loss":0,"cards_obtained":["Warcry"]},{"damage_healed":0,"gold_gain":0,"player_choice":"Upgraded","damage_taken":0,"max_hp_gain":0,"max_hp_loss":0,"event_name":"Upgrade Shrine","floor":38,"gold_loss":0,"cards_upgraded":["Fiend Fire"]},{"cards_removed":["True Grit"],"damage_healed":0,"gold_gain":0,"player_choice":"Gave Card","damage_taken":0,"relics_obtained":["FossilizedHelix"],"max_hp_gain":0,"max_hp_loss":0,"event_name":"WeMeetAgain","floor":42,"gold_loss":0},{"damage_healed":0,"gold_gain":0,"player_choice":"Fight","damage_taken":0,"max_hp_gain":0,"max_hp_loss":0,"event_name":"Mysterious Sphere","floor":47,"gold_loss":0}],"is_beta":false,"boss_relics":[{"not_picked":["Coffee Dripper","Runic Cube"],"picked":"Snecko Eye"},{"not_picked":["Astrolabe","Calling Bell"],"picked":"Busted Crown"}],"items_purged_floors":[7,21,39],"is_endless":false,"potions_floor_spawned":[8,11,13,14,18,20,29,33,44,48],"ascension_level":8}