{"gold_per_floor":[115,115,115,40,57,92,92,104,129,3,70,100,20,35,35,132,132,142,142,152,118,132,132,51,51,75,108,30,42,42,62,62,62],"floor_reached":33,"playtime":1502,"items_purged":["Regret"],"score":298,"play_id":"b8085918-5e14-4d5b-8e37-ac78a15cf567","local_time":"20190209133218","is_ascension_mode":false,"campfire_choices":[{"floor":7.0,"key":"RECALL"},{"floor":15.0,"key":"REST"},{"floor":23,"key":"REST"},{"floor":25,"key":"REST"},{"floor":32,"key":"REST"}],"neow_cost":"NONE","seed_source_timestamp":834081869164303,"circlet_count":0,"master_deck":["Strike_B","Strike_B","Strike_B","Strike_B","Defend_B","Defend_B","Defend_B","Defend_B","Zap","Dualcast","Doom and Gloom","White Noise","Heatsinks","Defragment","Conserve Battery","Doom and Gloom","Static Discharge","Echo Form","Biased Cognition","Redo+1","Loop","Self Repair","Loop","Amplify","Force Field","BootSequence","Iron Wave","Loop+1"],"special_seed":0,"relics":["Cracked Core","Anchor","Boot","Pen Nib","Orichalcum","Bag of Marbles","PreservedInsect","Smiling Mask"],"potions_floor_usage":[27,27,31],"damage_taken":[{"damage":0.0,"enemies":"Small Slimes","floor":1.0,"turns":3.0},{"damage":2.0,"enemies":"Jaw Worm","floor":5.0,"turns":4.0},{"damage":4.0,"enemies":"3 Sentries","floor":6.0,"turns":7.0},{"damage":0.0,"enemies":"2 Louse","floor":8.0,"turns":2.0},{"damage":0.0,"enemies":"Lagavulin","floor":12.0,"turns":7.0},{"damage":0.0,"enemies":"Lots of Slimes","floor":14.0,"turns":2.0},{"damage":35.0,"enemies":"Hexaghost","floor":16.0,"turns":8.0},{"damage":7.0,"enemies":"3 Byrds","floor":18.0,"turns":3.0},{"damage":3,"enemies":"2 Thieves","floor":20,"turns":3},{"damage":27,"enemies":"Snake Plant","floor":22,"turns":4},{"damage":51,"enemies":"Gremlin Leader","floor":27,"turns":6},{"damage":12,"enemies":"Sentry and Sphere","floor":29,"turns":4},{"damage":29,"enemies":"3 Cultists","floor":31,"turns":4},{"damage":39,"enemies":"Collector","floor":33,"turns":3}],"seed_played":"3280530184866083305","potions_obtained":[{"floor":0.0,"key":"SkillPotion"},{"floor":0.0,"key":"SmokeBomb"},{"floor":0.0,"key":"SkillPotion"},{"floor":5.0,"key":"FocusPotion"},{"floor":6.0,"key":"GamblersBrew"},{"floor":8.0,"key":"SkillPotion"},{"floor":14.0,"key":"AttackPotion"},{"floor":20,"key":"Swift Potion"},{"floor":27,"key":"Fruit Juice"},{"floor":29,"key":"Poison Potion"}],"is_trial":false,"path_per_floor":["M","?","?","$","M","E","R","M","T","$","?","E","$","M","R","B",null,"M","?","M","$","M","R","$","R","T","E","$","M","?","M","R","B"],"character_chosen":"DEFECT","items_purchased":["Defragment","PowerPotion","Conserve Battery","Static Discharge","Loop","Loop","Force Field"],"campfire_rested":4,"item_purchase_floors":[10,10,10,13,21,24,28],"current_hp_per_floor":[75,75,68,68,66,62,62,62,62,62,62,62,62,62,75,40,75,68,68,65,65,38,60,60,75,75,43,43,31,31,9,33,0],"gold":62,"neow_bonus":"THREE_SMALL_POTIONS","is_prod":false,"is_daily":false,"chose_seed":false,"campfire_upgraded":0,"win_rate":0,"timestamp":1549711938,"path_taken":["M","?","?","$","M","E","R","M","T","?","?","E","$","M","R","BOSS","M","?","?","$","M","R","$","R","T","E","$","M","?","M","R","BOSS"],"build_version":"2019-01-23","purchased_purges":1,"victory":false,"max_hp_per_floor":[75,75,75,75,75,75,75,75,75,75,75,75,75,75,75,75,75,75,75,75,75,75,75,75,75,75,80,80,80,80,80,80,80],"card_choices":[{"not_picked":["Hologram","Rip and Tear"],"picked":"Fusion","floor":1.0},{"not_picked":["Go for the Eyes","Skim"],"picked":"Doom and Gloom","floor":5.0},{"not_picked":["Compile Driver","Barrage"],"picked":"White Noise","floor":6.0},{"not_picked":["Steam Power","Go for the Eyes"],"picked":"Heatsinks","floor":8.0},{"not_picked":["Steam Power","Compile Driver"],"picked":"Doom and Gloom","floor":12.0},{"not_picked":["Redo","Sweeping Beam"],"picked":"Echo Form","floor":14.0},{"not_picked":["Machine Learning","Fission"],"picked":"Biased Cognition","floor":16.0},{"not_picked":["Steam+1","Leap+1"],"picked":"Redo+1","floor":18.0},{"not_picked":["Beam Cell","Go for the Eyes+1","Turbo"],"picked":"SKIP","floor":20},{"not_picked":["Aggregate","Blizzard"],"picked":"Self Repair","floor":22},{"not_picked":["Barrage+1","Redo"],"picked":"Amplify","floor":27},{"not_picked":["Hologram","Heatsinks"],"picked":"BootSequence","floor":29},{"not_picked":["Gash","Redo+1"],"picked":"Loop+1","floor":31}],"player_experience":930959,"relics_obtained":[{"floor":6.0,"key":"Pen Nib"},{"floor":9.0,"key":"Orichalcum"},{"floor":12.0,"key":"Bag of Marbles"},{"floor":26,"key":"PreservedInsect"},{"floor":27,"key":"Smiling Mask"}],"event_choices":[{"damage_healed":0.0,"max_hp_gain":0.0,"max_hp_loss":0.0,"gold_gain":0.0,"event_name":"Big Fish","player_choice":"Box","floor":2.0,"gold_loss":0.0,"damage_taken":0.0,"relics_obtained":["Anchor"],"cards_obtained":["Regret"]},{"damage_healed":0.0,"max_hp_gain":0.0,"max_hp_loss":0.0,"gold_gain":0.0,"event_name":"Scrap Ooze","player_choice":"Success","floor":3.0,"gold_loss":0.0,"damage_taken":7.0,"relics_obtained":["Boot"]},{"damage_healed":0.0,"max_hp_gain":0.0,"max_hp_loss":0.0,"gold_gain":67.0,"event_name":"Golden Wing","player_choice":"Gained Gold","floor":11.0,"gold_loss":0.0,"damage_taken":0.0},{"damage_healed":0.0,"max_hp_gain":0.0,"max_hp_loss":0.0,"gold_gain":0.0,"event_name":"N\u0027loth","player_choice":"Ignored","floor":19.0,"gold_loss":0.0,"damage_taken":0.0},{"cards_removed":["Fusion"],"damage_healed":0,"gold_gain":0,"player_choice":"Took Card","damage_taken":0,"max_hp_gain":0,"max_hp_loss":0,"event_name":"NoteForYourself","floor":30,"gold_loss":0,"cards_obtained":["Iron Wave"]}],"is_beta":false,"boss_relics":[{"not_picked":["Busted Crown","Velvet Choker","Coffee Dripper"]}],"items_purged_floors":[4],"is_endless":false,"potions_floor_spawned":[5,6,8,14,20,27,29],"killed_by":"Collector","ascension_level":0}