{"gold_per_floor":[209,284,114,114,127,153,153,173,173,173,184,144,47,77,77,155,155,166,166,166,52,12,12,23,54,54,54,54],"floor_reached":28,"playtime":1422,"items_purged":["Shame"],"score":559,"play_id":"875deffe-4806-43a7-a240-307d76b1d49b","local_time":"20190404174237","is_ascension_mode":true,"campfire_choices":[{"floor":7.0,"key":"REST"},{"floor":10.0,"key":"REST"},{"data":"Defragment","floor":15.0,"key":"SMITH"},{"data":"Static Discharge","floor":23,"key":"SMITH"},{"floor":27,"key":"REST"}],"neow_cost":"NONE","seed_source_timestamp":1822776914318440,"circlet_count":0,"master_deck":["AscendersBane","Strike_B","Strike_B","Strike_B","Strike_B","Defend_B","Defend_B","Defend_B","Defend_B","Zap","Dualcast","Compile Driver","Loop","Cold Snap","Capacitor","Heatsinks","Self Repair","Leap","Barrage","Static Discharge+1","Ball Lightning","Defragment+1","Core Surge","Self Repair","Loop","Capacitor","Cold Snap"],"special_seed":0,"relics":["Cracked Core","FaceOfCleric","Incense Burner","Bottled Flame","Gremlin Horn","Black Star","Anchor","MutagenicStrength","Omamori","Singing Bowl","Question Card"],"potions_floor_usage":[18,22,24,25,25],"damage_taken":[{"damage":2.0,"enemies":"2 Louse","floor":1.0,"turns":3.0},{"damage":0.0,"enemies":"Small Slimes","floor":5.0,"turns":3.0},{"damage":26.0,"enemies":"Gremlin Nob","floor":6.0,"turns":4.0},{"damage":0.0,"enemies":"Cultist","floor":8.0,"turns":3.0},{"damage":3.0,"enemies":"Large Slime","floor":11.0,"turns":6.0},{"damage":13.0,"enemies":"Exordium Thugs","floor":12.0,"turns":5.0},{"damage":8.0,"enemies":"Lagavulin","floor":14.0,"turns":7.0},{"damage":0.0,"enemies":"Slime Boss","floor":16.0,"turns":8.0},{"damage":2,"enemies":"Chosen","floor":18,"turns":5},{"damage":16,"enemies":"2 Thieves","floor":24,"turns":5},{"damage":44,"enemies":"Slavers","floor":25,"turns":6},{"damage":65,"enemies":"Book of Stabbing","floor":28,"turns":5}],"seed_played":"8140299294887785526","potions_obtained":[{"floor":8.0,"key":"SkillPotion"},{"floor":11.0,"key":"Swift Potion"},{"floor":16.0,"key":"SpeedPotion"},{"floor":22,"key":"Poison Potion"},{"floor":22,"key":"Fruit Juice"},{"floor":22,"key":"GamblersBrew"},{"floor":24,"key":"Explosive Potion"}],"is_trial":false,"path_per_floor":["M","?","$","?","M","E","R","M","T","R","M","M","$","E","R","B",null,"M","?","?","$","?","R","M","E","T","R","E"],"character_chosen":"DEFECT","items_purchased":["Loop","Cold Snap","Block Potion","Static Discharge","Ball Lightning","Loop"],"campfire_rested":3,"item_purchase_floors":[3,3,3,13,13,21],"current_hp_per_floor":[62,51,51,51,52,27,48,49,49,71,75,70,70,70,70,78,78,79,79,79,79,84,84,83,40,40,65,0],"gold":54,"neow_bonus":"HUNDRED_GOLD","is_prod":false,"is_daily":false,"chose_seed":false,"campfire_upgraded":2,"win_rate":0,"timestamp":1554388957,"path_taken":["M","?","$","?","M","E","R","M","T","R","M","M","$","E","R","BOSS","M","?","?","$","?","R","?","E","T","R","E"],"build_version":"2019-01-23","purchased_purges":1,"victory":false,"max_hp_per_floor":[71,71,71,71,72,73,73,74,74,74,75,76,76,77,77,78,78,79,79,79,79,84,84,85,86,86,86,86],"card_choices":[{"not_picked":["Stack","Beam Cell"],"picked":"Compile Driver","floor":1.0},{"not_picked":["Conserve Battery","Go for the Eyes"],"picked":"Capacitor","floor":5.0},{"not_picked":["Barrage","All For One"],"picked":"Heatsinks","floor":6.0},{"not_picked":["Rebound","Hologram"],"picked":"Self Repair","floor":8.0},{"not_picked":["Stack","Meteor Strike"],"picked":"Leap","floor":11.0},{"not_picked":["Hologram","Gash"],"picked":"Barrage","floor":12.0},{"not_picked":["Capacitor","Multi-Cast"],"picked":"Defragment","floor":14.0},{"not_picked":["All For One","Meteor Strike"],"picked":"Core Surge","floor":16.0},{"not_picked":["Heatsinks","Rip and Tear"],"picked":"Self Repair","floor":18},{"not_picked":["Streamline","Coolheaded"],"picked":"Capacitor","floor":24},{"not_picked":["Fusion","Leap"],"picked":"Cold Snap","floor":25}],"player_experience":1167325,"relics_obtained":[{"floor":6.0,"key":"Incense Burner"},{"floor":9.0,"key":"Bottled Flame"},{"floor":14.0,"key":"Gremlin Horn"},{"floor":25,"key":"Omamori"},{"floor":25,"key":"Singing Bowl"},{"floor":26,"key":"Question Card"}],"event_choices":[{"damage_healed":0.0,"max_hp_gain":0.0,"max_hp_loss":0.0,"gold_gain":75.0,"event_name":"World of Goop","player_choice":"Gather Gold","floor":2.0,"gold_loss":0.0,"damage_taken":11.0},{"damage_healed":0.0,"max_hp_gain":0.0,"max_hp_loss":0.0,"gold_gain":0.0,"event_name":"FaceTrader","player_choice":"Trade","floor":4.0,"gold_loss":0.0,"damage_taken":0.0,"relics_obtained":["FaceOfCleric"]},{"damage_healed":0,"gold_gain":0,"player_choice":"Stole Relic","damage_taken":0,"relics_obtained":["Anchor"],"max_hp_gain":0,"max_hp_loss":0,"event_name":"Addict","floor":19,"gold_loss":0,"cards_obtained":["Shame"]},{"damage_healed":0,"gold_gain":0,"player_choice":"Inject Mutagens","damage_taken":0,"relics_obtained":["MutagenicStrength"],"max_hp_gain":0,"max_hp_loss":0,"event_name":"Drug Dealer","floor":20,"gold_loss":0},{"damage_healed":0,"gold_gain":0,"player_choice":"Bought 3 Potions","damage_taken":0,"max_hp_gain":0,"max_hp_loss":0,"event_name":"The Woman in Blue","floor":22,"gold_loss":0}],"is_beta":false,"boss_relics":[{"not_picked":["Fusion Hammer","Astrolabe"],"picked":"Black Star"}],"items_purged_floors":[21],"is_endless":false,"potions_floor_spawned":[8,11,16,24],"killed_by":"Book of Stabbing","ascension_level":18}