{"path_per_floor":["M","?","?","M","?","R","E","M","T","E","$","R","T","M","R","B",null,"M","M","?","T","?","E","M","E","T","$","E","R","M","?","R","B",null,"M","M","$","?","M","R","$","R","T","M","?","E","?","M","R"],"character_chosen":"IRONCLAD","items_purchased":["Clash","Block Potion","Burning Pact","Double Tap","Metallicize"],"gold_per_floor":[118,118,118,136,136,136,180,195,218,249,123,123,123,137,137,261,261,280,298,298,321,321,354,374,405,405,179,212,212,233,148,148,273,273,288,308,308,308,329,329,3,3,28,48,148,189,189,214,214,214],"floor_reached":50,"campfire_rested":2,"playtime":2748,"current_hp_per_floor":[69,57,57,59,59,59,49,54,54,36,36,36,36,40,40,23,61,48,38,62,62,62,33,27,27,33,33,17,17,16,16,40,33,70,82,76,76,76,84,84,84,84,90,68,68,27,27,11,42,0],"items_purged":["Defend_R","Writhe","Strike_R"],"gold":214,"score":892,"play_id":"dd138fd2-219b-49c2-b9f4-d423df31d048","local_time":"20180412174642","is_prod":false,"is_daily":false,"chose_seed":false,"is_ascension_mode":true,"campfire_upgraded":6,"timestamp":1523526402,"path_taken":["M","?","?","?","?","R","E","M","T","E","$","R","?","M","R","BOSS","M","M","?","?","?","E","?","E","T","$","E","R","M","?","R","BOSS","M","M","$","?","?","R","$","R","T","M","?","E","?","?","R","BOSS"],"build_version":"2018-04-11","seed_source_timestamp":1480720921626407,"purchased_purges":3,"victory":false,"master_deck":["Strike_R","Strike_R","Strike_R","Strike_R","Defend_R","Defend_R+1","Defend_R","Bash","AscendersBane","Ghostly Armor+1","Pommel Strike+1","Spot Weakness","Inflame+1","True Grit+1","Clash","Rage","Limit Break+1","Clash+1","Disarm+1","Burning Pact","Metallicize","Pummel+1","Heavy Blade+1","Double Tap+1","Metallicize","Writhe","Sever Soul","Shockwave+1"],"max_hp_per_floor":[80,80,80,80,74,74,74,74,74,74,74,74,74,74,74,74,74,74,74,74,74,74,74,74,74,80,80,80,80,80,80,80,82,82,84,86,86,86,88,88,88,88,94,96,96,98,98,98,100,100],"relics":["Black Blood","Omamori","Ancient Tea Set","Golden Idol","Self Forming Clay","War Paint","Pen Nib","Orichalcum","Cursed Key","Anchor","Happy Flower","Bag of Marbles","Darkstone Periapt","Dream Catcher","Kunai","Singing Bowl","Prayer Wheel","Oddly Smooth Stone"],"card_choices":[{"not_picked":["Iron Wave","Flame Barrier"],"picked":"Ghostly Armor","floor":1},{"not_picked":["Searing Blow","Armaments"],"picked":"Pommel Strike","floor":4},{"not_picked":["Warcry","Havoc"],"picked":"Spot Weakness","floor":7},{"not_picked":["Twin Strike","Infernal Blade"],"picked":"Inflame","floor":8},{"not_picked":["Demon Form","Pummel"],"picked":"True Grit","floor":10},{"not_picked":["Cleave","Entrench"],"picked":"Rage","floor":14},{"not_picked":["Bludgeon","Dark Embrace"],"picked":"Limit Break","floor":16},{"not_picked":["Armaments","Anger"],"picked":"Evolve","floor":18},{"not_picked":["Blood for Blood","Iron Wave"],"picked":"Clash","floor":23},{"not_picked":["Body Slam","Iron Wave"],"picked":"Disarm","floor":24},{"not_picked":["Body Slam","Cleave"],"picked":"Metallicize","floor":28},{"not_picked":["Clash","Body Slam"],"picked":"Pummel","floor":30},{"not_picked":["Shrug It Off","Iron Wave"],"picked":"Heavy Blade","floor":32},{"not_picked":["Body Slam","True Grit"],"picked":"Shockwave","floor":48}],"player_experience":275243,"potions_floor_usage":[7,16,23,24,28,28,30,35,44,50],"damage_taken":[{"damage":9,"enemies":"2 Louse","floor":1,"turns":3},{"damage":4,"enemies":"Small Slimes","floor":4,"turns":5},{"damage":16,"enemies":"Gremlin Nob","floor":7,"turns":4},{"damage":1,"enemies":"Cultist","floor":8,"turns":3},{"damage":24,"enemies":"3 Sentries","floor":10,"turns":6},{"damage":2,"enemies":"Gremlin Gang","floor":14,"turns":3},{"damage":23,"enemies":"The Guardian","floor":16,"turns":9},{"damage":19,"enemies":"3 Byrds","floor":18,"turns":5},{"damage":16,"enemies":"Shell Parasite","floor":19,"turns":5},{"damage":35,"enemies":"Book of Stabbing","floor":23,"turns":5},{"damage":12,"enemies":"Snake Plant","floor":24,"turns":3},{"damage":6,"enemies":"Gremlin Leader","floor":25,"turns":6},{"damage":22,"enemies":"Slavers","floor":28,"turns":6},{"damage":7,"enemies":"Snecko","floor":30,"turns":5},{"damage":15,"enemies":"Champ","floor":33,"turns":9},{"damage":0,"enemies":"Flame Bruiser 1 Orb","floor":35,"turns":5},{"damage":18,"enemies":"3 Darklings","floor":36,"turns":5},{"damage":4,"enemies":"Spire Growth","floor":39,"turns":4},{"damage":34,"enemies":"4 Shapes","floor":44,"turns":4},{"damage":53,"enemies":"2 Orb Walkers","floor":46,"turns":6},{"damage":26,"enemies":"3 Darklings","floor":48,"turns":6},{"damage":63,"enemies":"Awakened One","floor":50,"turns":7}],"event_choices":[{"event_name":"Scrap Ooze","player_choice":"success","floor":2,"damage_taken":12},{"event_name":"Big Fish","player_choice":"Box","floor":3,"damage_taken":0},{"event_name":"Golden Idol","player_choice":"Lose Max HP","floor":5,"damage_taken":0},{"event_name":"The Library","player_choice":"Heal","floor":20,"damage_taken":0},{"event_name":"The Mausoleum","player_choice":"Yes","floor":22,"damage_taken":0},{"event_name":"Addict","player_choice":"Obtained Relic","floor":31,"damage_taken":0},{"event_name":"Tomb of Lord Red Mask","player_choice":"Ignored","floor":38,"damage_taken":0},{"event_name":"Golden Shrine","player_choice":"Pray","floor":45,"damage_taken":0},{"event_name":"Transmorgrifier","player_choice":"Transform","floor":47,"damage_taken":0}],"boss_relics":[{"not_picked":["Tiny House","Orrery"],"picked":"Cursed Key"},{"not_picked":["Pandora\u0027s Box","Philosopher\u0027s Stone"],"picked":"Black Blood"}],"potions_floor_spawned":[1,4,8,18,23,25,30,36,48],"seed_played":"-285262089585080799","killed_by":"Awakened One","ascension_level":10,"is_trial":false}