{"gold_per_floor":[111,129,144,158,158,158,183,183,251,267,267,135,170,180,180,180],"floor_reached":16,"playtime":326,"items_purged":["Strike_B"],"score":224,"play_id":"61133481-a10c-4132-9faa-8f291c8823c8","local_time":"20190317170405","is_ascension_mode":true,"campfire_choices":[{"data":"Defragment","floor":6,"key":"SMITH"},{"data":"Defragment","floor":8,"key":"SMITH"},{"data":"Consume","floor":15,"key":"SMITH"}],"neow_cost":"NONE","seed_source_timestamp":22470728200500,"circlet_count":0,"master_deck":["AscendersBane","Strike_B","Strike_B","Strike_B","Defend_B","Defend_B","Defend_B","Zap","Dualcast","Gash","Cold Snap","Defragment+1","Defragment+1","Consume+1","Multi-Cast"],"relics":["Cracked Core","NeowsBlessing","Thread and Needle","Darkstone Periapt","Potion Belt"],"potions_floor_usage":[7,13,16],"damage_taken":[{"damage":0,"enemies":"Cultist","floor":1,"turns":1},{"damage":0,"enemies":"Jaw Worm","floor":2,"turns":1},{"damage":0,"enemies":"2 Louse","floor":3,"turns":1},{"damage":8,"enemies":"Exordium Wildlife","floor":4,"turns":4},{"damage":34,"enemies":"Gremlin Nob","floor":7,"turns":5},{"damage":9,"enemies":"Blue Slaver","floor":10,"turns":3},{"damage":5,"enemies":"3 Sentries","floor":13,"turns":8},{"damage":1,"enemies":"Red Slaver","floor":14,"turns":3},{"damage":0,"enemies":"Slime Boss","floor":16,"turns":3}],"seed_played":"8754456833603383277","potions_obtained":[{"floor":1,"key":"SpeedPotion"},{"floor":3,"key":"LiquidBronze"},{"floor":13,"key":"EssenceOfSteel"}],"is_trial":false,"path_per_floor":["M","M","M","M","?","R","E","R","T","M","?","$","E","M","R","B"],"character_chosen":"DEFECT","items_purchased":["PowerPotion"],"campfire_rested":0,"item_purchase_floors":[12],"current_hp_per_floor":[64,64,64,56,56,56,22,22,22,13,13,13,8,7,7,7],"gold":180,"neow_bonus":"THREE_ENEMY_KILL","is_prod":false,"is_daily":false,"chose_seed":false,"campfire_upgraded":3,"win_rate":0,"timestamp":1552809845,"path_taken":["M","M","?","M","?","R","E","R","T","M","?","?","E","?","R","BOSS"],"build_version":"2019-01-23","purchased_purges":1,"victory":false,"max_hp_per_floor":[71,71,71,71,71,71,71,71,71,71,71,71,71,71,71,71],"card_choices":[{"not_picked":["Reinforced Body","Stack","Tempest"],"picked":"SKIP","floor":1},{"not_picked":["Steam","Streamline"],"picked":"Gash","floor":2},{"not_picked":["Loop","Tempest"],"picked":"Cold Snap","floor":3},{"not_picked":["Undo","Go for the Eyes","Skim"],"picked":"SKIP","floor":4},{"not_picked":["Double Energy","Hologram"],"picked":"Defragment","floor":7},{"not_picked":["Conserve Battery","Double Energy","Go for the Eyes"],"picked":"SKIP","floor":10},{"not_picked":["Rip and Tear","Steam Power"],"picked":"Consume","floor":13},{"not_picked":["Stack","Redo"],"picked":"Multi-Cast","floor":14}],"player_experience":2319403,"relics_obtained":[{"floor":7,"key":"Thread and Needle"},{"floor":9,"key":"Darkstone Periapt"},{"floor":13,"key":"Potion Belt"}],"event_choices":[{"damage_healed":0,"gold_gain":0,"cards_transformed":["Defend_B"],"player_choice":"Change","damage_taken":0,"max_hp_gain":0,"max_hp_loss":0,"event_name":"Living Wall","floor":5,"gold_loss":0,"cards_obtained":["Defragment"]},{"damage_healed":0,"gold_gain":0,"player_choice":"Ignored","damage_taken":0,"max_hp_gain":0,"max_hp_loss":0,"event_name":"Shining Light","floor":11,"gold_loss":0}],"is_beta":false,"boss_relics":[],"items_purged_floors":[12],"is_endless":false,"potions_floor_spawned":[1,3,13],"killed_by":"Slime Boss","ascension_level":20}