{"gold_per_floor":[114,128,128,35,35,35,76,76,101,122,122,155,80,121,121,219,219,239,263,263,102,102,102,120,120,120,30,61,61,61,86,86,179,179,179],"floor_reached":35,"playtime":1262,"items_purged":["Strike_B"],"score":878,"play_id":"4884b010-d401-4665-84e2-b02ce45e7363","local_time":"20190305115623","is_ascension_mode":true,"campfire_choices":[{"data":"Sunder","floor":6.0,"key":"SMITH"},{"data":"Zap","floor":8.0,"key":"SMITH"},{"data":"Defend_B","floor":15.0,"key":"SMITH"},{"data":"Creative AI","floor":23.0,"key":"SMITH"},{"floor":29.0,"key":"REST"},{"floor":32.0,"key":"REST"}],"neow_cost":"NONE","seed_source_timestamp":0,"circlet_count":0,"master_deck":["AscendersBane","Strike_B","Strike_B","Defend_B+1","Defend_B","Defend_B+1","Zap+1","Dualcast+1","Glacier","FTL","Sunder+1","Cold Snap","Gash","BootSequence","Gash","Creative AI+1","Conserve Battery","Amplify","Beam Cell","Capacitor","Conserve Battery+1","Biased Cognition"],"special_seed":0,"relics":["Cracked Core","NeowsBlessing","Golden Idol","Strawberry","Ancient Tea Set","Mango","War Paint","Runic Pyramid","Orichalcum","Singing Bowl","PreservedInsect","Inserter"],"potions_floor_usage":[],"damage_taken":[{"damage":0.0,"enemies":"Cultist","floor":1.0,"turns":1.0},{"damage":0.0,"enemies":"Jaw Worm","floor":2.0,"turns":1.0},{"damage":0.0,"enemies":"3 Sentries","floor":7.0,"turns":1.0},{"damage":0.0,"enemies":"Small Slimes","floor":10.0,"turns":1.0},{"damage":22.0,"enemies":"Lagavulin","floor":12.0,"turns":5.0},{"damage":0.0,"enemies":"Gremlin Nob","floor":14.0,"turns":3.0},{"damage":18.0,"enemies":"The Guardian","floor":16.0,"turns":12.0},{"damage":6.0,"enemies":"Chosen","floor":18.0,"turns":5.0},{"damage":12.0,"enemies":"Spheric Guardian","floor":19.0,"turns":7.0},{"damage":29.0,"enemies":"Shelled Parasite and Fungi","floor":24.0,"turns":6.0},{"damage":46.0,"enemies":"Gremlin Leader","floor":28.0,"turns":7.0},{"damage":19.0,"enemies":"Chosen and Byrds","floor":31.0,"turns":9.0},{"damage":36.0,"enemies":"Automaton","floor":33.0,"turns":10.0},{"damage":0,"enemies":"3 Darklings","floor":35,"turns":1}],"seed_played":"-7923335508398914714","potions_obtained":[{"floor":2.0,"key":"Ancient Potion"},{"floor":7.0,"key":"Energy Potion"},{"floor":14.0,"key":"Dexterity Potion"},{"floor":19.0,"key":"SkillPotion"},{"floor":24.0,"key":"Weak Potion"},{"floor":33.0,"key":"Ancient Potion"}],"is_trial":false,"path_per_floor":["M","M","?","$","?","R","E","R","T","M","?","E","?","E","R","B",null,"M","M","?","$","T","R","M","$","T","$","E","R","?","M","R","B",null,"M"],"character_chosen":"DEFECT","items_purchased":["Sunder","AttackPotion","Amplify","Capacitor"],"campfire_rested":2,"item_purchase_floors":[4,4,21,27],"current_hp_per_floor":[64,64,64,64,64,64,71,71,71,71,71,63,63,63,63,45,75,69,57,85,85,85,85,56,56,56,56,10,35,35,18,44,8,67,67],"gold":179,"neow_bonus":"THREE_ENEMY_KILL","is_prod":false,"is_daily":false,"chose_seed":false,"campfire_upgraded":4,"win_rate":0,"timestamp":1551754583,"path_taken":["M","?","?","$","?","R","E","R","T","M","?","E","?","E","R","BOSS","M","M","?","$","?","R","?","$","T","$","E","R","?","M","R","BOSS","M"],"build_version":"2019-01-23","purchased_purges":1,"victory":false,"max_hp_per_floor":[71,71,64,64,64,64,71,71,71,71,71,85,85,85,85,85,85,85,85,85,85,85,85,85,85,85,85,85,85,85,87,87,87,87,87],"card_choices":[{"not_picked":["Barrage","Streamline"],"picked":"Glacier","floor":1.0},{"not_picked":["Aggregate","Undo"],"picked":"FTL","floor":2.0},{"not_picked":["Barrage","Auto Shields"],"picked":"Cold Snap","floor":7.0},{"not_picked":["Go for the Eyes","Compile Driver"],"picked":"Gash","floor":10.0},{"not_picked":["Beam Cell","Streamline"],"picked":"BootSequence","floor":12.0},{"not_picked":["Compile Driver","Fusion"],"picked":"Gash","floor":14.0},{"not_picked":["Machine Learning","Amplify"],"picked":"Creative AI","floor":16.0},{"not_picked":["Compile Driver","Ball Lightning"],"picked":"Conserve Battery","floor":18.0},{"not_picked":["Hologram","Conserve Battery","Rebound"],"picked":"SKIP","floor":19.0},{"not_picked":["Scrape","Conserve Battery"],"picked":"Beam Cell","floor":24.0},{"not_picked":["Cold Snap+1","Hologram"],"picked":"Conserve Battery+1","floor":28.0},{"not_picked":["Sweeping Beam","Creative AI","Steam Power"],"picked":"Singing Bowl","floor":31.0},{"not_picked":["All For One","Hyperbeam"],"picked":"Biased Cognition","floor":33.0}],"player_experience":2013536,"relics_obtained":[{"floor":7.0,"key":"Strawberry"},{"floor":9.0,"key":"Ancient Tea Set"},{"floor":12.0,"key":"Mango"},{"floor":14.0,"key":"War Paint"},{"floor":22.0,"key":"Orichalcum"},{"floor":26.0,"key":"Singing Bowl"},{"floor":28.0,"key":"PreservedInsect"}],"event_choices":[{"damage_healed":0.0,"max_hp_gain":0.0,"max_hp_loss":7.0,"gold_gain":0.0,"event_name":"Golden Idol","player_choice":"Lose Max HP","floor":3.0,"gold_loss":0.0,"damage_taken":0.0,"relics_obtained":["Golden Idol"]},{"cards_removed":["Defend_B"],"damage_healed":0.0,"max_hp_gain":0.0,"max_hp_loss":0.0,"gold_gain":0.0,"event_name":"Living Wall","player_choice":"Forget","floor":5.0,"gold_loss":0.0,"damage_taken":0.0},{"damage_healed":0.0,"max_hp_gain":0.0,"max_hp_loss":0.0,"gold_gain":0.0,"event_name":"Liars Game","player_choice":"Ignored","floor":11.0,"gold_loss":0.0,"damage_taken":0.0},{"cards_removed":["Strike_B"],"damage_healed":0.0,"max_hp_gain":0.0,"max_hp_loss":0.0,"gold_gain":0.0,"event_name":"The Cleric","player_choice":"Card Removal","floor":13.0,"gold_loss":75.0,"damage_taken":0.0},{"damage_healed":28.0,"max_hp_gain":0.0,"max_hp_loss":0.0,"gold_gain":0.0,"event_name":"Wheel of Change","player_choice":"Full Heal","floor":20.0,"gold_loss":0.0,"damage_taken":0.0},{"damage_healed":0.0,"max_hp_gain":0.0,"max_hp_loss":0.0,"gold_gain":0.0,"event_name":"Vampires","player_choice":"Ignored","floor":30.0,"gold_loss":0.0,"damage_taken":0.0}],"is_beta":false,"boss_relics":[{"not_picked":["Calling Bell","Busted Crown"],"picked":"Runic Pyramid"},{"not_picked":["Fusion Hammer","Velvet Choker"],"picked":"Inserter"}],"items_purged_floors":[21],"is_endless":false,"potions_floor_spawned":[2,7,14,18,19,24,33],"killed_by":"3 Darklings","ascension_level":20}