{"gold_per_floor":[113,113,63,83,6,32,44,44,44,10,40,40,69,84,84,163,163,182,42,42,52,69,69,94,119,146,156,168,168,180,205,205,278,278,292,292,303,24,24],"floor_reached":39,"playtime":2473,"items_purged":[],"score":837,"play_id":"3bd89b15-3040-4aa6-8cda-5c4c1546d3e4","local_time":"20181104133525","is_ascension_mode":true,"campfire_choices":[{"floor":12,"key":"REST"},{"floor":15,"key":"REST"},{"floor":23,"key":"REST"},{"floor":29,"key":"REST"},{"floor":32,"key":"REST"}],"neow_cost":"NONE","seed_source_timestamp":408175709615636,"circlet_count":0,"master_deck":["AscendersBane","Strike_B","Strike_B","Strike_B","Strike_B","Defend_B","Defend_B","Zap","Dualcast","Redo","Doom and Gloom","Sunder","White Noise","Darkness","BootSequence","Hyperbeam","Self Repair","Cold Snap","Ball Lightning","Cold Snap","Storm","Meteor Strike","Echo Form","Glacier","Jack Of All Trades","Coolheaded+1","Redo+1","Electrodynamics","White Noise","Biased Cognition","Storm","Cold Snap","Fusion","Chill","Seek","Self Repair","Loop"],"special_seed":0,"relics":["Cracked Core","NeowsBlessing","Meat on the Bone","Dream Catcher","Ancient Tea Set","Pocketwatch","Eternal Feather","Mercury Hourglass","Bronze Scales","Regal Pillow","Cables","Black Star","ClockworkSouvenir"],"potions_floor_usage":[11,11,13,14,22,22,28,31,33,37,39],"damage_taken":[{"damage":0.0,"enemies":"2 Louse","floor":1.0,"turns":1.0},{"damage":0.0,"enemies":"Cultist","floor":4.0,"turns":1.0},{"damage":0.0,"enemies":"Gremlin Nob","floor":6.0,"turns":1.0},{"damage":0.0,"enemies":"Small Slimes","floor":7.0,"turns":2.0},{"damage":10,"enemies":"3 Sentries","floor":11,"turns":3},{"damage":28,"enemies":"Lagavulin","floor":13,"turns":6},{"damage":10,"enemies":"Exordium Thugs","floor":14,"turns":3},{"damage":23,"enemies":"Slime Boss","floor":16,"turns":9},{"damage":32,"enemies":"3 Byrds","floor":18,"turns":6},{"damage":14,"enemies":"Shell Parasite","floor":21,"turns":8},{"damage":31,"enemies":"Shelled Parasite and Fungi","floor":22,"turns":6},{"damage":33,"enemies":"Gremlin Leader","floor":24,"turns":6},{"damage":5,"enemies":"Sentry and Sphere","floor":27,"turns":4},{"damage":24,"enemies":"Snecko","floor":28,"turns":4},{"damage":2,"enemies":"Chosen and Byrds","floor":30,"turns":4},{"damage":38,"enemies":"Slavers","floor":31,"turns":3},{"damage":53,"enemies":"Champ","floor":33,"turns":7},{"damage":41,"enemies":"3 Darklings","floor":35,"turns":3},{"damage":0,"enemies":"Orb Walker","floor":37,"turns":4},{"damage":47,"enemies":"3 Darklings","floor":39,"turns":2}],"seed_played":"6274209800151982552","potions_obtained":[{"floor":7.0,"key":"Strength Potion"},{"floor":11,"key":"Strength Potion"},{"floor":13,"key":"SkillPotion"},{"floor":16,"key":"Ancient Potion"},{"floor":22,"key":"Ancient Potion"},{"floor":28,"key":"Ancient Potion"},{"floor":30,"key":"AttackPotion"},{"floor":33,"key":"Dexterity Potion"},{"floor":37,"key":"EssenceOfSteel"}],"is_trial":false,"path_per_floor":["M","?","$","M","$","E","M","?","T","$","E","R","E","M","R","B",null,"M","$","?","M","M","R","E","T","T","M","M","R","M","E","R","B",null,"M","?","M","$","M"],"character_chosen":"DEFECT","items_purchased":["PowerPotion","White Noise","Self Repair","Jack Of All Trades","AttackPotion","ClockworkSouvenir","Loop"],"campfire_rested":5,"item_purchase_floors":[3,5,10,19,19,38,38],"current_hp_per_floor":[64,64,64,64,64,64,64,64,64,64,61,71,50,47,68,52,66,46,46,71,67,43,71,45,45,45,40,35,71,71,45,71,44,64,35,35,47,47,0],"gold":24,"neow_bonus":"THREE_ENEMY_KILL","is_prod":false,"is_daily":false,"chose_seed":false,"campfire_upgraded":0,"win_rate":0,"timestamp":1541331325,"path_taken":["M","?","$","M","$","E","?","?","T","?","E","R","E","M","R","BOSS","M","$","?","M","?","R","E","?","T","M","M","R","M","E","R","BOSS","M","?","M","$","M"],"build_version":"2018-11-01","purchased_purges":0,"victory":false,"max_hp_per_floor":[71,71,71,71,71,71,71,71,71,71,71,71,71,71,71,71,71,71,71,71,71,71,71,71,71,71,71,71,71,71,71,71,71,71,71,71,71,71,71],"card_choices":[{"not_picked":["Hologram","Chill"],"picked":"Redo","floor":1.0},{"not_picked":["Scrape","Beam Cell"],"picked":"Sunder","floor":4.0},{"not_picked":["Rebound","Leap"],"picked":"Darkness","floor":6.0},{"not_picked":["Stack","Sweeping Beam"],"picked":"BootSequence","floor":7.0},{"not_picked":["Conserve Battery","Auto Shields"],"picked":"Cold Snap","floor":11},{"not_picked":["Double Energy","Steam Power"],"picked":"Ball Lightning","floor":12},{"not_picked":["Sweeping Beam","Sunder"],"picked":"Cold Snap","floor":13},{"not_picked":["Cold Snap","Beam Cell"],"picked":"Storm","floor":14},{"not_picked":["Heatsinks","Leap"],"picked":"Meteor Strike","floor":15},{"not_picked":["Amplify","Seek"],"picked":"Echo Form","floor":16},{"not_picked":["Compile Driver","Turbo"],"picked":"Glacier","floor":18},{"not_picked":["Consume","Stack+1"],"picked":"Coolheaded+1","floor":21},{"not_picked":["Coolheaded","Rebound"],"picked":"Redo+1","floor":22},{"not_picked":["Ball Lightning","Fusion+1"],"picked":"Electrodynamics","floor":23},{"not_picked":["Steam","Stack"],"picked":"White Noise","floor":24},{"not_picked":["Undo","Streamline","Leap"],"picked":"SKIP","floor":27},{"not_picked":["Rebound","Reprogram"],"picked":"Biased Cognition","floor":28},{"not_picked":["Coolheaded","Glacier"],"picked":"Storm","floor":29},{"not_picked":["Turbo","Steam Power"],"picked":"Cold Snap","floor":30},{"not_picked":["Go for the Eyes","Cold Snap"],"picked":"Fusion","floor":31},{"not_picked":["Streamline","Beam Cell"],"picked":"Chill","floor":32},{"not_picked":["Machine Learning","All For One"],"picked":"Seek","floor":33},{"not_picked":["Coolheaded","Gash","Go for the Eyes+1"],"picked":"SKIP","floor":35},{"not_picked":["Redo","Darkness+1"],"picked":"Self Repair","floor":37}],"player_experience":753670,"relics_obtained":[{"floor":6.0,"key":"Meat on the Bone"},{"floor":9.0,"key":"Dream Catcher"},{"floor":11,"key":"Ancient Tea Set"},{"floor":13,"key":"Pocketwatch"},{"floor":24,"key":"Mercury Hourglass"},{"floor":25,"key":"Bronze Scales"},{"floor":26,"key":"Regal Pillow"},{"floor":31,"key":"Cables"}],"event_choices":[{"damage_healed":0.0,"max_hp_gain":0.0,"max_hp_loss":0.0,"gold_gain":0.0,"cards_transformed":["Defend_B"],"event_name":"Transmorgrifier","player_choice":"Transformed","floor":2.0,"gold_loss":0.0,"damage_taken":0.0,"cards_obtained":["Doom and Gloom"]},{"damage_healed":0.0,"max_hp_gain":0.0,"max_hp_loss":0.0,"gold_gain":0.0,"event_name":"Match and Keep!","player_choice":"2 cards matched","floor":8.0,"gold_loss":0.0,"damage_taken":0.0,"cards_obtained":["Reinforced Body","Hyperbeam"]},{"cards_removed":["Reinforced Body"],"damage_healed":25,"gold_gain":0,"player_choice":"Offered Uncommon","damage_taken":0,"max_hp_gain":0,"max_hp_loss":0,"event_name":"Bonfire Elementals","floor":20,"gold_loss":0},{"cards_removed":["Defend_B"],"damage_healed":0,"gold_gain":0,"player_choice":"Removed Skill","damage_taken":0,"max_hp_gain":0,"max_hp_loss":0,"event_name":"Falling","floor":36,"gold_loss":0}],"is_beta":false,"boss_relics":[{"not_picked":["Inserter","Coffee Dripper"],"picked":"Eternal Feather"},{"not_picked":["White Beast Statue","Empty Cage"],"picked":"Black Star"}],"items_purged_floors":[],"is_endless":false,"potions_floor_spawned":[7,11,13,16,22,28,30,33,37],"killed_by":"3 Darklings","ascension_level":15}