{"gold_per_floor":[119,80,80,80,103,143,143,218,218,218,46,87,87,123,123,123],"floor_reached":16,"playtime":299,"items_purged":[],"score":278,"play_id":"d92e3bf3-e0c8-4163-b89c-9106824d7b25","local_time":"20190421143331","is_ascension_mode":true,"campfire_choices":[{"data":"Creative AI","floor":10,"key":"SMITH"},{"floor":13,"key":"REST"},{"floor":15,"key":"REST"}],"neow_cost":"NONE","seed_source_timestamp":470335043916000,"circlet_count":0,"master_deck":["AscendersBane","Strike_B","Strike_B","Strike_B","Strike_B","Defend_B","Defend_B","Defend_B","Defend_B","Zap","Dualcast","Cold Snap","Capacitor","White Noise","Creative AI+1","Self Repair","Amplify"],"relics":["Cracked Core","NeowsBlessing","Golden Idol","CultistMask","Mercury Hourglass","Letter Opener","Ancient Tea Set","The Courier","Orichalcum"],"potions_floor_usage":[14],"damage_taken":[{"damage":0,"enemies":"Cultist","floor":1,"turns":1},{"damage":0,"enemies":"Small Slimes","floor":5,"turns":1},{"damage":0,"enemies":"Gremlin Nob","floor":6,"turns":1},{"damage":36,"enemies":"3 Sentries","floor":12,"turns":9},{"damage":28,"enemies":"Gremlin Nob","floor":14,"turns":5},{"damage":30,"enemies":"Slime Boss","floor":16,"turns":3}],"seed_played":"-171186169120878487","potions_obtained":[{"floor":6,"key":"SteroidPotion"}],"is_trial":false,"path_per_floor":["M","$","?","?","M","E","T","?","T","R","$","E","R","E","R","B"],"character_chosen":"DEFECT","items_purchased":["Capacitor","Ancient Tea Set"],"campfire_rested":2,"item_purchase_floors":[2,11],"current_hp_per_floor":[64,64,64,64,64,64,64,53,53,53,53,17,36,8,27,0],"gold":123,"neow_bonus":"THREE_ENEMY_KILL","is_prod":false,"is_daily":false,"chose_seed":false,"campfire_upgraded":1,"win_rate":0,"timestamp":1555824811,"path_taken":["M","?","?","?","?","E","?","?","T","R","?","E","R","E","R","BOSS"],"build_version":"2019-01-23","purchased_purges":0,"victory":false,"max_hp_per_floor":[71,71,64,64,64,64,64,64,64,64,64,64,64,64,64,64],"card_choices":[{"not_picked":["Steam Power","Coolheaded"],"picked":"Cold Snap","floor":1},{"not_picked":["Reinforced Body","Rebound"],"picked":"White Noise","floor":5},{"not_picked":["Conserve Battery","Steam Power"],"picked":"Creative AI","floor":6},{"not_picked":["Hologram","Redo"],"picked":"Self Repair","floor":12},{"not_picked":["Auto Shields","Rebound"],"picked":"Amplify","floor":14}],"player_experience":3273904,"relics_obtained":[{"floor":6,"key":"Mercury Hourglass"},{"floor":9,"key":"Letter Opener"},{"floor":12,"key":"The Courier"},{"floor":14,"key":"Orichalcum"}],"event_choices":[{"damage_healed":0,"gold_gain":0,"player_choice":"Lose Max HP","damage_taken":0,"relics_obtained":["Golden Idol"],"max_hp_gain":0,"max_hp_loss":7,"event_name":"Golden Idol","floor":3,"gold_loss":0},{"damage_healed":0,"gold_gain":0,"player_choice":"Trade","damage_taken":0,"relics_obtained":["CultistMask"],"max_hp_gain":0,"max_hp_loss":0,"event_name":"FaceTrader","floor":4,"gold_loss":0},{"damage_healed":0,"gold_gain":75,"player_choice":"Gather Gold","damage_taken":11,"max_hp_gain":0,"max_hp_loss":0,"event_name":"World of Goop","floor":8,"gold_loss":0}],"is_beta":false,"boss_relics":[],"items_purged_floors":[],"is_endless":false,"potions_floor_spawned":[6],"killed_by":"Slime Boss","ascension_level":20}