{"gold_per_floor":[212,212,212,39,49,49,82,82,108,138,138,138,154,154,154,233,233,243,243,168,168,168,168,200,200,224,3,3,19,33,63,75,164,176,199,211,234,246,271,283,295,340,352,364,392,404,466,505,517,529,541,553,565,0,35,35],"floor_reached":56,"playtime":1894,"items_purged":["Combust+1"],"score":2240,"play_id":"07fb090c-42c1-47c7-85ff-cd7dfc7a8256","local_time":"20190426131702","is_ascension_mode":true,"campfire_choices":[{"data":"Bash","floor":6,"key":"SMITH"},{"data":"Combust","floor":8,"key":"SMITH"},{"data":"Entrench","floor":15,"key":"SMITH"},{"floor":23,"key":"REST"},{"data":"Body Slam","floor":28,"key":"SMITH"},{"data":"Entrench","floor":32,"key":"SMITH"},{"data":"Shrug It Off","floor":40,"key":"SMITH"},{"floor":44,"key":"RECALL"},{"floor":46,"key":"REST"},{"data":"Discovery","floor":49,"key":"SMITH"},{"data":"Finesse","floor":53,"key":"SMITH"}],"neow_cost":"NONE","seed_source_timestamp":349442013270500,"circlet_count":0,"master_deck":["AscendersBane","Defend_R+1","Defend_R+1","Defend_R","Defend_R","Bash+1","Entrench+1","Barricade+1","Brutality+1","Whirlwind+1","Power Through+1","Body Slam+1","Entrench+1","Ghostly","Ghostly","Ghostly","Shrug It Off+1","Finesse+1","Discovery+1","Shrug It Off+1"],"relics":["Burning Blood","Happy Flower","War Paint","Bronze Scales","Thread and Needle","Astrolabe","Paper Frog","Bag of Marbles","MawBank","Black Star","Potion Belt","Orichalcum","Ice Cream","Boot","Art of War","Medical Kit","Pantograph","Dodecahedron","Bottled Tornado"],"potions_floor_usage":[7,7,10,24,31,37,42,56,56],"damage_taken":[{"damage":4,"enemies":"Jaw Worm","floor":1,"turns":5},{"damage":2,"enemies":"Cultist","floor":5,"turns":4},{"damage":35,"enemies":"3 Sentries","floor":7,"turns":9},{"damage":20,"enemies":"Lagavulin","floor":10,"turns":5},{"damage":2,"enemies":"Small Slimes","floor":13,"turns":3},{"damage":7,"enemies":"The Guardian","floor":16,"turns":15},{"damage":2,"enemies":"3 Byrds","floor":18,"turns":2},{"damage":18,"enemies":"Gremlin Leader","floor":24,"turns":5},{"damage":15,"enemies":"Shell Parasite","floor":29,"turns":4},{"damage":11,"enemies":"Snake Plant","floor":30,"turns":3},{"damage":3,"enemies":"Book of Stabbing","floor":31,"turns":4},{"damage":6,"enemies":"Champ","floor":33,"turns":7},{"damage":3,"enemies":"Orb Walker","floor":35,"turns":4},{"damage":0,"enemies":"3 Darklings","floor":37,"turns":1},{"damage":5,"enemies":"Transient","floor":39,"turns":6},{"damage":3,"enemies":"Reptomancer","floor":42,"turns":4},{"damage":19,"enemies":"Jaw Worm Horde","floor":45,"turns":6},{"damage":8,"enemies":"Nemesis","floor":48,"turns":9},{"damage":19,"enemies":"Donu and Deca","floor":50,"turns":5},{"damage":5,"enemies":"Time Eater","floor":51,"turns":6},{"damage":30,"enemies":"Shield and Spear","floor":55,"turns":7},{"damage":61,"enemies":"The Heart","floor":56,"turns":6}],"seed_played":"2650650037204308056","potions_obtained":[{"floor":1,"key":"Swift Potion"},{"floor":3,"key":"LiquidBronze"},{"floor":3,"key":"Strength Potion"},{"floor":7,"key":"Block Potion"},{"floor":16,"key":"Swift Potion"},{"floor":18,"key":"Fire Potion"},{"floor":30,"key":"Strength Potion"},{"floor":35,"key":"Strength Potion"},{"floor":39,"key":"LiquidBronze"},{"floor":45,"key":"FairyPotion"},{"floor":55,"key":"Energy Potion"}],"is_trial":false,"path_per_floor":["M","?","?","$","M","R","E","R","T","E","?","?","M","?","R","B",null,"M","?","?","?","?","R","E","?","T","$","R","M","M","E","R","B",null,"M","$","M","?","M","R","?","E","T","R","M","R","?","E","R","B","B",null,"R","$","E","B"],"character_chosen":"IRONCLAD","items_purchased":["Happy Flower","Bag of Marbles","Dexterity Potion","Medical Kit","Pantograph"],"campfire_rested":2,"item_purchase_floors":[4,27,27,54,54],"current_hp_per_floor":[70,63,63,63,67,67,38,38,38,24,49,26,30,30,30,29,64,68,47,47,26,26,50,38,38,38,38,38,29,24,27,27,27,37,40,40,40,40,40,40,30,33,33,33,20,32,32,30,30,17,18,35,35,35,11,0],"gold":35,"neow_bonus":"HUNDRED_GOLD","is_prod":false,"is_daily":false,"chose_seed":false,"campfire_upgraded":8,"win_rate":0,"timestamp":1556252222,"path_taken":["M","?","?","$","?","R","E","R","T","E","?","?","M","?","R","BOSS","M","?","?","?","?","R","E","?","T","$","R","M","M","E","R","BOSS","M","$","M","?","M","R","?","E","T","R","M","R","?","E","R","BOSS","BOSS","R","$","E","BOSS"],"build_version":"2019-01-23","purchased_purges":1,"victory":false,"max_hp_per_floor":[75,75,75,75,75,75,75,75,75,75,75,75,75,75,75,75,75,75,75,75,80,80,80,80,40,40,40,40,40,40,40,40,40,40,40,40,40,40,40,40,40,40,40,40,40,40,40,40,40,40,40,40,40,40,40,40],"card_choices":[{"not_picked":["Metallicize","Cleave","Uppercut"],"picked":"SKIP","floor":1},{"not_picked":["Heavy Blade","Intimidate"],"picked":"Entrench","floor":5},{"not_picked":["Iron Wave","Entrench"],"picked":"Combust","floor":7},{"not_picked":["Fiend Fire","Perfected Strike"],"picked":"Barricade","floor":10},{"not_picked":["Heavy Blade","Hemokinesis","Uppercut"],"picked":"SKIP","floor":13},{"not_picked":["Cleave","Ghostly Armor"],"picked":"Body Slam","floor":18},{"not_picked":["Rampage","Anger"],"picked":"Entrench","floor":24},{"not_picked":["Warcry","Armaments","Hemokinesis"],"picked":"SKIP","floor":29},{"not_picked":["Armaments","Burning Pact"],"picked":"Shrug It Off","floor":30},{"not_picked":["Feel No Pain","Clash","Armaments"],"picked":"SKIP","floor":31},{"not_picked":["Sentinel+1","Intimidate","Dropkick"],"picked":"SKIP","floor":35},{"not_picked":["Pommel Strike+1","Anger+1","Carnage"],"picked":"SKIP","floor":37},{"not_picked":["Wild Strike+1","Uppercut","Warcry"],"picked":"SKIP","floor":39},{"not_picked":["Purity","Good Instincts"],"picked":"Finesse","floor":41},{"not_picked":["Sadistic Nature","Blind"],"picked":"Discovery","floor":41},{"not_picked":["Infernal Blade","Pummel"],"picked":"Shrug It Off+1","floor":42},{"not_picked":["Perfected Strike","Heavy Blade+1","Pommel Strike"],"picked":"SKIP","floor":45},{"not_picked":["Dropkick+1","Warcry","Cleave+1"],"picked":"SKIP","floor":48},{"not_picked":["Shrug It Off","Thunderclap+1","Spot Weakness"],"picked":"SKIP","floor":55}],"player_experience":3383029,"relics_obtained":[{"floor":7,"key":"War Paint"},{"floor":9,"key":"Bronze Scales"},{"floor":10,"key":"Thread and Needle"},{"floor":24,"key":"Paper Frog"},{"floor":31,"key":"MawBank"},{"floor":42,"key":"Potion Belt"},{"floor":42,"key":"Orichalcum"},{"floor":43,"key":"Ice Cream"},{"floor":48,"key":"Boot"},{"floor":48,"key":"Art of War"},{"floor":55,"key":"Dodecahedron"},{"floor":55,"key":"Bottled Tornado"}],"event_choices":[{"cards_removed":["Strike_R"],"damage_healed":0,"gold_gain":0,"player_choice":"Card Removal","damage_taken":7,"max_hp_gain":0,"max_hp_loss":0,"event_name":"Golden Wing","floor":2,"gold_loss":0},{"damage_healed":0,"gold_gain":0,"player_choice":"Got Potions","damage_taken":0,"max_hp_gain":0,"max_hp_loss":0,"event_name":"Lab","floor":3,"gold_loss":0},{"damage_healed":25,"gold_gain":0,"player_choice":"Banana","damage_taken":0,"max_hp_gain":0,"max_hp_loss":0,"event_name":"Big Fish","floor":11,"gold_loss":0},{"damage_healed":0,"gold_gain":0,"player_choice":"Entered Light","damage_taken":23,"max_hp_gain":0,"max_hp_loss":0,"event_name":"Shining Light","floor":12,"gold_loss":0,"cards_upgraded":["Strike_R","Strike_R"]},{"damage_healed":0,"gold_gain":0,"player_choice":"Forge","damage_taken":0,"max_hp_gain":0,"max_hp_loss":0,"event_name":"Accursed Blacksmith","floor":14,"gold_loss":0,"cards_upgraded":["Barricade"]},{"damage_healed":0,"gold_gain":0,"player_choice":"Obtained Book","damage_taken":21,"max_hp_gain":0,"max_hp_loss":0,"event_name":"Cursed Tome","floor":19,"gold_loss":0},{"cards_removed":["Strike_R"],"damage_healed":0,"gold_gain":0,"player_choice":"Gave Gold","damage_taken":0,"max_hp_gain":0,"max_hp_loss":0,"event_name":"Beggar","floor":20,"gold_loss":75},{"damage_healed":0,"gold_gain":0,"player_choice":"Shed Blood","damage_taken":26,"max_hp_gain":5,"max_hp_loss":0,"event_name":"Forgotten Altar","floor":21,"gold_loss":0},{"damage_healed":0,"gold_gain":0,"player_choice":"Ignored","damage_taken":0,"max_hp_gain":0,"max_hp_loss":0,"event_name":"The Mausoleum","floor":22,"gold_loss":0},{"damage_healed":0,"gold_gain":0,"player_choice":"Became a Ghost","damage_taken":0,"max_hp_gain":0,"max_hp_loss":40,"event_name":"Ghosts","floor":25,"gold_loss":0,"cards_obtained":["Ghostly","Ghostly","Ghostly"]},{"damage_healed":0,"gold_gain":0,"player_choice":"Ignored","damage_taken":0,"max_hp_gain":0,"max_hp_loss":0,"event_name":"Mysterious Sphere","floor":38,"gold_loss":0},{"damage_healed":0,"gold_gain":0,"player_choice":"Memory 3","damage_taken":10,"max_hp_gain":0,"max_hp_loss":0,"event_name":"SensoryStone","floor":41,"gold_loss":0},{"damage_healed":0,"gold_gain":50,"player_choice":"Pray","damage_taken":0,"max_hp_gain":0,"max_hp_loss":0,"event_name":"Golden Shrine","floor":47,"gold_loss":0}],"is_beta":false,"boss_relics":[{"not_picked":["Runic Cube","Lizard Tail"],"picked":"Astrolabe"},{"not_picked":["Pandora\u0027s Box","White Beast Statue"],"picked":"Black Star"}],"items_purged_floors":[54],"is_endless":false,"potions_floor_spawned":[1,7,16,18,29,30,35,39,45,55],"killed_by":"The Heart","ascension_level":20}