{"gold_per_floor":[110,110,120,11,11,46,46,66,66,26,26,26,61,74,74,147,197,212,231,121,121,171,171,202,202,202,202,216,216,216,216,216,292,292,311,45,56,72,85,120,120,149,174,174,189,207,223,237,237,237,237,237,237,44,77,77],"floor_reached":57,"playtime":1764,"items_purged":["Strike_R"],"score":3255,"play_id":"326a6b73-d21a-49d7-aa75-7836c4ca3f23","local_time":"20190407141931","is_ascension_mode":true,"campfire_choices":[{"data":"Feel No Pain","floor":11.0,"key":"SMITH"},{"data":"Body Slam","floor":15.0,"key":"SMITH"},{"data":"Corruption","floor":23.0,"key":"SMITH"},{"floor":29.0,"key":"REST"},{"data":"Barricade","floor":32.0,"key":"SMITH"},{"floor":41,"key":"REST"},{"floor":49,"key":"RECALL"},{"data":"Dark Embrace","floor":53,"key":"SMITH"}],"neow_cost":"TEN_PERCENT_HP_LOSS","seed_source_timestamp":0,"circlet_count":0,"master_deck":["AscendersBane","Strike_R","Defend_R","Defend_R","Defend_R","Defend_R","Bash","Juggernaut+1","Corruption+1","Shrug It Off","Feel No Pain+1","Body Slam+1","Shrug It Off+1","Offering","Shrug It Off+1","Barricade+1","Shrug It Off+1","Flame Barrier","Exhume","Feel No Pain","Shockwave","Dark Embrace+1","True Grit+1","Offering","Evolve","Shrug It Off+1","Impervious","Burning Pact","Entrench"],"special_seed":0,"relics":["Burning Blood","Pocketwatch","Juzu Bracelet","Pantograph","Sundial","Tiny House","Nilry\u0027s Codex","Mercury Hourglass","Regal Pillow","Empty Cage","Mummified Hand","Ginger","Kunai","Boot"],"potions_floor_usage":[56,56],"damage_taken":[{"damage":11.0,"enemies":"Jaw Worm","floor":1.0,"turns":5.0},{"damage":6.0,"enemies":"Cultist","floor":3.0,"turns":4.0},{"damage":1.0,"enemies":"Lagavulin","floor":6.0,"turns":5.0},{"damage":3.0,"enemies":"2 Louse","floor":8.0,"turns":4.0},{"damage":7.0,"enemies":"3 Sentries","floor":13.0,"turns":5.0},{"damage":6.0,"enemies":"Large Slime","floor":14.0,"turns":3.0},{"damage":6.0,"enemies":"Slime Boss","floor":16.0,"turns":4.0},{"damage":23.0,"enemies":"2 Thieves","floor":18.0,"turns":4.0},{"damage":6.0,"enemies":"Spheric Guardian","floor":19.0,"turns":4.0},{"damage":20.0,"enemies":"Gremlin Leader","floor":24.0,"turns":8.0},{"damage":17.0,"enemies":"Colosseum Slavers","floor":25.0,"turns":2.0},{"damage":0.0,"enemies":"Centurion and Healer","floor":28.0,"turns":5.0},{"damage":6.0,"enemies":"Champ","floor":33.0,"turns":5.0},{"damage":6.0,"enemies":"3 Shapes","floor":35.0,"turns":4.0},{"damage":6.0,"enemies":"3 Darklings","floor":37.0,"turns":4.0},{"damage":28.0,"enemies":"Writhing Mass","floor":38.0,"turns":4.0},{"damage":35,"enemies":"4 Shapes","floor":39,"turns":3},{"damage":6,"enemies":"Giant Head","floor":40,"turns":4},{"damage":12,"enemies":"Nemesis","floor":42,"turns":3},{"damage":22,"enemies":"Transient","floor":45,"turns":6},{"damage":0,"enemies":"Maw","floor":46,"turns":3},{"damage":6,"enemies":"Writhing Mass","floor":47,"turns":3},{"damage":27,"enemies":"Transient","floor":48,"turns":3},{"damage":2,"enemies":"Time Eater","floor":50,"turns":6},{"damage":18,"enemies":"Awakened One","floor":51,"turns":4},{"damage":34,"enemies":"Shield and Spear","floor":55,"turns":3},{"damage":24,"enemies":"The Heart","floor":56,"turns":6}],"seed_played":"5213694582362444935","potions_obtained":[{"floor":1.0,"key":"Ancient Potion"},{"floor":10.0,"key":"GamblersBrew"},{"floor":10.0,"key":"SkillPotion"},{"floor":33.0,"key":"Ancient Potion"},{"floor":42,"key":"SkillPotion"}],"is_trial":false,"path_per_floor":["M","?","M","$","$","E","?","M","T","?","R","?","E","M","R","B",null,"M","M","?","?","?","R","E","?","T","?","M","R","?","?","R","B",null,"M","$","M","M","M","E","R","E","T","?","M","M","M","M","R","B","B",null,"R","$","E","B",null],"character_chosen":"IRONCLAD","items_purchased":["Feel No Pain","Body Slam","Mummified Hand","Entrench","GamblersBrew"],"campfire_rested":2,"item_purchase_floors":[4,4,36,54,54],"current_hp_per_floor":[63,63,63,63,63,68,63,66,66,66,66,66,65,65,65,68,73,56,56,56,35,35,35,21,10,10,10,16,52,31,31,31,56,73,73,73,73,51,22,22,60,54,54,54,38,44,44,23,23,52,65,75,75,75,47,54],"gold":77,"neow_bonus":"THREE_RARE_CARDS","is_prod":false,"is_daily":false,"chose_seed":false,"campfire_upgraded":5,"win_rate":0,"timestamp":1554614371,"path_taken":["M","?","?","?","$","E","?","M","T","?","R","?","E","M","R","BOSS","M","M","?","?","?","R","E","?","T","?","M","R","?","?","R","BOSS","M","$","M","M","M","E","R","E","T","?","M","M","M","M","R","BOSS","BOSS","R","$","E","BOSS"],"build_version":"2019-01-23","purchased_purges":1,"victory":true,"max_hp_per_floor":[68,68,68,68,68,68,68,68,68,68,68,68,68,68,68,68,73,73,73,73,73,73,73,73,73,73,73,73,73,78,78,78,78,78,78,78,78,78,78,78,78,78,78,78,78,78,78,78,78,78,78,78,78,78,78,78],"card_choices":[{"not_picked":["Dark Embrace","Barricade"],"picked":"Juggernaut","floor":0.0},{"not_picked":["Clothesline","Battle Trance"],"picked":"Corruption","floor":1.0},{"not_picked":["Havoc","Second Wind"],"picked":"Shrug It Off","floor":3.0},{"not_picked":["Iron Wave","Headbutt","Thunderclap"],"picked":"SKIP","floor":6.0},{"not_picked":["Armaments","Cleave"],"picked":"Shrug It Off","floor":8.0},{"not_picked":["Armaments","Berserk"],"picked":"Offering","floor":13.0},{"not_picked":["Heavy Blade","Twin Strike"],"picked":"Shrug It Off","floor":14.0},{"not_picked":["Fiend Fire","Demon Form"],"picked":"Barricade","floor":16.0},{"not_picked":["Searing Blow","Pummel"],"picked":"Shrug It Off+1","floor":18.0},{"not_picked":["Pommel Strike","Hemokinesis"],"picked":"Flame Barrier","floor":19.0},{"not_picked":["Fire Breathing","Body Slam"],"picked":"Exhume","floor":24.0},{"not_picked":["Sword Boomerang","Body Slam"],"picked":"Feel No Pain","floor":28.0},{"not_picked":["Bludgeon","Barricade"],"picked":"Dark Embrace","floor":33.0},{"not_picked":["Anger+1","Twin Strike","Perfected Strike+1"],"picked":"SKIP","floor":35.0},{"not_picked":["Twin Strike","Fire Breathing","Headbutt"],"picked":"SKIP","floor":37.0},{"not_picked":["Ghostly Armor","Pommel Strike"],"picked":"True Grit+1","floor":38.0},{"not_picked":["Headbutt+1","Sentinel"],"picked":"Offering","floor":39},{"not_picked":["Warcry","Rage"],"picked":"Evolve","floor":40},{"not_picked":["Cleave","Perfected Strike","Dropkick"],"picked":"SKIP","floor":42},{"not_picked":["Iron Wave","Flame Barrier"],"picked":"Shrug It Off+1","floor":45},{"not_picked":["Perfected Strike","Dropkick"],"picked":"Impervious","floor":46},{"not_picked":["Evolve+1","Pummel","Iron Wave"],"picked":"SKIP","floor":47},{"not_picked":["Hemokinesis","Intimidate"],"picked":"Burning Pact","floor":48},{"not_picked":["Iron Wave","Perfected Strike","Havoc+1"],"picked":"SKIP","floor":55}],"player_experience":2941158,"relics_obtained":[{"floor":6.0,"key":"Pocketwatch"},{"floor":9.0,"key":"Pantograph"},{"floor":13.0,"key":"Sundial"},{"floor":21.0,"key":"Nilry\u0027s Codex"},{"floor":24.0,"key":"Mercury Hourglass"},{"floor":26.0,"key":"Regal Pillow"},{"floor":40,"key":"Ginger"},{"floor":42,"key":"Kunai"},{"floor":55,"key":"Boot"}],"event_choices":[{"damage_healed":0.0,"max_hp_gain":0.0,"max_hp_loss":0.0,"gold_gain":0.0,"event_name":"Upgrade Shrine","player_choice":"Upgraded","floor":2.0,"gold_loss":0.0,"damage_taken":0.0,"cards_upgraded":["Juggernaut"]},{"damage_healed":0.0,"max_hp_gain":0.0,"max_hp_loss":0.0,"gold_gain":0.0,"event_name":"Scrap Ooze","player_choice":"Success","floor":7.0,"gold_loss":0.0,"damage_taken":5.0,"relics_obtained":["Juzu Bracelet"]},{"damage_healed":0.0,"max_hp_gain":0.0,"max_hp_loss":0.0,"gold_gain":0.0,"event_name":"The Woman in Blue","player_choice":"Bought 3 Potions","floor":10.0,"gold_loss":0.0,"damage_taken":0.0},{"damage_healed":0.0,"max_hp_gain":0.0,"max_hp_loss":0.0,"gold_gain":0.0,"event_name":"Liars Game","player_choice":"Ignored","floor":12.0,"gold_loss":0.0,"damage_taken":0.0},{"cards_removed":["Strike_R"],"damage_healed":0.0,"max_hp_gain":0.0,"max_hp_loss":0.0,"gold_gain":0.0,"event_name":"Designer","player_choice":"Upgrade and Remove","floor":20.0,"gold_loss":110.0,"damage_taken":0.0,"cards_upgraded":["Shrug It Off"]},{"damage_healed":0.0,"max_hp_gain":0.0,"max_hp_loss":0.0,"gold_gain":0.0,"event_name":"Cursed Tome","player_choice":"Obtained Book","floor":21.0,"gold_loss":0.0,"damage_taken":21.0},{"damage_healed":0.0,"max_hp_gain":0.0,"max_hp_loss":0.0,"gold_gain":50.0,"event_name":"Golden Shrine","player_choice":"Pray","floor":22.0,"gold_loss":0.0,"damage_taken":0.0},{"damage_healed":0.0,"max_hp_gain":0.0,"max_hp_loss":0.0,"gold_gain":0.0,"event_name":"Colosseum","player_choice":"Fight","floor":25.0,"gold_loss":0.0,"damage_taken":0.0},{"damage_healed":0.0,"max_hp_gain":0.0,"max_hp_loss":0.0,"gold_gain":0.0,"event_name":"Colosseum","player_choice":"Fled From Nobs","floor":25.0,"gold_loss":0.0,"damage_taken":0.0},{"damage_healed":0.0,"max_hp_gain":0.0,"max_hp_loss":0.0,"gold_gain":0.0,"event_name":"N\u0027loth","player_choice":"Ignored","floor":27.0,"gold_loss":0.0,"damage_taken":0.0},{"damage_healed":0.0,"max_hp_gain":5.0,"max_hp_loss":0.0,"gold_gain":0.0,"event_name":"Forgotten Altar","player_choice":"Shed Blood","floor":30.0,"gold_loss":0.0,"damage_taken":26.0},{"damage_healed":0.0,"max_hp_gain":0.0,"max_hp_loss":0.0,"gold_gain":0.0,"event_name":"The Library","player_choice":"Read","floor":31.0,"gold_loss":0.0,"damage_taken":0.0,"cards_obtained":["Shockwave"]},{"damage_healed":0,"gold_gain":0,"player_choice":"Ignored","damage_taken":0,"max_hp_gain":0,"max_hp_loss":0,"event_name":"Tomb of Lord Red Mask","floor":44,"gold_loss":0}],"is_beta":false,"boss_relics":[{"not_picked":["Runic Cube","Coffee Dripper"],"picked":"Tiny House"},{"not_picked":["Black Blood","Philosopher\u0027s Stone"],"picked":"Empty Cage"}],"items_purged_floors":[54],"is_endless":false,"potions_floor_spawned":[1,13,14,19,33,35,40,42,45],"ascension_level":20}