{"gold_per_floor":[115,128,14,14,14,27,55,55,55,71,106,106,106,120,120,120],"floor_reached":16,"playtime":562,"items_purged":[],"score":220,"play_id":"31bcc424-d853-41a8-9434-34c6bf6f4b4e","local_time":"20190315141046","is_ascension_mode":true,"campfire_choices":[{"data":"Carnage","floor":8,"key":"SMITH"},{"floor":12,"key":"REST"},{"data":"Disarm","floor":15,"key":"SMITH"}],"neow_cost":"TEN_PERCENT_HP_LOSS","seed_source_timestamp":100911227463300,"circlet_count":0,"master_deck":["AscendersBane","Strike_R","Defend_R+1","Defend_R+1","Defend_R+1","Defend_R+1","Bash","Carnage+1","Disarm+1","True Grit","Battle Trance","Ghostly Armor","Evolve","Disarm","Feel No Pain","Shrug It Off"],"relics":["Burning Blood","Darkstone Periapt","War Paint","Prayer Wheel"],"potions_floor_usage":[7,14,16,16],"damage_taken":[{"damage":1,"enemies":"Cultist","floor":1,"turns":3},{"damage":2,"enemies":"Small Slimes","floor":2,"turns":4},{"damage":4,"enemies":"2 Louse","floor":6,"turns":3},{"damage":1,"enemies":"3 Sentries","floor":7,"turns":14},{"damage":6,"enemies":"2 Fungi Beasts","floor":10,"turns":3},{"damage":44,"enemies":"Gremlin Nob","floor":11,"turns":6},{"damage":4,"enemies":"Gremlin Gang","floor":14,"turns":6},{"damage":22,"enemies":"Hexaghost","floor":16,"turns":12}],"seed_played":"2956786870968676471","potions_obtained":[{"floor":1,"key":"AttackPotion"},{"floor":2,"key":"PowerPotion"},{"floor":11,"key":"FearPotion"},{"floor":14,"key":"Explosive Potion"}],"is_trial":false,"path_per_floor":["M","M","$","?","?","M","E","R","T","M","E","R","?","M","R","B"],"character_chosen":"IRONCLAD","items_purchased":["True Grit","Battle Trance"],"campfire_rested":1,"item_purchase_floors":[3,3],"current_hp_per_floor":[68,68,68,61,41,43,48,48,48,48,10,30,30,32,32,10],"gold":120,"neow_bonus":"REMOVE_TWO","is_prod":false,"is_daily":false,"chose_seed":false,"campfire_upgraded":2,"win_rate":0,"timestamp":1552626646,"path_taken":["M","?","$","?","?","M","E","R","T","M","E","R","?","?","R","BOSS"],"build_version":"2019-01-23","purchased_purges":0,"victory":false,"max_hp_per_floor":[68,68,68,68,68,68,68,68,68,68,68,68,68,68,68,68],"card_choices":[{"not_picked":["Flame Barrier","Headbutt"],"picked":"Carnage","floor":1},{"not_picked":["Dual Wield","Warcry"],"picked":"Disarm","floor":2},{"not_picked":["Anger","Rupture"],"picked":"Ghostly Armor","floor":6},{"not_picked":["Anger","Armaments"],"picked":"Evolve","floor":7},{"not_picked":["Pummel","Rage"],"picked":"Disarm","floor":10},{"not_picked":["Sword Boomerang","True Grit"],"picked":"Feel No Pain","floor":11},{"not_picked":["Infernal Blade","Burning Pact"],"picked":"Shrug It Off","floor":14},{"not_picked":["Flex","Havoc","Clothesline"],"picked":"SKIP","floor":14}],"player_experience":2286045,"relics_obtained":[{"floor":7,"key":"Darkstone Periapt"},{"floor":9,"key":"War Paint"},{"floor":11,"key":"Prayer Wheel"}],"event_choices":[{"cards_removed":["Strike_R"],"damage_healed":0,"gold_gain":0,"player_choice":"Card Removal","damage_taken":7,"max_hp_gain":0,"max_hp_loss":0,"event_name":"Golden Wing","floor":4,"gold_loss":0},{"damage_healed":0,"gold_gain":0,"player_choice":"Entered Light","damage_taken":20,"max_hp_gain":0,"max_hp_loss":0,"event_name":"Shining Light","floor":5,"gold_loss":0,"cards_upgraded":["Defend_R","Defend_R"]},{"cards_removed":["Strike_R"],"damage_healed":0,"gold_gain":0,"player_choice":"Purged","damage_taken":0,"max_hp_gain":0,"max_hp_loss":0,"event_name":"Purifier","floor":13,"gold_loss":0}],"is_beta":false,"boss_relics":[],"items_purged_floors":[],"is_endless":false,"potions_floor_spawned":[1,2,11,14],"killed_by":"Hexaghost","ascension_level":20}