{"gold_per_floor":[110,130,142,0,16,16,28,178,178,198,214,314,314,340,340,411,411,424,401,413,413,10,10,39,58,129,129,129,139,139,157,157,231,231,242,1241,166,182,182,182,192,225,250,283,283,55,55,55,55,55],"floor_reached":50,"playtime":2963,"items_purged":["Normality"],"score":1067,"play_id":"42b0d269-8728-43a6-bcbe-84ee2b6bc1af","local_time":"20190426134248","is_ascension_mode":true,"campfire_choices":[{"floor":6.0,"key":"REST"},{"floor":13.0,"key":"REST"},{"data":"Storm","floor":15.0,"key":"SMITH"},{"floor":23.0,"key":"REST"},{"floor":28.0,"key":"REST"},{"floor":30.0,"key":"REST"},{"floor":32.0,"key":"REST"},{"floor":40.0,"key":"REST"},{"floor":49.0,"key":"REST"}],"neow_cost":"NONE","seed_source_timestamp":1279047448002543,"circlet_count":0,"master_deck":["AscendersBane","Strike_B+1","Strike_B","Strike_B","Strike_B+1","Defend_B","Defend_B+1","Defend_B","Defend_B","Zap+1","Dualcast","Static Discharge","Defragment","Stack","Defragment","Ball Lightning","Glacier","Doubt","Static Discharge","Conserve Battery","Storm+1","Echo Form","Capacitor","Conserve Battery","Self Repair","Redo+1","Self Repair+1","Necronomicurse","Self Repair","FTL","Creative AI","Capacitor","Force Field","Secret Technique","Stack","Hologram","Ball Lightning+1","Storm","Heatsinks","Discovery"],"special_seed":0,"relics":["Cracked Core","Regal Pillow","Orichalcum","Whetstone","Lizard Tail","MutagenicStrength","Symbiotic Virus","Dodecahedron","Mummified Hand","Necronomicon","Black Star","DataDisk","Dead Branch","Spirit Poop","Question Card","Happy Flower","Vajra","War Paint","Ancient Tea Set"],"potions_floor_usage":[50,50],"damage_taken":[{"damage":1.0,"enemies":"Cultist","floor":1.0,"turns":3.0},{"damage":5.0,"enemies":"Small Slimes","floor":2.0,"turns":3.0},{"damage":12.0,"enemies":"Jaw Worm","floor":3.0,"turns":3.0},{"damage":13.0,"enemies":"Gremlin Gang","floor":5.0,"turns":4.0},{"damage":26.0,"enemies":"3 Louse","floor":7.0,"turns":3.0},{"damage":0.0,"enemies":"Large Slime","floor":10.0,"turns":4.0},{"damage":1.0,"enemies":"Exordium Wildlife","floor":11.0,"turns":3.0},{"damage":8.0,"enemies":"3 Sentries","floor":14.0,"turns":3.0},{"damage":35.0,"enemies":"Hexaghost","floor":16.0,"turns":6.0},{"damage":24.0,"enemies":"Shell Parasite","floor":18.0,"turns":5.0},{"damage":19.0,"enemies":"2 Thieves","floor":19.0,"turns":4.0},{"damage":27.0,"enemies":"Centurion and Healer","floor":20.0,"turns":4.0},{"damage":40.0,"enemies":"Book of Stabbing","floor":24.0,"turns":4.0},{"damage":9.0,"enemies":"Sentry and Sphere","floor":25.0,"turns":5.0},{"damage":18.0,"enemies":"Snecko","floor":29.0,"turns":4.0},{"damage":32.0,"enemies":"Snake Plant","floor":31.0,"turns":4.0},{"damage":36.0,"enemies":"Champ","floor":33.0,"turns":8.0},{"damage":48.0,"enemies":"3 Darklings","floor":35.0,"turns":4.0},{"damage":6.0,"enemies":"Orb Walker","floor":38.0,"turns":3.0},{"damage":37.0,"enemies":"3 Darklings","floor":41.0,"turns":6.0},{"damage":24.0,"enemies":"Nemesis","floor":42.0,"turns":6.0},{"damage":37.0,"enemies":"Reptomancer","floor":44.0,"turns":6.0},{"damage":79,"enemies":"Awakened One","floor":50,"turns":3}],"seed_played":"-4803431042437745380","potions_obtained":[{"floor":3.0,"key":"Fire Potion"},{"floor":10.0,"key":"AttackPotion"},{"floor":11.0,"key":"AttackPotion"},{"floor":16.0,"key":"Explosive Potion"},{"floor":19.0,"key":"Energy Potion"},{"floor":20.0,"key":"SkillPotion"},{"floor":29.0,"key":"Fire Potion"},{"floor":31.0,"key":"Block Potion"},{"floor":38.0,"key":"LiquidBronze"},{"floor":42.0,"key":"GamblersBrew"},{"floor":44.0,"key":"Weak Potion"}],"is_trial":false,"path_per_floor":["M","M","M","$","M","R","M","?","T","M","M","?","R","E","R","B",null,"M","M","M","?","$","R","E","M","T","?","R","M","R","M","R","B",null,"M","?","$","M","?","R","M","E","T","E","?","$","?","$","R","B"],"character_chosen":"DEFECT","items_purchased":["Defragment","AttackPotion","Self Repair","Symbiotic Virus","AttackPotion","DataDisk","Capacitor","Force Field","Fire Potion","SpeedPotion","Dead Branch","Secret Technique","Stack","Heatsinks","Discovery","FocusPotion"],"campfire_rested":8,"item_purchase_floors":[4,4,22,22,22,37,37,37,37,37,37,37,37,46,46,46],"current_hp_per_floor":[63,58,46,46,33,69,43,43,43,43,42,42,71,63,63,28,60,36,17,35,35,35,71,38,36,36,15,51,50,71,56,71,59,68,44,44,44,38,38,71,48,48,48,35,35,35,35,35,71,0],"gold":55,"neow_bonus":"RANDOM_COMMON_RELIC","is_prod":false,"is_daily":false,"chose_seed":false,"campfire_upgraded":1,"win_rate":0,"timestamp":1556275368,"path_taken":["M","?","M","$","M","R","M","?","T","M","M","?","R","E","R","BOSS","M","?","M","?","$","R","E","M","T","?","R","M","R","M","R","BOSS","M","?","$","M","?","R","?","E","T","E","?","$","?","$","R","BOSS"],"build_version":"2019-01-23","purchased_purges":1,"victory":false,"max_hp_per_floor":[71,71,71,71,71,71,71,71,71,71,71,71,71,71,71,71,71,71,71,71,71,71,71,71,71,71,71,71,71,71,71,71,71,71,71,71,71,71,71,71,71,71,71,71,71,71,71,71,71,71],"card_choices":[{"not_picked":["Compile Driver","Beam Cell"],"picked":"Static Discharge","floor":1.0},{"not_picked":["Auto Shields","Go for the Eyes"],"picked":"Defragment","floor":2.0},{"not_picked":["Reprogram","Coolheaded"],"picked":"Stack","floor":3.0},{"not_picked":["Darkness","Cold Snap"],"picked":"Ball Lightning","floor":5.0},{"not_picked":["Turbo","Consume"],"picked":"Glacier","floor":7.0},{"not_picked":["Tempest","Rip and Tear"],"picked":"Static Discharge","floor":10.0},{"not_picked":["Stack","Skim"],"picked":"Conserve Battery","floor":11.0},{"not_picked":["Rip and Tear","Stack"],"picked":"Storm","floor":14.0},{"not_picked":["Buffer","Meteor Strike"],"picked":"Echo Form","floor":16.0},{"not_picked":["Sweeping Beam","Go for the Eyes"],"picked":"Capacitor","floor":18.0},{"not_picked":["Barrage","Beam Cell"],"picked":"Conserve Battery","floor":19.0},{"not_picked":["Genetic Algorithm","Aggregate","Rebound"],"picked":"SKIP","floor":20.0},{"not_picked":["Turbo","Rebound"],"picked":"Redo+1","floor":24.0},{"not_picked":["Rebound","Go for the Eyes"],"picked":"Self Repair+1","floor":25.0},{"not_picked":["Cold Snap","Recycle+1"],"picked":"Self Repair","floor":29.0},{"not_picked":["Gash","Hyperbeam"],"picked":"FTL","floor":31.0},{"not_picked":["Multi-Cast","Fission"],"picked":"Creative AI","floor":33.0},{"not_picked":["Scrape","Rebound+1","Doom and Gloom"],"picked":"SKIP","floor":35.0},{"not_picked":["Stack","Beam Cell"],"picked":"Hologram","floor":38.0},{"not_picked":["Fusion","Genetic Algorithm","Rebound"],"picked":"SKIP","floor":41.0},{"not_picked":["BootSequence","Coolheaded"],"picked":"Ball Lightning+1","floor":42.0},{"not_picked":["Scrape","Auto Shields","Compile Driver"],"picked":"Storm","floor":44.0}],"player_experience":1239297,"relics_obtained":[{"floor":9.0,"key":"Orichalcum"},{"floor":14.0,"key":"Whetstone"},{"floor":24.0,"key":"Dodecahedron"},{"floor":26.0,"key":"Mummified Hand"},{"floor":27.0,"key":"Necronomicon"},{"floor":42.0,"key":"Question Card"},{"floor":42.0,"key":"Happy Flower"},{"floor":43.0,"key":"Vajra"},{"floor":44.0,"key":"War Paint"},{"floor":44.0,"key":"Ancient Tea Set"}],"event_choices":[{"damage_healed":0.0,"max_hp_gain":0.0,"max_hp_loss":0.0,"gold_gain":150.0,"event_name":"Liars Game","player_choice":"AGREE","floor":8.0,"gold_loss":0.0,"damage_taken":0.0,"cards_obtained":["Doubt"]},{"damage_healed":0.0,"max_hp_gain":0.0,"max_hp_loss":0.0,"gold_gain":100.0,"event_name":"Wheel of Change","player_choice":"Gold","floor":12.0,"gold_loss":0.0,"damage_taken":0.0},{"damage_healed":0.0,"max_hp_gain":0.0,"max_hp_loss":0.0,"gold_gain":0.0,"event_name":"Drug Dealer","player_choice":"Inject Mutagens","floor":21.0,"gold_loss":0.0,"damage_taken":0.0,"relics_obtained":["MutagenicStrength"]},{"damage_healed":0.0,"max_hp_gain":0.0,"max_hp_loss":0.0,"gold_gain":0.0,"event_name":"Cursed Tome","player_choice":"Obtained Book","floor":27.0,"gold_loss":0.0,"damage_taken":21.0},{"damage_healed":0.0,"max_hp_gain":0.0,"max_hp_loss":0.0,"gold_gain":999.0,"event_name":"MindBloom","player_choice":"Gold","floor":36.0,"gold_loss":0.0,"damage_taken":0.0,"cards_obtained":["Normality","Normality"]},{"cards_removed":["Normality"],"damage_healed":0.0,"max_hp_gain":0.0,"max_hp_loss":0.0,"gold_gain":0.0,"event_name":"Bonfire Elementals","player_choice":"Offered Curse","floor":39.0,"gold_loss":0.0,"damage_taken":0.0,"relics_obtained":["Spirit Poop"]},{"damage_healed":0.0,"max_hp_gain":0.0,"max_hp_loss":0.0,"gold_gain":0.0,"event_name":"The Moai Head","player_choice":"Ignored","floor":45.0,"gold_loss":0.0,"damage_taken":0.0},{"damage_healed":0.0,"max_hp_gain":0.0,"max_hp_loss":0.0,"gold_gain":0.0,"event_name":"Mysterious Sphere","player_choice":"Ignored","floor":47.0,"gold_loss":0.0,"damage_taken":0.0}],"is_beta":false,"boss_relics":[{"not_picked":["Sozu","Snecko Eye"],"picked":"Lizard Tail"},{"not_picked":["Runic Dome","Busted Crown"],"picked":"Black Star"}],"items_purged_floors":[37],"is_endless":false,"potions_floor_spawned":[3,10,11,16,19,20,29,31,38,42,44],"killed_by":"Awakened One","ascension_level":19}