{"gold_per_floor":[360,360,360,435,458,458,499,108,108,108,108],"floor_reached":11,"playtime":245,"items_purged":["Defend_B"],"score":138,"play_id":"9165ccc8-921d-4445-b114-31a57858135a","local_time":"20190408134330","is_ascension_mode":true,"campfire_choices":[{"floor":6,"key":"REST"},{"floor":10,"key":"REST"}],"neow_cost":"TEN_PERCENT_HP_LOSS","seed_source_timestamp":128895448575100,"circlet_count":0,"master_deck":["AscendersBane","Strike_B","Strike_B","Strike_B","Strike_B","Defend_B","Defend_B","Defend_B","Zap","Dualcast","Cold Snap","Glacier+1","Coolheaded+1"],"relics":["Cracked Core","Golden Idol","Peace Pipe","Toxic Egg 2","Art of War"],"potions_floor_usage":[7,11],"damage_taken":[{"damage":2,"enemies":"Jaw Worm","floor":1,"turns":4},{"damage":0,"enemies":"Small Slimes","floor":5,"turns":2},{"damage":24,"enemies":"Lagavulin","floor":7,"turns":8},{"damage":34,"enemies":"Gremlin Nob","floor":11,"turns":6}],"seed_played":"2080104836059745915","potions_obtained":[{"floor":1,"key":"AttackPotion"}],"is_trial":false,"path_per_floor":["M","?","?","?","M","R","E","$","T","R","E"],"character_chosen":"DEFECT","items_purchased":["Art of War","Coolheaded+1","FocusPotion"],"campfire_rested":2,"item_purchase_floors":[8,8,8],"current_hp_per_floor":[62,40,29,18,18,37,13,13,13,32,0],"gold":108,"neow_bonus":"TWO_FIFTY_GOLD","is_prod":false,"is_daily":false,"chose_seed":false,"campfire_upgraded":0,"win_rate":0,"timestamp":1554698610,"path_taken":["M","?","?","?","M","R","E","$","T","R","E"],"build_version":"2019-01-23","purchased_purges":1,"victory":false,"max_hp_per_floor":[64,64,64,64,64,64,64,64,64,64,64],"card_choices":[{"not_picked":["Scrape","Turbo"],"picked":"Cold Snap","floor":1},{"not_picked":["Redo","Compile Driver","Sweeping Beam"],"picked":"SKIP","floor":5},{"not_picked":["BootSequence","Beam Cell"],"picked":"Glacier","floor":7}],"player_experience":2975905,"relics_obtained":[{"floor":7,"key":"Toxic Egg 2"}],"event_choices":[{"damage_healed":0,"gold_gain":0,"player_choice":"Take Damage","damage_taken":22,"relics_obtained":["Golden Idol"],"max_hp_gain":0,"max_hp_loss":0,"event_name":"Golden Idol","floor":2,"gold_loss":0},{"damage_healed":0,"gold_gain":0,"player_choice":"Success","damage_taken":11,"relics_obtained":["Peace Pipe"],"max_hp_gain":0,"max_hp_loss":0,"event_name":"Scrap Ooze","floor":3,"gold_loss":0},{"damage_healed":0,"gold_gain":75,"player_choice":"Gather Gold","damage_taken":11,"max_hp_gain":0,"max_hp_loss":0,"event_name":"World of Goop","floor":4,"gold_loss":0}],"is_beta":false,"boss_relics":[],"items_purged_floors":[8],"is_endless":false,"potions_floor_spawned":[1],"killed_by":"Gremlin Nob","ascension_level":20}