{"gold_per_floor":[118,118,118,133,1,1,28,28,55,55,86,86,98,98,98,173,173,184,184,104],"floor_reached":20,"playtime":727,"items_purged":[],"score":430,"play_id":"debde90f-62d3-46cb-877f-cb2d204828f9","local_time":"20190423191409","is_ascension_mode":true,"campfire_choices":[{"data":"Defragment","floor":6.0,"key":"SMITH"},{"data":"Genetic Algorithm","floor":8.0,"key":"SMITH"},{"data":"Defragment","floor":10.0,"key":"SMITH"},{"data":"Zap","floor":12.0,"key":"SMITH"},{"data":"Coolheaded","floor":15.0,"key":"SMITH"}],"neow_cost":"NONE","seed_source_timestamp":5126803778154052,"circlet_count":0,"master_deck":["AscendersBane","Strike_B","Strike_B","Strike_B","Defend_B","Defend_B","Defend_B","Defend_B","Zap+1","Dualcast","Coolheaded+1","Defragment+1","Genetic Algorithm+1","FTL","Defragment+1","Capacitor","Rebound","Fission","Coolheaded"],"special_seed":0,"relics":["Cracked Core","NeowsBlessing","Blue Candle","Spirit Poop","Mango","Potion Belt","Kunai","Inserter"],"potions_floor_usage":[20],"damage_taken":[{"damage":0.0,"enemies":"Jaw Worm","floor":1.0,"turns":1.0},{"damage":0.0,"enemies":"2 Louse","floor":4.0,"turns":1.0},{"damage":0.0,"enemies":"Gremlin Nob","floor":7.0,"turns":1.0},{"damage":20.0,"enemies":"3 Sentries","floor":11.0,"turns":6.0},{"damage":0.0,"enemies":"Cultist","floor":13.0,"turns":4.0},{"damage":32.0,"enemies":"The Guardian","floor":16.0,"turns":10.0},{"damage":20.0,"enemies":"Spheric Guardian","floor":18.0,"turns":6.0},{"damage":26,"enemies":"2 Thieves","floor":20,"turns":2}],"seed_played":"1736492278607556280","potions_obtained":[{"floor":7.0,"key":"Explosive Potion"},{"floor":11.0,"key":"SteroidPotion"},{"floor":16.0,"key":"Poison Potion"},{"floor":18.0,"key":"SkillPotion"}],"is_trial":false,"path_per_floor":["M","?","?","M","$","R","E","R","T","R","E","R","M","?","R","B",null,"M","?","M"],"character_chosen":"DEFECT","items_purchased":["Genetic Algorithm","FTL"],"campfire_rested":0,"item_purchase_floors":[5,5],"current_hp_per_floor":[64,64,64,64,64,64,78,78,78,78,58,58,58,58,58,26,70,50,25,0],"gold":104,"neow_bonus":"THREE_ENEMY_KILL","is_prod":false,"is_daily":false,"chose_seed":false,"campfire_upgraded":5,"win_rate":0,"timestamp":1556018049,"path_taken":["M","?","?","?","$","R","E","R","T","R","E","R","M","?","R","BOSS","M","?","M"],"build_version":"2019-04-21","purchased_purges":0,"victory":false,"max_hp_per_floor":[71,71,71,71,71,71,85,85,85,85,85,85,85,85,85,85,85,85,90,90],"card_choices":[{"not_picked":["Gash","Melter"],"picked":"Coolheaded","floor":1.0},{"not_picked":["Rebound","FTL"],"picked":"Defragment","floor":4.0},{"not_picked":["Sweeping Beam","Ball Lightning"],"picked":"Defragment","floor":7.0},{"not_picked":["Defragment","Buffer"],"picked":"Capacitor","floor":11.0},{"not_picked":["Sunder","Sweeping Beam"],"picked":"Rebound","floor":13.0},{"not_picked":["Hyperbeam","Buffer"],"picked":"Fission","floor":16.0},{"not_picked":["Sunder+1","Rip and Tear"],"picked":"Coolheaded","floor":18.0}],"player_experience":767263,"relics_obtained":[{"floor":7.0,"key":"Mango"},{"floor":9.0,"key":"Potion Belt"},{"floor":11.0,"key":"Kunai"}],"event_choices":[{"damage_healed":0.0,"max_hp_gain":0.0,"max_hp_loss":0.0,"gold_gain":0.0,"event_name":"Big Fish","player_choice":"Box","floor":2.0,"gold_loss":0.0,"damage_taken":0.0,"relics_obtained":["Blue Candle"],"cards_obtained":["Regret"]},{"cards_removed":["Regret"],"damage_healed":0.0,"max_hp_gain":0.0,"max_hp_loss":0.0,"gold_gain":0.0,"event_name":"Bonfire Elementals","player_choice":"Offered Curse","floor":3.0,"gold_loss":0.0,"damage_taken":0.0,"relics_obtained":["Spirit Poop"]},{"cards_removed":["Strike_B"],"damage_healed":0.0,"max_hp_gain":0.0,"max_hp_loss":0.0,"gold_gain":0.0,"event_name":"Wheel of Change","player_choice":"Card Removal","floor":14.0,"gold_loss":0.0,"damage_taken":0.0},{"damage_healed":0.0,"max_hp_gain":5.0,"max_hp_loss":0.0,"gold_gain":0.0,"event_name":"Forgotten Altar","player_choice":"Shed Blood","floor":19.0,"gold_loss":0.0,"damage_taken":30.0}],"is_beta":true,"boss_relics":[{"not_picked":["Black Star","Runic Dome"],"picked":"Inserter"}],"items_purged_floors":[],"is_endless":false,"potions_floor_spawned":[7,11,16,18],"killed_by":"2 Thieves","ascension_level":20}