{"gold_per_floor":[148,148,171,181,191,191,226,226,296,296,307,3,28,44,44,118,118,135,70,80,98,98,98,131,131,131,131,131],"floor_reached":28,"playtime":1567,"items_purged":["Normality"],"score":418,"play_id":"23b3aec0-ffe4-4468-a073-fb35d13cea36","local_time":"20181204165744","is_ascension_mode":true,"campfire_choices":[{"data":"Deadly Poison","floor":6.0,"key":"SMITH"},{"data":"Neutralize","floor":10.0,"key":"SMITH"},{"data":"Bouncing Flask","floor":15.0,"key":"SMITH"},{"data":"Terror","floor":23,"key":"SMITH"},{"data":"Leg Sweep","floor":25,"key":"SMITH"}],"neow_cost":"NONE","seed_source_timestamp":786500145759942,"circlet_count":0,"master_deck":["AscendersBane","Defend_G","Defend_G","Defend_G","Defend_G","Defend_G","Strike_G","Strike_G","Strike_G","Strike_G","Survivor","Neutralize+1","Injury","Shame","Sucker Punch","Deadly Poison+1","PiercingWail","Reflex","Leg Sweep+1","Crippling Poison","All Out Attack","Flying Knee","Bouncing Flask+1","Terror+1","Heel Hook"],"special_seed":0,"relics":["Calling Bell","Tiny Chest","Ninja Scroll","Incense Burner","Ancient Tea Set","Centennial Puzzle","The Courier","Lee\u0027s Waffle","Blood Vial","Runic Pyramid","Prayer Wheel","Unceasing Top","Darkstone Periapt"],"potions_floor_usage":[20],"damage_taken":[{"damage":11.0,"enemies":"2 Louse","floor":1.0,"turns":5.0},{"damage":12.0,"enemies":"Jaw Worm","floor":4.0,"turns":5.0},{"damage":1.0,"enemies":"Small Slimes","floor":5.0,"turns":4.0},{"damage":5.0,"enemies":"Lagavulin","floor":7.0,"turns":6.0},{"damage":3.0,"enemies":"Red Slaver","floor":11.0,"turns":5.0},{"damage":19.0,"enemies":"3 Sentries","floor":13.0,"turns":9.0},{"damage":0.0,"enemies":"Blue Slaver","floor":14.0,"turns":4.0},{"damage":25.0,"enemies":"The Guardian","floor":16.0,"turns":9.0},{"damage":2,"enemies":"Spheric Guardian","floor":18,"turns":4},{"damage":1,"enemies":"3 Byrds","floor":20,"turns":5},{"damage":21,"enemies":"Snecko","floor":21,"turns":7},{"damage":22,"enemies":"Slavers","floor":24,"turns":6},{"damage":8,"enemies":"Colosseum Slavers","floor":27,"turns":4},{"damage":34,"enemies":"Cultist and Chosen","floor":28,"turns":4}],"seed_played":"4059003132335083355","potions_obtained":[{"floor":1.0,"key":"Poison Potion"},{"floor":5.0,"key":"Poison Potion"},{"floor":11.0,"key":"Weak Potion"},{"floor":18,"key":"Weak Potion"}],"is_trial":false,"path_per_floor":["M","?","T","M","M","R","E","?","T","R","M","$","E","M","R","B",null,"M","$","M","M","T","R","E","R","T","?","M"],"character_chosen":"THE_SILENT","items_purchased":["Crippling Poison","Lee\u0027s Waffle","All Out Attack","Heel Hook"],"campfire_rested":0,"item_purchase_floors":[12,12,12,19],"current_hp_per_floor":[48,53,53,41,40,40,35,35,35,35,32,78,59,61,61,38,68,68,68,69,50,50,50,30,30,30,24,0],"gold":131,"neow_bonus":"BOSS_RELIC","is_prod":false,"is_daily":false,"chose_seed":false,"campfire_upgraded":5,"win_rate":0,"timestamp":1543913864,"path_taken":["M","?","?","M","M","R","E","?","T","R","M","$","E","M","R","BOSS","M","$","M","M","?","R","E","R","T","?","M"],"build_version":"2018-11-15","purchased_purges":1,"victory":false,"max_hp_per_floor":[66,71,71,71,71,71,71,71,71,71,71,78,78,78,78,78,78,78,78,78,78,78,78,78,78,78,78,78],"card_choices":[{"not_picked":["Deflect","Distraction","Sucker Punch"],"picked":"SKIP","floor":1.0},{"not_picked":["Blade Dance","Poisoned Stab"],"picked":"Sucker Punch","floor":4.0},{"not_picked":["Flying Knee","Die Die Die"],"picked":"Deadly Poison","floor":5.0},{"not_picked":["Flechettes","Expertise"],"picked":"PiercingWail","floor":7.0},{"not_picked":["Dagger Throw","Well Laid Plans"],"picked":"Leg Sweep","floor":11.0},{"not_picked":["Sucker Punch","Deflect"],"picked":"Flying Knee","floor":13.0},{"not_picked":["Skewer","Endless Agony"],"picked":"Bouncing Flask","floor":14.0},{"not_picked":["Slice","Endless Agony"],"picked":"Terror","floor":18},{"not_picked":["Reflex","Acrobatics","Backflip"],"picked":"SKIP","floor":20},{"not_picked":["Masterful Stab","Crippling Poison","Cloak And Dagger"],"picked":"SKIP","floor":21},{"not_picked":["Masterful Stab","Crippling Poison","Cloak And Dagger"],"picked":"SKIP","floor":21},{"not_picked":["Well Laid Plans","Backflip","Terror"],"picked":"SKIP","floor":24}],"player_experience":579151,"relics_obtained":[{"floor":0.0,"key":"Tiny Chest"},{"floor":0.0,"key":"Ninja Scroll"},{"floor":0.0,"key":"Incense Burner"},{"floor":3.0,"key":"Ancient Tea Set"},{"floor":7.0,"key":"Centennial Puzzle"},{"floor":9.0,"key":"The Courier"},{"floor":13.0,"key":"Blood Vial"},{"floor":22,"key":"Prayer Wheel"},{"floor":24,"key":"Unceasing Top"},{"floor":26,"key":"Darkstone Periapt"}],"event_choices":[{"damage_healed":0.0,"max_hp_gain":5.0,"max_hp_loss":0.0,"gold_gain":0.0,"event_name":"Big Fish","player_choice":"Donut","floor":2.0,"gold_loss":0.0,"damage_taken":0.0},{"damage_healed":0.0,"max_hp_gain":0.0,"max_hp_loss":0.0,"gold_gain":0.0,"cards_transformed":["Strike_G"],"event_name":"Transmorgrifier","player_choice":"Transformed","floor":8.0,"gold_loss":0.0,"damage_taken":0.0,"cards_obtained":["Reflex"]},{"damage_healed":0,"gold_gain":0,"player_choice":"Fight","damage_taken":0,"max_hp_gain":0,"max_hp_loss":0,"event_name":"Colosseum","floor":27,"gold_loss":0},{"damage_healed":0,"gold_gain":0,"player_choice":"Fled From Nobs","damage_taken":0,"max_hp_gain":0,"max_hp_loss":0,"event_name":"Colosseum","floor":27,"gold_loss":0}],"is_beta":true,"boss_relics":[{"not_picked":["Astrolabe","Lizard Tail"],"picked":"Runic Pyramid"}],"items_purged_floors":[12],"is_endless":false,"potions_floor_spawned":[1,5,11,18],"killed_by":"Cultist and Chosen","ascension_level":14}