{"path_per_floor":["M","M","M","?","$","R","E","M","T","M","M","?","M","M","R","B",null,"M","M","M","?","M","R","M","R","T","E","T","M","R","$","R","B",null,"M","M","M","$"],"character_chosen":"THE_SILENT","items_purchased":["War Paint","Poison Potion"],"gold_per_floor":[117,133,147,147,147,147,172,187,187,202,214,214,231,246,246,341,341,360,375,388,313,323,323,341,341,341,373,373,387,387,239,239,336,336,346,366,386,261],"floor_reached":39,"campfire_rested":4,"playtime":4263,"current_hp_per_floor":[70,69,67,67,67,67,56,49,49,58,64,64,63,63,63,43,70,70,50,43,43,48,69,32,53,53,31,31,22,43,43,64,35,70,64,49,28,28],"items_purged":["Storm of Steel"],"gold":261,"score":359,"play_id":"28619c5f-f05b-42e1-9e2d-72c9c4105dd2","is_prod":false,"is_daily":false,"is_ascension_mode":false,"campfire_upgraded":2,"path_taken":["M","M","M","?","$","R","E","M","T","M","?","?","M","M","R","BOSS","M","M","M","?","?","R","M","R","T","E","?","M","R","?","R","BOSS","M","M","M","$","M"],"build_version":"2018-02-15-PROD1","purchased_purges":1,"victory":false,"master_deck":["Defend_G","Defend_G+1","Defend_G","Strike_G+1","Strike_G","Strike_G","Survivor+1","Neutralize+1","Catalyst+1","Bane","Caltrops","Terror+1","Backflip+1","Footwork","Deadly Poison+1","PiercingWail+1","Bane+1","Noxious Fumes+1","Phantasmal Killer+1","Poisoned Stab+1","Noxious Fumes+1","Noxious Fumes+1","Crippling Poison+1"],"max_hp_per_floor":[70,70,70,70,70,70,70,70,70,70,70,70,70,70,70,70,70,70,70,70,70,70,70,70,70,70,70,70,70,70,70,70,70,70,70,70,70,70],"relics":["White Beast Statue","Toxic Egg 2","Peace Pipe","Lizard Tail","Frozen Eye","Frozen Egg 2","Whetstone","War Paint","Astrolabe"],"card_choices":[{"not_picked":["Cloak And Dagger","Backflip"],"picked":"Catalyst"},{"not_picked":["Prepared","Finisher"],"picked":"Bane"},{"not_picked":["Flying Knee","Footwork"],"picked":"Caltrops"},{"not_picked":["Poisoned Stab","Dagger Spray"],"picked":"Terror"},{"not_picked":["Flechettes","Dagger Spray"],"picked":"Backflip"},{"not_picked":["Endless Agony","Cloak And Dagger"],"picked":"Footwork"},{"not_picked":["Night Terror","Caltrops"],"picked":"Deadly Poison"},{"not_picked":["Sucker Punch","Slice"],"picked":"Expertise"},{"not_picked":["Storm of Steel","Die Die Die"],"picked":"Tools of the Trade"},{"not_picked":["Dodge and Roll","Quick Slash"],"picked":"PiercingWail"},{"not_picked":["PiercingWail","Dash"],"picked":"Bane"},{"not_picked":["Backflip","Malaise"],"picked":"Noxious Fumes"},{"not_picked":["Die Die Die","Doppelganger"],"picked":"Phantasmal Killer"},{"not_picked":["Sucker Punch","Slice"],"picked":"Noxious Fumes"},{"not_picked":["Calculated Gamble","Outmaneuver"],"picked":"Crippling Poison"}],"player_experience":148947,"potions_floor_usage":[7,7,8,10,11,14,16,16,20,20,20,22,24,27,29,33,36,37,39,39,39],"damage_taken":[{"damage":0,"enemies":"2 Louse","floor":1,"turns":2},{"damage":1,"enemies":"Cultist","floor":2,"turns":5},{"damage":2,"enemies":"Jaw Worm","floor":3,"turns":5},{"damage":19,"enemies":"Lagavulin","floor":7,"turns":8},{"damage":7,"enemies":"2 Fungi Beasts","floor":8,"turns":5},{"damage":6,"enemies":"3 Louse","floor":10,"turns":5},{"damage":0,"enemies":"Looter","floor":11,"turns":3},{"damage":1,"enemies":"Red Slaver","floor":13,"turns":4},{"damage":0,"enemies":"Gremlin Gang","floor":14,"turns":6},{"damage":20,"enemies":"Hexaghost","floor":16,"turns":9},{"damage":0,"enemies":"Shell Parasite","floor":18,"turns":5},{"damage":20,"enemies":"Spheric Guardian","floor":19,"turns":5},{"damage":7,"enemies":"3 Cultists","floor":20,"turns":8},{"damage":10,"enemies":"Centurion and Healer","floor":22,"turns":8},{"damage":37,"enemies":"Slaver and Parasite","floor":24,"turns":7},{"damage":22,"enemies":"Book of Stabbing","floor":27,"turns":5},{"damage":9,"enemies":"3 Cultists","floor":29,"turns":6},{"damage":73,"enemies":"Collector","floor":33,"turns":8},{"damage":6,"enemies":"Orb Walker","floor":35,"turns":3},{"damage":15,"enemies":"3 Shapes","floor":36,"turns":5},{"damage":21,"enemies":"Maw","floor":37,"turns":7},{"damage":31,"enemies":"Sphere and 2 Shapes","floor":39,"turns":3}],"event_choices":[{"event_name":"Bonfire Elementals","player_choice":"BASIC","floor":4,"damage_taken":0},{"event_name":"Living Wall","player_choice":"Forget","floor":12,"damage_taken":0},{"event_name":"Beggar","player_choice":"Gave Gold","floor":21,"damage_taken":0}],"boss_relics":[{"not_picked":["Eternal Feather","Philosopher\u0027s Stone"],"picked":"Lizard Tail"},{"not_picked":["Tiny House","Cursed Key"],"picked":"Astrolabe"}],"potions_floor_spawned":[1,2,3,7,8,10,11,13,14,16,18,19,20,22,24,27,29,33,35,36,37],"seed_played":"3315008810718174180","killed_by":"Sphere and 2 Shapes","ascension_level":0,"is_trial":false}