{"gold_per_floor":[119,119,119,130,55,55,67,67,93,126,153,181,181,193,193,269,269,287,302,39,59,159,159,159],"floor_reached":24,"playtime":652,"items_purged":[],"score":458,"play_id":"3626c3be-f136-4d8d-9a48-a02263d3b489","local_time":"20190313215646","is_ascension_mode":true,"campfire_choices":[{"data":"Bash","floor":6,"key":"SMITH"},{"data":"Whirlwind","floor":13,"key":"SMITH"},{"data":"Strike_R","floor":15,"key":"SMITH"},{"floor":23,"key":"REST"}],"neow_cost":"NONE","seed_source_timestamp":387505692665300,"circlet_count":0,"master_deck":["AscendersBane","Strike_R+1","Strike_R+1","Strike_R+1","Defend_R","Defend_R","Defend_R","Defend_R","Bash+1","Whirlwind+1","Impervious","Whirlwind+1","Offering","Body Slam","Inflame","Discovery","Spot Weakness","Shrug It Off"],"relics":["Mark of Pain","Oddly Smooth Stone","Whetstone","Odd Mushroom","Paper Frog","Sozu","Bag of Preparation","WingedGreaves","The Courier"],"potions_floor_usage":[10,12],"damage_taken":[{"damage":9,"enemies":"Jaw Worm","floor":1,"turns":4},{"damage":0,"enemies":"Small Slimes","floor":4,"turns":2},{"damage":0,"enemies":"2 Louse","floor":7,"turns":2},{"damage":8,"enemies":"Gremlin Nob","floor":10,"turns":3},{"damage":6,"enemies":"The Mushroom Lair","floor":11,"turns":3},{"damage":0,"enemies":"3 Sentries","floor":12,"turns":1},{"damage":0,"enemies":"Looter","floor":14,"turns":3},{"damage":44,"enemies":"Hexaghost","floor":16,"turns":11},{"damage":0,"enemies":"3 Byrds","floor":18,"turns":3},{"damage":15,"enemies":"Shell Parasite","floor":19,"turns":2},{"damage":0,"enemies":"Snake Plant","floor":21,"turns":2},{"damage":15,"enemies":"Colosseum Slavers","floor":22,"turns":2},{"damage":7,"enemies":"Colosseum Nobs","floor":22,"turns":2},{"damage":36,"enemies":"Slavers","floor":24,"turns":3}],"seed_played":"-8522415923914623181","potions_obtained":[{"floor":1,"key":"GamblersBrew"},{"floor":7,"key":"Energy Potion"},{"floor":10,"key":"FairyPotion"},{"floor":16,"key":"SpeedPotion"}],"is_trial":false,"path_per_floor":["M","?","?","M","?","R","M","?","T","E","?","E","R","M","R","B",null,"M","M","$","M","?","R","E"],"character_chosen":"IRONCLAD","items_purchased":["Bag of Preparation","Discovery"],"campfire_rested":1,"item_purchase_floors":[20,20],"current_hp_per_floor":[59,59,52,52,52,52,52,52,52,44,38,38,38,38,38,7,58,58,43,43,43,21,43,7],"gold":159,"neow_bonus":"BOSS_RELIC","is_prod":false,"is_daily":false,"chose_seed":false,"campfire_upgraded":3,"win_rate":0,"timestamp":1552481806,"path_taken":["M","?","?","M","?","R","?","?","T","E","?","E","R","M","R","BOSS","M","M","$","M","?","R","E"],"build_version":"2019-01-23","purchased_purges":0,"victory":false,"max_hp_per_floor":[75,75,75,75,75,75,75,75,75,75,75,75,75,75,75,75,75,75,75,75,75,75,75,75],"card_choices":[{"not_picked":["Entrench","Headbutt"],"picked":"Whirlwind","floor":1},{"not_picked":["Searing Blow","Blood for Blood","Twin Strike"],"picked":"SKIP","floor":4},{"not_picked":["Warcry","Twin Strike","Hemokinesis"],"picked":"SKIP","floor":7},{"not_picked":["Armaments","Thunderclap","Sword Boomerang"],"picked":"SKIP","floor":10},{"not_picked":["Havoc","Flex"],"picked":"Impervious","floor":11},{"not_picked":["Blood for Blood","True Grit"],"picked":"Whirlwind","floor":12},{"not_picked":["Anger","Sword Boomerang","Heavy Blade"],"picked":"SKIP","floor":14},{"not_picked":["Impervious","Dark Embrace"],"picked":"Offering","floor":16},{"not_picked":["Perfected Strike+1","Thunderclap"],"picked":"Body Slam","floor":18},{"not_picked":["Body Slam","Anger+1"],"picked":"Inflame","floor":19},{"not_picked":["Havoc","Dual Wield"],"picked":"Spot Weakness","floor":21},{"not_picked":["Anger+1","Uppercut"],"picked":"Shrug It Off","floor":22}],"player_experience":2250643,"relics_obtained":[{"floor":9,"key":"Oddly Smooth Stone"},{"floor":10,"key":"Whetstone"},{"floor":11,"key":"Odd Mushroom"},{"floor":12,"key":"Paper Frog"},{"floor":22,"key":"WingedGreaves"},{"floor":22,"key":"The Courier"}],"event_choices":[{"damage_healed":0,"gold_gain":0,"player_choice":"Grow","damage_taken":0,"max_hp_gain":0,"max_hp_loss":0,"event_name":"Living Wall","floor":2,"gold_loss":0,"cards_upgraded":["Whirlwind"]},{"cards_removed":["Strike_R"],"damage_healed":0,"gold_gain":0,"player_choice":"Card Removal","damage_taken":7,"max_hp_gain":0,"max_hp_loss":0,"event_name":"Golden Wing","floor":3,"gold_loss":0},{"cards_removed":["Strike_R"],"damage_healed":0,"gold_gain":0,"player_choice":"Card Removal","damage_taken":0,"max_hp_gain":0,"max_hp_loss":0,"event_name":"The Cleric","floor":5,"gold_loss":75},{"damage_healed":0,"gold_gain":0,"player_choice":"Ignored","damage_taken":0,"max_hp_gain":0,"max_hp_loss":0,"event_name":"Liars Game","floor":8,"gold_loss":0},{"damage_healed":0,"gold_gain":0,"player_choice":"Fought Mushrooms","damage_taken":0,"max_hp_gain":0,"max_hp_loss":0,"event_name":"Mushrooms","floor":11,"gold_loss":0},{"damage_healed":0,"gold_gain":0,"player_choice":"Fight","damage_taken":0,"max_hp_gain":0,"max_hp_loss":0,"event_name":"Colosseum","floor":22,"gold_loss":0},{"damage_healed":0,"gold_gain":0,"player_choice":"Fought Nobs","damage_taken":0,"max_hp_gain":0,"max_hp_loss":0,"event_name":"Colosseum","floor":22,"gold_loss":0}],"is_beta":false,"boss_relics":[{"not_picked":["Pandora\u0027s Box","Lizard Tail"],"picked":"Sozu"}],"items_purged_floors":[],"is_endless":false,"potions_floor_spawned":[1,7,10,16,19,22],"killed_by":"Slavers","ascension_level":20}