{"gold_per_floor":[110,25,25,37,2,2,35,35,82,96,128,128,157,189,189,189],"floor_reached":16,"playtime":299,"items_purged":[],"score":282,"play_id":"12a41093-795f-4e85-8ff8-417d95d94aab","local_time":"20190414134640","is_ascension_mode":true,"campfire_choices":[{"data":"Inflame","floor":6,"key":"SMITH"},{"data":"Bash","floor":8,"key":"SMITH"},{"floor":15,"key":"REST"}],"neow_cost":"NONE","seed_source_timestamp":180789587069800,"circlet_count":0,"master_deck":["AscendersBane","Strike_R","Strike_R","Strike_R","Strike_R","Defend_R","Defend_R","Defend_R","Defend_R","Bash+1","Ghostly Armor","Inflame+1","Sentinel","Sword Boomerang","Metallicize"],"relics":["Burning Blood","NeowsBlessing","Ornamental Fan","Blood Vial","Girya","Odd Mushroom","Boot"],"potions_floor_usage":[11,13,14],"damage_taken":[{"damage":0,"enemies":"Small Slimes","floor":1,"turns":2},{"damage":0,"enemies":"Jaw Worm","floor":4,"turns":1},{"damage":0,"enemies":"Lagavulin","floor":7,"turns":1},{"damage":4,"enemies":"2 Louse","floor":10,"turns":3},{"damage":31,"enemies":"Gremlin Nob","floor":11,"turns":4},{"damage":32,"enemies":"The Mushroom Lair","floor":13,"turns":5},{"damage":26,"enemies":"3 Sentries","floor":14,"turns":10},{"damage":38,"enemies":"The Guardian","floor":16,"turns":8}],"seed_played":"2379976921852713007","potions_obtained":[{"floor":1,"key":"Block Potion"},{"floor":4,"key":"Regen Potion"},{"floor":10,"key":"Fire Potion"},{"floor":13,"key":"SkillPotion"}],"is_trial":false,"path_per_floor":["M","$","?","M","?","R","E","R","T","M","E","?","?","E","R","B"],"character_chosen":"IRONCLAD","items_purchased":["Inflame"],"campfire_rested":1,"item_purchase_floors":[2],"current_hp_per_floor":[74,74,74,75,75,75,75,75,75,75,50,55,31,13,37,1],"gold":189,"neow_bonus":"THREE_ENEMY_KILL","is_prod":false,"is_daily":false,"chose_seed":false,"campfire_upgraded":2,"win_rate":0,"timestamp":1555217200,"path_taken":["M","$","?","M","?","R","E","R","T","M","E","?","?","E","R","BOSS"],"build_version":"2019-01-23","purchased_purges":0,"victory":false,"max_hp_per_floor":[75,75,75,75,75,75,75,75,75,75,75,80,80,80,80,80],"card_choices":[{"not_picked":["Sword Boomerang","Armaments"],"picked":"Ghostly Armor","floor":1},{"not_picked":["Heavy Blade","Rage","Power Through"],"picked":"SKIP","floor":4},{"not_picked":["Twin Strike","Sword Boomerang","Rage"],"picked":"SKIP","floor":7},{"not_picked":["Twin Strike","Rage"],"picked":"Sword Boomerang","floor":7},{"not_picked":["Body Slam","Berserk","Sever Soul"],"picked":"SKIP","floor":10},{"not_picked":["Body Slam","Berserk","Sever Soul"],"picked":"SKIP","floor":10},{"not_picked":["Clothesline","Warcry","Clash"],"picked":"SKIP","floor":11},{"not_picked":["Metallicize","Flex","Combust"],"picked":"SKIP","floor":14},{"not_picked":["Flex","Combust"],"picked":"Metallicize","floor":14}],"player_experience":3123599,"relics_obtained":[{"floor":7,"key":"Ornamental Fan"},{"floor":9,"key":"Blood Vial"},{"floor":11,"key":"Girya"},{"floor":13,"key":"Odd Mushroom"},{"floor":14,"key":"Boot"}],"event_choices":[{"damage_healed":0,"gold_gain":0,"cards_transformed":["Strike_R"],"player_choice":"Change","damage_taken":0,"max_hp_gain":0,"max_hp_loss":0,"event_name":"Living Wall","floor":3,"gold_loss":0,"cards_obtained":["Sentinel"]},{"damage_healed":18,"gold_gain":0,"player_choice":"Healed","damage_taken":0,"max_hp_gain":0,"max_hp_loss":0,"event_name":"The Cleric","floor":5,"gold_loss":35},{"damage_healed":0,"gold_gain":0,"player_choice":"Donut","damage_taken":0,"max_hp_gain":5,"max_hp_loss":0,"event_name":"Big Fish","floor":12,"gold_loss":0},{"damage_healed":0,"gold_gain":0,"player_choice":"Fought Mushrooms","damage_taken":0,"max_hp_gain":0,"max_hp_loss":0,"event_name":"Mushrooms","floor":13,"gold_loss":0}],"is_beta":false,"boss_relics":[],"items_purged_floors":[],"is_endless":false,"potions_floor_spawned":[1,4,10,13],"killed_by":"The Guardian","ascension_level":20}