{"gold_per_floor":[117,117,39,39,49,79,229,229,229,229,53,85,36,62,62,135,135,149,149,168,33,45,45,62,62],"floor_reached":25,"playtime":1399,"items_purged":["Doubt"],"score":507,"play_id":"b78183da-b270-4177-adfc-db39ba4bab00","local_time":"20190405202957","is_ascension_mode":true,"campfire_choices":[{"data":"Buffer","floor":8,"key":"SMITH"},{"floor":10,"key":"REST"},{"floor":15,"key":"REST"},{"floor":23,"key":"REST"}],"neow_cost":"NONE","seed_source_timestamp":1919293602682187,"circlet_count":0,"master_deck":["AscendersBane","Strike_B+1","Strike_B+1","Strike_B+1","Strike_B+1","Defend_B+1","Defend_B+1","Defend_B+1","Defend_B+1","Zap","Dualcast+1","Ball Lightning","Loop","Streamline","Buffer+1","Hello World","Redo","Conserve Battery","Amplify","Cold Snap","Auto Shields","Heatsinks","Biased Cognition","Melter"],"relics":["Cracked Core","NeowsBlessing","Regal Pillow","War Paint","Unceasing Top","Potion Belt","Nuclear Battery"],"potions_floor_usage":[12,14,18,18,22,22,25,25],"damage_taken":[{"damage":0,"enemies":"Jaw Worm","floor":1,"turns":1},{"damage":0,"enemies":"Small Slimes","floor":5,"turns":1},{"damage":0,"enemies":"Gremlin Nob","floor":6,"turns":1},{"damage":0,"enemies":"Lagavulin","floor":12,"turns":5},{"damage":20,"enemies":"3 Sentries","floor":14,"turns":6},{"damage":35,"enemies":"Slime Boss","floor":16,"turns":11},{"damage":20,"enemies":"3 Byrds","floor":18,"turns":6},{"damage":0,"enemies":"Spheric Guardian","floor":20,"turns":3},{"damage":16,"enemies":"Snake Plant","floor":22,"turns":4},{"damage":14,"enemies":"Centurion and Healer","floor":24,"turns":13},{"damage":55,"enemies":"Gremlin Leader","floor":25,"turns":8}],"seed_played":"-4691781081558266200","potions_obtained":[{"floor":12,"key":"AttackPotion"},{"floor":14,"key":"Block Potion"},{"floor":16,"key":"FearPotion"},{"floor":18,"key":"Weak Potion"},{"floor":22,"key":"Weak Potion"},{"floor":24,"key":"Weak Potion"}],"is_trial":false,"path_per_floor":["M","?","$","?","M","E","?","R","T","R","$","E","?","E","R","B",null,"M","?","M","$","M","R","M","E"],"character_chosen":"DEFECT","items_purchased":["Loop","Hello World","AttackPotion","Heatsinks","Fire Potion"],"campfire_rested":3,"item_purchase_floors":[3,11,11,21,21],"current_hp_per_floor":[64,64,64,64,64,64,64,64,64,71,71,71,71,51,71,36,62,42,42,42,42,26,62,48,0],"gold":62,"neow_bonus":"THREE_ENEMY_KILL","is_prod":false,"is_daily":false,"chose_seed":false,"campfire_upgraded":1,"win_rate":0,"timestamp":1554485397,"path_taken":["M","?","$","?","?","E","?","R","T","R","?","E","?","E","R","BOSS","M","?","M","$","M","R","M","E"],"build_version":"2019-01-23","purchased_purges":1,"victory":false,"max_hp_per_floor":[71,71,71,71,71,71,71,71,71,71,71,71,71,71,71,71,71,71,71,71,71,71,71,71,71],"card_choices":[{"not_picked":["Stack","Beam Cell"],"picked":"Ball Lightning","floor":1},{"not_picked":["Go for the Eyes","Sweeping Beam"],"picked":"Streamline","floor":5},{"not_picked":["FTL","Seek"],"picked":"Buffer","floor":6},{"not_picked":["Reinforced Body","Reprogram"],"picked":"Redo","floor":12},{"not_picked":["Turbo","Coolheaded"],"picked":"Conserve Battery","floor":14},{"not_picked":["Thunder Strike","Core Surge"],"picked":"Amplify","floor":16},{"not_picked":["Chaos","FTL"],"picked":"Cold Snap","floor":18},{"not_picked":["Turbo+1","Sweeping Beam"],"picked":"Auto Shields","floor":20},{"not_picked":["Rebound","Leap"],"picked":"Biased Cognition","floor":22},{"not_picked":["Streamline","Steam"],"picked":"Melter","floor":24}],"player_experience":1174858,"relics_obtained":[{"floor":6,"key":"Regal Pillow"},{"floor":9,"key":"War Paint"},{"floor":12,"key":"Unceasing Top"},{"floor":14,"key":"Potion Belt"}],"event_choices":[{"damage_healed":0,"gold_gain":0,"player_choice":"Ignored","damage_taken":0,"max_hp_gain":0,"max_hp_loss":0,"event_name":"Shining Light","floor":2,"gold_loss":0},{"damage_healed":0,"gold_gain":0,"player_choice":"Ignored","damage_taken":0,"max_hp_gain":0,"max_hp_loss":0,"event_name":"Golden Wing","floor":4,"gold_loss":0},{"damage_healed":0,"gold_gain":150,"player_choice":"AGREE","damage_taken":0,"max_hp_gain":0,"max_hp_loss":0,"event_name":"Liars Game","floor":7,"gold_loss":0,"cards_obtained":["Doubt"]},{"damage_healed":0,"gold_gain":0,"player_choice":"Left Gold","damage_taken":0,"max_hp_gain":0,"max_hp_loss":0,"event_name":"World of Goop","floor":13,"gold_loss":49},{"damage_healed":0,"gold_gain":0,"player_choice":"Simplicity","damage_taken":0,"max_hp_gain":0,"max_hp_loss":0,"event_name":"Back to Basics","floor":19,"gold_loss":0,"cards_upgraded":["Strike_B","Strike_B","Strike_B","Strike_B","Defend_B","Defend_B","Defend_B"]}],"is_beta":false,"boss_relics":[{"not_picked":["FrozenCore","Empty Cage"],"picked":"Nuclear Battery"}],"items_purged_floors":[11],"is_endless":false,"potions_floor_spawned":[12,14,16,18,22,24],"killed_by":"Gremlin Leader","ascension_level":18}