{"gold_per_floor":[112,112,22,40,58,86,86,103,103,103],"floor_reached":10,"playtime":190,"items_purged":[],"score":136,"play_id":"83179c25-407b-4ba9-a2e7-c3e0b90a2de5","local_time":"20190309161752","is_ascension_mode":true,"campfire_choices":[{"data":"Streamline","floor":7,"key":"SMITH"}],"neow_cost":"NONE","seed_source_timestamp":22035213346800,"circlet_count":0,"master_deck":["AscendersBane","Strike_B","Strike_B","Strike_B","Strike_B","Defend_B","Defend_B","Defend_B","Zap","Dualcast","Coolheaded","Amplify","Discovery","Gash","Streamline+1","BootSequence"],"relics":["Cracked Core","NeowsBlessing","Kunai","Question Card"],"potions_floor_usage":[10],"damage_taken":[{"damage":0,"enemies":"Small Slimes","floor":1,"turns":1},{"damage":0,"enemies":"Cultist","floor":4,"turns":1},{"damage":0,"enemies":"Jaw Worm","floor":5,"turns":1},{"damage":33,"enemies":"Lagavulin","floor":6,"turns":7},{"damage":13,"enemies":"Lots of Slimes","floor":8,"turns":4},{"damage":8,"enemies":"Gremlin Nob","floor":10,"turns":3}],"seed_played":"-1047999893803078657","potions_obtained":[{"floor":8,"key":"SkillPotion"}],"is_trial":false,"path_per_floor":["M","?","$","M","M","E","R","M","T","E"],"character_chosen":"DEFECT","items_purchased":["Discovery"],"campfire_rested":0,"item_purchase_floors":[3],"current_hp_per_floor":[64,64,64,64,64,31,31,18,18,10],"gold":103,"neow_bonus":"THREE_ENEMY_KILL","is_prod":false,"is_daily":false,"chose_seed":false,"campfire_upgraded":1,"win_rate":0,"timestamp":1552115872,"path_taken":["M","?","$","M","?","E","R","M","T","E"],"build_version":"2019-01-23","purchased_purges":0,"victory":false,"max_hp_per_floor":[71,71,71,71,71,71,71,71,71,71],"card_choices":[{"not_picked":["Redo","Go for the Eyes"],"picked":"Coolheaded","floor":1},{"not_picked":["Rebound","Auto Shields"],"picked":"Gash","floor":4},{"not_picked":["Hyperbeam","Conserve Battery"],"picked":"Streamline","floor":5},{"not_picked":["Chaos","Beam Cell"],"picked":"BootSequence","floor":6},{"not_picked":["Sweeping Beam","Ball Lightning","Leap"],"picked":"SKIP","floor":8}],"player_experience":2095483,"relics_obtained":[{"floor":6,"key":"Kunai"},{"floor":9,"key":"Question Card"}],"event_choices":[{"damage_healed":0,"gold_gain":0,"cards_transformed":["Defend_B"],"player_choice":"Transformed","damage_taken":0,"max_hp_gain":0,"max_hp_loss":0,"event_name":"Transmorgrifier","floor":2,"gold_loss":0,"cards_obtained":["Amplify"]}],"is_beta":false,"boss_relics":[],"items_purged_floors":[],"is_endless":false,"potions_floor_spawned":[8],"killed_by":"Gremlin Nob","ascension_level":20}