{"path_per_floor":["M","?","?","M","M","E","M","E","T","R","M","E","R","M","R","B",null,"M","?","?","$","M","R","E","M","T","E","$"],"character_chosen":"THE_SILENT","items_purchased":["Footwork","Panache","Infinite Blades"],"gold_per_floor":[115,115,115,135,156,192,216,252,277,277,291,331,331,354,354,473,473,487,487,402,58,74,74,103,113,139,164,34],"floor_reached":29,"campfire_rested":0,"playtime":3222,"current_hp_per_floor":[51,51,48,46,43,47,47,42,42,42,42,33,33,33,33,24,65,46,46,56,56,56,56,47,47,47,27,27],"items_purged":["Doubt","Strike_G"],"gold":34,"score":283,"play_id":"74991bea-920b-4ee8-81a4-8ad6495e2471","is_prod":false,"is_daily":false,"is_ascension_mode":false,"campfire_upgraded":4,"path_taken":["M","?","?","M","M","E","M","E","T","R","M","E","R","M","R","BOSS","M","?","?","$","M","R","E","?","T","E","$","?"],"build_version":"2018-02-15-BETA1","purchased_purges":2,"victory":false,"master_deck":["Defend_G","Defend_G+1","Defend_G","Defend_G+1","Strike_G+1","Strike_G","Strike_G","Survivor","Neutralize+1","Phantasmal Killer","Bullet Time+1","Finisher+1","Terror","Dash","After Image+1","Backflip","Leg Sweep","Blur","Predator","A Thousand Cuts+1","Footwork","Panache","Footwork+1","Die Die Die","Escape Plan","Well Laid Plans+1","Infinite Blades"],"max_hp_per_floor":[70,65,65,65,65,65,65,65,65,65,65,65,65,65,65,65,65,65,65,75,75,75,75,75,75,75,75,75],"relics":["Ring of the Snake","War Paint","Lantern","Unceasing Top","Orichalcum","Mercury Hourglass","Question Card","Nloth\u0027s Gift","Pear","Smiling Mask","Bag of Preparation","Whetstone"],"card_choices":[{"not_picked":["Outmaneuver","Escape Plan"],"picked":"Finisher"},{"not_picked":["PiercingWail","Outmaneuver"],"picked":"Terror"},{"not_picked":["Heel Hook","Backflip"],"picked":"Dash"},{"not_picked":["Terror","Phantasmal Killer"],"picked":"After Image"},{"not_picked":["Quick Slash","Blade Dance"],"picked":"Backflip"},{"not_picked":["Dagger Throw","Distraction"],"picked":"Leg Sweep"},{"not_picked":["All Out Attack","Dodge and Roll"],"picked":"Blur"},{"not_picked":["Distraction","Acrobatics"],"picked":"Predator"},{"not_picked":["Burst","Bullet Time"],"picked":"A Thousand Cuts"},{"not_picked":["All Out Attack","Deadly Poison","Dagger Spray"],"picked":"Footwork"},{"not_picked":["Poisoned Stab","Quick Slash","Masterful Stab"],"picked":"Die Die Die"},{"not_picked":["Deflect","Sucker Punch","Dodge and Roll"],"picked":"Escape Plan"},{"not_picked":["Sucker Punch","Flechettes","Masterful Stab"],"picked":"Well Laid Plans"}],"player_experience":39404,"potions_floor_usage":[6,8,12,24,25],"damage_taken":[{"damage":19,"enemies":"Cultist","floor":1,"turns":6},{"damage":2,"enemies":"Small Slimes","floor":4,"turns":3},{"damage":3,"enemies":"Jaw Worm","floor":5,"turns":3},{"damage":11,"enemies":"3 Sentries","floor":6,"turns":10},{"damage":0,"enemies":"3 Louse","floor":7,"turns":2},{"damage":5,"enemies":"Lagavulin","floor":8,"turns":9},{"damage":0,"enemies":"Exordium Wildlife","floor":11,"turns":3},{"damage":9,"enemies":"3 Sentries","floor":12,"turns":14},{"damage":0,"enemies":"Looter","floor":14,"turns":4},{"damage":9,"enemies":"Hexaghost","floor":16,"turns":11},{"damage":19,"enemies":"Spheric Guardian","floor":18,"turns":8},{"damage":0,"enemies":"Shell Parasite","floor":22,"turns":8},{"damage":9,"enemies":"Gremlin Leader","floor":24,"turns":8},{"damage":0,"enemies":"Snecko","floor":25,"turns":7},{"damage":20,"enemies":"Book of Stabbing","floor":27,"turns":6},{"damage":30,"enemies":"Masked Bandits","floor":29,"turns":3}],"event_choices":[{"event_name":"Golden Idol","player_choice":"Lose Max HP","floor":2,"damage_taken":0},{"event_name":"Scrap Ooze","player_choice":"success","floor":3,"damage_taken":3},{"event_name":"N\u0027loth","player_choice":"Traded a Golden Idol","floor":19,"damage_taken":0},{"event_name":"Addict","player_choice":"Obtained Relic","floor":20,"damage_taken":0},{"event_name":"Masked Bandits","player_choice":"Fought over 34 gold","floor":29,"damage_taken":0}],"boss_relics":[{"not_picked":["Orrery","Eternal Feather"],"picked":"Question Card"}],"potions_floor_spawned":[4,6,7,14,22,24],"seed_played":"-2150088655353155862","killed_by":"Masked Bandits","ascension_level":0,"is_trial":false}