{"gold_per_floor":[16,116,131,146,162,192,192,204,253,253,273,273,304,320,320,320],"floor_reached":16,"playtime":407,"items_purged":[],"score":228,"play_id":"afc76932-85c5-49c6-ba97-66089bc114e1","local_time":"20190318122814","is_ascension_mode":true,"campfire_choices":[{"data":"Zap","floor":7,"key":"SMITH"},{"data":"Dualcast","floor":10,"key":"SMITH"},{"data":"Capacitor","floor":12,"key":"SMITH"},{"data":"Fission","floor":15,"key":"SMITH"}],"neow_cost":"NO_GOLD","seed_source_timestamp":92242034507900,"circlet_count":0,"master_deck":["AscendersBane","Strike_B","Strike_B","Strike_B","Strike_B","Defend_B","Defend_B","Defend_B","Defend_B","Zap+1","Dualcast+1","Core Surge","Ball Lightning","Ball Lightning","Capacitor+1","Fission+1"],"relics":["Cracked Core","Meat on the Bone","Blood Vial","Singing Bowl"],"potions_floor_usage":[6,16,16],"damage_taken":[{"damage":3,"enemies":"2 Louse","floor":1,"turns":3},{"damage":0,"enemies":"Cultist","floor":3,"turns":2},{"damage":12,"enemies":"Jaw Worm","floor":4,"turns":3},{"damage":6,"enemies":"Blue Slaver","floor":5,"turns":3},{"damage":14,"enemies":"3 Sentries","floor":6,"turns":7},{"damage":9,"enemies":"Red Slaver","floor":8,"turns":3},{"damage":17,"enemies":"3 Louse","floor":11,"turns":3},{"damage":8,"enemies":"Gremlin Nob","floor":13,"turns":3},{"damage":24,"enemies":"Exordium Thugs","floor":14,"turns":5},{"damage":31,"enemies":"Hexaghost","floor":16,"turns":9}],"seed_played":"2236303743183518935","potions_obtained":[{"floor":3,"key":"SkillPotion"},{"floor":5,"key":"Ancient Potion"},{"floor":8,"key":"SkillPotion"},{"floor":11,"key":"Energy Potion"}],"is_trial":false,"path_per_floor":["M","?","M","M","M","E","R","M","T","R","M","R","E","M","R","B"],"character_chosen":"DEFECT","items_purchased":[],"campfire_rested":0,"item_purchase_floors":[],"current_hp_per_floor":[61,61,61,49,43,29,29,32,32,32,29,29,35,27,27,0],"gold":320,"neow_bonus":"THREE_RARE_CARDS","is_prod":false,"is_daily":false,"chose_seed":false,"campfire_upgraded":4,"win_rate":0,"timestamp":1552879694,"path_taken":["M","?","?","?","M","E","R","M","T","R","M","R","E","M","R","BOSS"],"build_version":"2019-01-23","purchased_purges":0,"victory":false,"max_hp_per_floor":[71,71,71,71,71,71,71,71,71,71,71,71,71,73,73,73],"card_choices":[{"not_picked":["Seek","Machine Learning"],"picked":"Core Surge","floor":0},{"not_picked":["Gash","Undo"],"picked":"Ball Lightning","floor":1},{"not_picked":["Rebound","Beam Cell","Skim"],"picked":"SKIP","floor":3},{"not_picked":["Skim","Blizzard"],"picked":"Ball Lightning","floor":4},{"not_picked":["Streamline","Leap","Steam"],"picked":"SKIP","floor":5},{"not_picked":["Gash","Darkness","Ball Lightning"],"picked":"SKIP","floor":6},{"not_picked":["Sweeping Beam","Leap","Gash"],"picked":"SKIP","floor":8},{"not_picked":["Stack","Sweeping Beam"],"picked":"Capacitor","floor":11},{"not_picked":["Sweeping Beam","Beam Cell"],"picked":"Fission","floor":13},{"not_picked":["Blizzard","Stack","Compile Driver"],"picked":"Singing Bowl","floor":14}],"player_experience":2341863,"relics_obtained":[{"floor":6,"key":"Meat on the Bone"},{"floor":9,"key":"Blood Vial"},{"floor":13,"key":"Singing Bowl"}],"event_choices":[{"damage_healed":0,"gold_gain":100,"player_choice":"Gold","damage_taken":0,"max_hp_gain":0,"max_hp_loss":0,"event_name":"Wheel of Change","floor":2,"gold_loss":0}],"is_beta":false,"boss_relics":[],"items_purged_floors":[],"is_endless":false,"potions_floor_spawned":[3,5,8,11],"killed_by":"Hexaghost","ascension_level":20}