{"gold_per_floor":[118,193,205,205,130,156,156,174,174,208,208,208,230,256,256,328,328,345,345,361,377,166,201,201,201,228,261,261,295,210,225,225,302,302,320,340,340,359,459,459,486,486,486,517,304,526,541,351,351,351,351,351,351,34,68,68],"floor_reached":57,"playtime":2538,"items_purged":["Strike_R","Strike_R","Strike_R","Bash"],"score":3049,"play_id":"530b163b-d9e3-4067-b3d3-8c3f4adf59f8","local_time":"20190417140231","is_ascension_mode":true,"campfire_choices":[{"data":"Whirlwind","floor":7.0,"key":"SMITH"},{"data":"Armaments","floor":15.0,"key":"SMITH"},{"floor":24.0,"key":"REST"},{"floor":28.0,"key":"REST"},{"floor":32.0,"key":"REST"},{"data":"Feel No Pain","floor":40.0,"key":"SMITH"},{"floor":49.0,"key":"RECALL"},{"data":"Offering","floor":53.0,"key":"SMITH"}],"neow_cost":"NONE","seed_source_timestamp":120441949819800,"circlet_count":0,"master_deck":["AscendersBane","Defend_R","Defend_R","Defend_R","Defend_R","Spot Weakness","Whirlwind+1","Juggernaut","Body Slam+1","Armaments+1","Twin Strike+1","Offering+1","Ghostly Armor","Feel No Pain+1","Shrug It Off","Battle Trance+1","Exhume","Shrug It Off","Offering","Reaper+1","Dual Wield","Burning Pact","Dual Wield+1"],"special_seed":0,"relics":["Burning Blood","NeowsBlessing","Molten Egg 2","Pear","Anchor","Self Forming Clay","Ornamental Fan","Odd Mushroom","Mummified Hand","Black Star","Strawberry","Oddly Smooth Stone","Enchiridion","Bag of Marbles","Smiling Mask","Singing Bowl","Red Mask","Pocketwatch","Runic Dome","Ice Cream","Omamori","Bronze Scales","Mercury Hourglass","Juzu Bracelet","Potion Belt","Sundial","Champion Belt","Happy Flower"],"potions_floor_usage":[56,56,56],"damage_taken":[{"damage":0.0,"enemies":"Jaw Worm","floor":1.0,"turns":1.0},{"damage":0.0,"enemies":"Small Slimes","floor":3.0,"turns":1.0},{"damage":0.0,"enemies":"3 Sentries","floor":6.0,"turns":2.0},{"damage":0.0,"enemies":"2 Louse","floor":8.0,"turns":1.0},{"damage":43.0,"enemies":"Lagavulin","floor":10.0,"turns":9.0},{"damage":0.0,"enemies":"The Mushroom Lair","floor":13.0,"turns":2.0},{"damage":15.0,"enemies":"3 Sentries","floor":14.0,"turns":3.0},{"damage":9.0,"enemies":"Hexaghost","floor":16.0,"turns":7.0},{"damage":14.0,"enemies":"Spheric Guardian","floor":18.0,"turns":4.0},{"damage":21.0,"enemies":"Shell Parasite","floor":20.0,"turns":5.0},{"damage":11.0,"enemies":"Centurion and Healer","floor":21.0,"turns":5.0},{"damage":14.0,"enemies":"Gremlin Leader","floor":23.0,"turns":4.0},{"damage":6.0,"enemies":"Slavers","floor":27.0,"turns":3.0},{"damage":6.0,"enemies":"Masked Bandits","floor":29.0,"turns":2.0},{"damage":8.0,"enemies":"3 Cultists","floor":31.0,"turns":3.0},{"damage":22.0,"enemies":"Champ","floor":33.0,"turns":10.0},{"damage":6.0,"enemies":"3 Shapes","floor":35.0,"turns":1.0},{"damage":6.0,"enemies":"Orb Walker","floor":36.0,"turns":3.0},{"damage":18.0,"enemies":"Writhing Mass","floor":38.0,"turns":3.0},{"damage":12.0,"enemies":"Mind Bloom Boss Battle","floor":39.0,"turns":2.0},{"damage":27.0,"enemies":"Giant Head","floor":41.0,"turns":5.0},{"damage":21.0,"enemies":"Nemesis","floor":44.0,"turns":5.0},{"damage":6.0,"enemies":"4 Shapes","floor":47.0,"turns":1.0},{"damage":25.0,"enemies":"Donu and Deca","floor":50.0,"turns":8.0},{"damage":52.0,"enemies":"Time Eater","floor":51.0,"turns":8.0},{"damage":116.0,"enemies":"Shield and Spear","floor":55.0,"turns":8.0},{"damage":46,"enemies":"The Heart","floor":56,"turns":8}],"seed_played":"4774704656811889025","potions_obtained":[{"floor":3.0,"key":"PowerPotion"},{"floor":6.0,"key":"Ancient Potion"},{"floor":18.0,"key":"Energy Potion"},{"floor":20.0,"key":"SteroidPotion"},{"floor":23.0,"key":"Ancient Potion"},{"floor":33.0,"key":"Weak Potion"},{"floor":44.0,"key":"Swift Potion"}],"is_trial":false,"path_per_floor":["M","?","M","?","?","E","R","M","T","E","?","T","?","E","R","B",null,"M","?","M","M","$","E","R","?","T","E","R","?","?","M","R","B",null,"M","M","?","M","?","R","E","?","T","E","$","?","M","$","R","B","B",null,"R","$","E","B",null],"character_chosen":"IRONCLAD","items_purchased":["Feel No Pain","Shrug It Off","Potion Belt","Dexterity Potion","GamblersBrew","Sundial"],"campfire_rested":3,"item_purchase_floors":[22,22,45,48,48,54],"current_hp_per_floor":[74,63,69,69,69,75,75,75,85,48,22,22,28,19,19,16,68,60,35,20,15,15,14,43,22,22,24,53,55,55,55,85,69,95,97,97,97,85,93,93,98,107,107,94,94,94,109,109,109,109,69,99,99,99,44,27],"gold":68,"neow_bonus":"THREE_ENEMY_KILL","is_prod":false,"is_daily":false,"chose_seed":false,"campfire_upgraded":4,"win_rate":0,"timestamp":1555477351,"path_taken":["M","?","M","?","?","E","R","?","T","E","?","?","?","E","R","BOSS","M","?","M","M","$","E","R","?","T","E","R","?","?","M","R","BOSS","M","M","?","?","?","R","E","?","T","E","$","?","M","$","R","BOSS","BOSS","R","$","E","BOSS"],"build_version":"2019-01-23","purchased_purges":4,"victory":true,"max_hp_per_floor":[75,75,75,75,75,75,75,75,85,85,85,85,85,85,85,85,85,85,90,90,90,90,97,97,97,97,99,99,101,101,103,103,103,103,105,105,105,105,107,107,107,107,107,109,109,109,109,109,109,109,109,109,109,109,109,109],"card_choices":[{"not_picked":["Clothesline","Body Slam"],"picked":"Spot Weakness","floor":1.0},{"not_picked":["Clash","Body Slam"],"picked":"Whirlwind","floor":3.0},{"not_picked":["Twin Strike","Seeing Red"],"picked":"Juggernaut","floor":6.0},{"not_picked":["Rupture","Headbutt+1","Combust"],"picked":"SKIP","floor":8.0},{"not_picked":["Bloodletting","Havoc"],"picked":"Body Slam+1","floor":10.0},{"not_picked":["Pommel Strike+1","Sever Soul+1"],"picked":"Armaments","floor":13.0},{"not_picked":["Power Through","Dropkick+1"],"picked":"Twin Strike+1","floor":14.0},{"not_picked":["Exhume","Berserk"],"picked":"Offering","floor":16.0},{"not_picked":["Bloodletting","Anger+1","Ghostly Armor"],"picked":"SKIP","floor":18.0},{"not_picked":["Bloodletting","Anger+1"],"picked":"Ghostly Armor","floor":18.0},{"not_picked":["Wild Strike+1","Body Slam+1","Twin Strike+1"],"picked":"SKIP","floor":20.0},{"not_picked":["Fire Breathing","Cleave+1","Clash+1"],"picked":"SKIP","floor":21.0},{"not_picked":["Inflame","Uppercut+1"],"picked":"Battle Trance+1","floor":23.0},{"not_picked":["Warcry","Havoc","Clash+1"],"picked":"Singing Bowl","floor":27.0},{"not_picked":["Flex","Perfected Strike+1","Clash+1"],"picked":"Singing Bowl","floor":29.0},{"not_picked":["Cleave+1","Havoc","Thunderclap+1"],"picked":"Singing Bowl","floor":31.0},{"not_picked":["Feed+1","Brutality"],"picked":"Exhume","floor":33.0},{"not_picked":["Perfected Strike+1","Flex","Body Slam+1"],"picked":"Singing Bowl","floor":35.0},{"not_picked":["Metallicize","Cleave+1"],"picked":"Shrug It Off","floor":36.0},{"not_picked":["Flame Barrier","Heavy Blade+1"],"picked":"Reaper+1","floor":38.0},{"not_picked":["Headbutt+1","Clash+1","Intimidate"],"picked":"Singing Bowl","floor":39.0},{"not_picked":["Flex","Rupture"],"picked":"Dual Wield","floor":41.0},{"not_picked":["Sentinel","Dual Wield","Iron Wave+1"],"picked":"Singing Bowl","floor":44.0},{"not_picked":["Wild Strike+1","Flex"],"picked":"Burning Pact","floor":47.0},{"not_picked":["Anger+1","Searing Blow+1"],"picked":"Dual Wield+1","floor":55.0}],"player_experience":3188704,"relics_obtained":[{"floor":6.0,"key":"Molten Egg 2"},{"floor":9.0,"key":"Pear"},{"floor":10.0,"key":"Anchor"},{"floor":12.0,"key":"Ornamental Fan"},{"floor":13.0,"key":"Odd Mushroom"},{"floor":14.0,"key":"Mummified Hand"},{"floor":23.0,"key":"Strawberry"},{"floor":23.0,"key":"Oddly Smooth Stone"},{"floor":25.0,"key":"Enchiridion"},{"floor":26.0,"key":"Bag of Marbles"},{"floor":27.0,"key":"Smiling Mask"},{"floor":27.0,"key":"Singing Bowl"},{"floor":29.0,"key":"Red Mask"},{"floor":39.0,"key":"Ice Cream"},{"floor":41.0,"key":"Omamori"},{"floor":41.0,"key":"Bronze Scales"},{"floor":44.0,"key":"Mercury Hourglass"},{"floor":44.0,"key":"Juzu Bracelet"},{"floor":55.0,"key":"Champion Belt"},{"floor":55.0,"key":"Happy Flower"}],"event_choices":[{"damage_healed":0.0,"max_hp_gain":0.0,"max_hp_loss":0.0,"gold_gain":75.0,"event_name":"World of Goop","player_choice":"Gather Gold","floor":2.0,"gold_loss":0.0,"damage_taken":11.0},{"cards_removed":["Strike_R"],"damage_healed":0.0,"max_hp_gain":0.0,"max_hp_loss":0.0,"gold_gain":0.0,"event_name":"Living Wall","player_choice":"Forget","floor":4.0,"gold_loss":0.0,"damage_taken":0.0},{"cards_removed":["Strike_R"],"damage_healed":0.0,"max_hp_gain":0.0,"max_hp_loss":0.0,"gold_gain":0.0,"event_name":"The Cleric","player_choice":"Card Removal","floor":5.0,"gold_loss":75.0,"damage_taken":0.0},{"damage_healed":0.0,"max_hp_gain":0.0,"max_hp_loss":0.0,"gold_gain":0.0,"event_name":"Scrap Ooze","player_choice":"Success","floor":11.0,"gold_loss":0.0,"damage_taken":26.0,"relics_obtained":["Self Forming Clay"]},{"damage_healed":0.0,"max_hp_gain":0.0,"max_hp_loss":0.0,"gold_gain":0.0,"event_name":"Mushrooms","player_choice":"Fought Mushrooms","floor":13.0,"gold_loss":0.0,"damage_taken":0.0},{"damage_healed":0.0,"max_hp_gain":5.0,"max_hp_loss":0.0,"gold_gain":0.0,"event_name":"Forgotten Altar","player_choice":"Shed Blood","floor":19.0,"gold_loss":0.0,"damage_taken":30.0},{"damage_healed":0.0,"max_hp_gain":0.0,"max_hp_loss":0.0,"gold_gain":0.0,"event_name":"Cursed Tome","player_choice":"Obtained Book","floor":25.0,"gold_loss":0.0,"damage_taken":21.0},{"damage_healed":0.0,"max_hp_gain":0.0,"max_hp_loss":0.0,"gold_gain":0.0,"event_name":"Masked Bandits","player_choice":"Fought Bandits","floor":29.0,"gold_loss":0.0,"damage_taken":0.0},{"damage_healed":0.0,"max_hp_gain":0.0,"max_hp_loss":0.0,"gold_gain":0.0,"event_name":"Addict","player_choice":"Obtained Relic","floor":30.0,"gold_loss":85.0,"damage_taken":0.0,"relics_obtained":["Pocketwatch"]},{"damage_healed":0.0,"max_hp_gain":0.0,"max_hp_loss":0.0,"gold_gain":0.0,"event_name":"Duplicator","player_choice":"Copied","floor":37.0,"gold_loss":0.0,"damage_taken":0.0,"cards_obtained":["Offering"]},{"damage_healed":0.0,"max_hp_gain":0.0,"max_hp_loss":0.0,"gold_gain":0.0,"event_name":"MindBloom","player_choice":"Fight","floor":39.0,"gold_loss":0.0,"damage_taken":0.0},{"damage_healed":21.0,"max_hp_gain":0.0,"max_hp_loss":0.0,"gold_gain":0.0,"event_name":"Winding Halls","player_choice":"Writhe","floor":42.0,"gold_loss":0.0,"damage_taken":0.0,"cards_obtained":["Writhe"]},{"damage_healed":0.0,"max_hp_gain":0.0,"max_hp_loss":0.0,"gold_gain":222.0,"event_name":"Tomb of Lord Red Mask","player_choice":"Wore Mask","floor":46.0,"gold_loss":0.0,"damage_taken":0.0}],"is_beta":false,"boss_relics":[{"not_picked":["Tiny House","Cursed Key"],"picked":"Black Star"},{"not_picked":["Orrery","Runic Cube"],"picked":"Runic Dome"}],"items_purged_floors":[22,45,48,54],"is_endless":false,"potions_floor_spawned":[3,6,13,14,18,20,23,33,35,44],"ascension_level":20}