{"gold_per_floor":[109,128,141,159,234,234,251,251,251,251,95,95,95,128,128,225,225,237,237,336,187,201,201,201],"floor_reached":24,"playtime":1069,"items_purged":["Strike_R","Strike_R"],"score":252,"play_id":"21a05051-3ed2-4e26-a53c-e7e896888c57","local_time":"20181220225242","is_ascension_mode":true,"campfire_choices":[{"data":"Bash","floor":6,"key":"SMITH"},{"data":"Whirlwind","floor":8,"key":"SMITH"},{"data":"Entrench","floor":10,"key":"SMITH"},{"floor":15,"key":"REST"},{"floor":23,"key":"REST"}],"neow_cost":"NONE","seed_source_timestamp":94910307147529,"circlet_count":0,"master_deck":["Strike_R","Strike_R","Defend_R","Defend_R","Defend_R","Bash+1","Forethought","Body Slam","Pommel Strike","Entrench+1","True Grit","Whirlwind+1","Inflame+1","Heavy Blade","Feed","Pommel Strike","Seeing Red"],"relics":["Burning Blood","Dodecahedron","Turnip","Blood Vial","Empty Cage"],"potions_floor_usage":[14,18,18],"damage_taken":[{"damage":0,"enemies":"2 Louse","floor":1,"turns":3},{"damage":0,"enemies":"Cultist","floor":2,"turns":4},{"damage":0,"enemies":"Small Slimes","floor":3,"turns":3},{"damage":0,"enemies":"Exordium Wildlife","floor":4,"turns":4},{"damage":19,"enemies":"2 Fungi Beasts","floor":7,"turns":5},{"damage":17,"enemies":"Lagavulin","floor":14,"turns":7},{"damage":55,"enemies":"Slime Boss","floor":16,"turns":8},{"damage":22,"enemies":"2 Thieves","floor":18,"turns":4},{"damage":49,"enemies":"Colosseum Slavers","floor":19,"turns":4},{"damage":13,"enemies":"Chosen","floor":22,"turns":5},{"damage":41,"enemies":"Book of Stabbing","floor":24,"turns":4}],"seed_played":"8560524486679942372","potions_obtained":[{"floor":1,"key":"Poison Potion"},{"floor":4,"key":"EssenceOfSteel"},{"floor":14,"key":"Explosive Potion"},{"floor":22,"key":"Explosive Potion"}],"is_trial":false,"path_per_floor":["M","M","M","M","?","R","M","R","T","R","$","T","?","E","R","B",null,"M","?","?","$","M","R","E"],"character_chosen":"IRONCLAD","items_purchased":["Inflame","SpeedPotion"],"campfire_rested":2,"item_purchase_floors":[11,21],"current_hp_per_floor":[78,80,80,80,72,72,59,59,59,59,59,59,59,48,72,25,66,52,14,14,14,12,37,0],"gold":201,"neow_bonus":"RANDOM_COLORLESS","is_prod":false,"is_daily":false,"chose_seed":false,"campfire_upgraded":3,"win_rate":0,"timestamp":1545364362,"path_taken":["M","M","M","M","?","R","M","R","T","R","$","?","?","E","R","BOSS","M","?","?","$","?","R","E"],"build_version":"2018-12-20","purchased_purges":2,"victory":false,"max_hp_per_floor":[80,80,80,80,80,80,80,80,80,80,80,80,80,80,80,80,80,80,83,83,83,86,86,86],"card_choices":[{"not_picked":["Blood for Blood","Clash"],"picked":"Body Slam","floor":1},{"not_picked":["Intimidate","Warcry"],"picked":"Pommel Strike","floor":2},{"not_picked":["Headbutt","Sentinel"],"picked":"Entrench","floor":3},{"not_picked":["Twin Strike","Sword Boomerang"],"picked":"True Grit","floor":4},{"not_picked":["Blood for Blood","Dropkick"],"picked":"Whirlwind","floor":7},{"not_picked":["Feel No Pain","Combust"],"picked":"Heavy Blade","floor":14},{"not_picked":["Double Tap","Barricade"],"picked":"Feed","floor":16},{"not_picked":["Warcry","Havoc"],"picked":"Pommel Strike","floor":18},{"not_picked":["Twin Strike","Clash"],"picked":"Seeing Red","floor":22}],"player_experience":147306,"relics_obtained":[{"floor":9,"key":"Dodecahedron"},{"floor":12,"key":"Turnip"},{"floor":14,"key":"Blood Vial"}],"event_choices":[{"damage_healed":0,"gold_gain":75,"player_choice":"Touch","damage_taken":8,"max_hp_gain":0,"max_hp_loss":0,"event_name":"FaceTrader","floor":5,"gold_loss":0},{"damage_healed":0,"gold_gain":0,"player_choice":"Grow","damage_taken":0,"max_hp_gain":0,"max_hp_loss":0,"event_name":"Living Wall","floor":13,"gold_loss":0,"cards_upgraded":["Inflame"]},{"damage_healed":0,"gold_gain":0,"player_choice":"Fight","damage_taken":0,"max_hp_gain":0,"max_hp_loss":0,"event_name":"Colosseum","floor":19,"gold_loss":0},{"damage_healed":0,"gold_gain":0,"player_choice":"Fled From Nobs","damage_taken":0,"max_hp_gain":0,"max_hp_loss":0,"event_name":"Colosseum","floor":19,"gold_loss":0},{"damage_healed":0,"gold_gain":99,"player_choice":"Stole From Cult","damage_taken":0,"max_hp_gain":0,"max_hp_loss":0,"event_name":"Nest","floor":20,"gold_loss":0}],"is_beta":false,"boss_relics":[{"not_picked":["Calling Bell","Lizard Tail"],"picked":"Empty Cage"}],"items_purged_floors":[11,21],"is_endless":false,"potions_floor_spawned":[1,4,14,19,22],"killed_by":"Book of Stabbing","ascension_level":6}