{"gold_per_floor":[112,125,125,142,154,154,188,208,231,250,300,300,3,22,22,97,97,111,111,124,52,52],"floor_reached":22,"playtime":1153,"items_purged":[],"score":329,"play_id":"b31014fc-6cbe-4048-9db9-a705c218499a","local_time":"20181124192730","is_ascension_mode":true,"campfire_choices":[{"data":"Ball Lightning","floor":6,"key":"SMITH"},{"floor":12,"key":"REST"},{"floor":15,"key":"REST"}],"neow_cost":"NONE","seed_source_timestamp":24250493361818,"circlet_count":0,"master_deck":["AscendersBane","Strike_B","Strike_B","Strike_B","Strike_B","Defend_B","Defend_B","Defend_B","Defend_B","Zap","Dualcast","Ball Lightning","Ball Lightning+1","Capacitor","Steam","Chrysalis","Buffer","Thunder Strike","Fission","Storm","Force Field","Fusion","Capacitor","Electrodynamics","Loop"],"relics":["Cracked Core","Vajra","Dream Catcher","Blood Vial","Orrery"],"potions_floor_usage":[5,7,8,20],"damage_taken":[{"damage":0,"enemies":"2 Louse","floor":1,"turns":2},{"damage":0,"enemies":"Small Slimes","floor":2,"turns":2},{"damage":1,"enemies":"Cultist","floor":4,"turns":3},{"damage":3,"enemies":"Looter","floor":5,"turns":2},{"damage":15,"enemies":"Lagavulin","floor":7,"turns":5},{"damage":27,"enemies":"Exordium Wildlife","floor":8,"turns":3},{"damage":2,"enemies":"2 Fungi Beasts","floor":10,"turns":3},{"damage":0,"enemies":"Blue Slaver","floor":14,"turns":3},{"damage":19,"enemies":"The Guardian","floor":16,"turns":9},{"damage":22,"enemies":"Spheric Guardian","floor":18,"turns":4},{"damage":17,"enemies":"2 Thieves","floor":20,"turns":3},{"damage":52,"enemies":"Masked Bandits","floor":22,"turns":3}],"seed_played":"-5174612746477366828","potions_obtained":[{"floor":1,"key":"SpeedPotion"},{"floor":4,"key":"Weak Potion"},{"floor":7,"key":"SteroidPotion"},{"floor":14,"key":"LiquidBronze"}],"is_trial":false,"path_per_floor":["M","M","?","M","M","R","E","M","T","M","?","R","$","M","R","B",null,"M","?","M","$","?"],"character_chosen":"DEFECT","items_purchased":["Chrysalis","Buffer","Fire Potion","Loop"],"campfire_rested":2,"item_purchase_floors":[13,13,13,21],"current_hp_per_floor":[64,64,69,68,65,65,50,23,23,23,23,45,45,47,69,52,70,50,50,35,35,0],"gold":52,"neow_bonus":"RANDOM_COMMON_RELIC","is_prod":false,"is_daily":false,"chose_seed":false,"campfire_upgraded":1,"win_rate":0,"timestamp":1543080450,"path_taken":["M","M","?","M","M","R","E","M","T","M","?","R","$","?","R","BOSS","M","?","M","$","?"],"build_version":"2018-11-15","purchased_purges":0,"victory":false,"max_hp_per_floor":[71,71,76,76,76,76,76,76,76,76,76,76,76,76,76,76,76,76,76,76,76,76],"card_choices":[{"not_picked":["Melter","Cold Snap"],"picked":"Ball Lightning","floor":1},{"not_picked":["Genetic Algorithm","Recycle","Turbo"],"picked":"SKIP","floor":2},{"not_picked":["Undo","Hello World"],"picked":"Ball Lightning","floor":4},{"not_picked":["Rebound","Gash"],"picked":"Capacitor","floor":5},{"not_picked":["Sweeping Beam","Steam Power","Compile Driver"],"picked":"SKIP","floor":7},{"not_picked":["Gash","Reprogram","Undo"],"picked":"SKIP","floor":8},{"not_picked":["Streamline","Redo"],"picked":"Steam","floor":10},{"not_picked":["Gash","Streamline"],"picked":"Thunder Strike","floor":14},{"not_picked":["Amplify","Core Surge"],"picked":"Fission","floor":16},{"not_picked":["Rebound","Undo"],"picked":"Storm","floor":17},{"not_picked":["Cold Snap","Stack"],"picked":"Force Field","floor":17},{"not_picked":["Turbo","Leap"],"picked":"Fusion","floor":17},{"not_picked":["Doom and Gloom","Coolheaded"],"picked":"Capacitor","floor":17},{"not_picked":["Streamline+1","Blizzard"],"picked":"Electrodynamics","floor":18},{"not_picked":["Leap","Sweeping Beam","Gash"],"picked":"SKIP","floor":20}],"player_experience":781290,"relics_obtained":[{"floor":7,"key":"Dream Catcher"},{"floor":9,"key":"Blood Vial"}],"event_choices":[{"damage_healed":0,"gold_gain":0,"player_choice":"Donut","damage_taken":0,"max_hp_gain":5,"max_hp_loss":0,"event_name":"Big Fish","floor":3,"gold_loss":0},{"damage_healed":0,"gold_gain":50,"player_choice":"Pray","damage_taken":0,"max_hp_gain":0,"max_hp_loss":0,"event_name":"Golden Shrine","floor":11,"gold_loss":0},{"damage_healed":0,"gold_gain":0,"player_choice":"Ignored","damage_taken":0,"max_hp_gain":0,"max_hp_loss":0,"event_name":"Beggar","floor":19,"gold_loss":0},{"damage_healed":0,"gold_gain":0,"player_choice":"Fought Bandits","damage_taken":0,"max_hp_gain":0,"max_hp_loss":0,"event_name":"Masked Bandits","floor":22,"gold_loss":0}],"is_beta":false,"boss_relics":[{"not_picked":["Runic Dome","White Beast Statue"],"picked":"Orrery"}],"items_purged_floors":[],"is_endless":false,"potions_floor_spawned":[1,4,7,14,16],"killed_by":"Masked Bandits","ascension_level":15}