{"gold_per_floor":[214,214,226,226,151,184,209,230,300,300,339,339,352,396,396,396,490,490,513,529,529,548,568,599,599,599,599,599],"floor_reached":28,"playtime":756,"items_purged":["Regret"],"score":766,"play_id":"0b969473-37b1-463b-9869-e6b682753ca1","local_time":"20190408021453","is_ascension_mode":true,"campfire_choices":[{"data":"Fission","floor":12.0,"key":"SMITH"},{"data":"Consume","floor":16.0,"key":"SMITH"},{"data":"Blizzard","floor":25,"key":"SMITH"}],"neow_cost":"NONE","seed_source_timestamp":86985689330900,"circlet_count":0,"master_deck":["Streamline","Steam","Leap","Hologram","Electrodynamics","Conserve Battery+1","Tempest","Cold Snap","Glacier","Electrodynamics","Turbo+1","Self Repair","Fission+1","Coolheaded","Blizzard+1","Consume+1","White Noise","White Noise+1","Ghostly","Ghostly","Ghostly"],"special_seed":0,"relics":["Cracked Core","Du-Vu Doll","Golden Idol","War Paint","Singing Bowl","Meat on the Bone","Calipers","Sozu","Molten Egg 2","Girya","Happy Flower"],"potions_floor_usage":[],"damage_taken":[{"damage":0.0,"enemies":"2 Louse","floor":1.0,"turns":1.0},{"damage":4.0,"enemies":"Jaw Worm","floor":3.0,"turns":2.0},{"damage":0.0,"enemies":"3 Sentries","floor":6.0,"turns":3.0},{"damage":0.0,"enemies":"Cultist","floor":7.0,"turns":3.0},{"damage":0.0,"enemies":"Exordium Wildlife","floor":8.0,"turns":7.0},{"damage":0.0,"enemies":"Lagavulin","floor":11.0,"turns":7.0},{"damage":0.0,"enemies":"Exordium Thugs","floor":13.0,"turns":2.0},{"damage":0.0,"enemies":"Gremlin Nob","floor":14.0,"turns":2.0},{"damage":0.0,"enemies":"Slime Boss","floor":17.0,"turns":7.0},{"damage":0,"enemies":"Chosen","floor":19,"turns":4},{"damage":5,"enemies":"2 Thieves","floor":20,"turns":2},{"damage":18,"enemies":"Shelled Parasite and Fungi","floor":22,"turns":5},{"damage":12,"enemies":"Centurion and Healer","floor":23,"turns":4},{"damage":27,"enemies":"Slavers","floor":24,"turns":3}],"seed_played":"-5151028564126859501","potions_obtained":[{"floor":1.0,"key":"GamblersBrew"},{"floor":7.0,"key":"GamblersBrew"},{"floor":13.0,"key":"AttackPotion"},{"floor":17.0,"key":"Energy Potion"}],"is_trial":false,"path_per_floor":["M","?","M","?","$","E","M","M","T","T","E","R","M","E","T","R","B",null,"M","M","?","M","M","E","R","?","T","T"],"character_chosen":"DEFECT","items_purchased":[],"campfire_rested":0,"item_purchase_floors":[],"current_hp_per_floor":[64,64,60,36,36,36,43,50,50,50,59,59,66,73,73,73,75,75,75,72,72,63,60,47,47,41,41,41],"gold":599,"neow_bonus":"HUNDRED_GOLD","is_prod":false,"is_daily":false,"chose_seed":false,"campfire_upgraded":3,"win_rate":0,"timestamp":1554657293,"path_taken":["M","?","M","?","$","E","M","M","T","E","R","M","E","?","R","BOSS","M","M","?","M","?","E","R","?","T"],"build_version":"2019-01-23","purchased_purges":1,"victory":false,"max_hp_per_floor":[71,71,71,71,71,71,71,71,71,71,73,73,73,73,73,73,75,75,75,77,77,79,81,83,83,41,41,41],"card_choices":[{"not_picked":["Scrape","Barrage"],"picked":"Turbo","floor":1.0},{"not_picked":["Double Energy","Stack"],"picked":"Self Repair","floor":3.0},{"not_picked":["BootSequence","Streamline"],"picked":"Fission","floor":6.0},{"not_picked":["FTL","Go for the Eyes"],"picked":"Coolheaded","floor":7.0},{"not_picked":["Go for the Eyes","Cold Snap"],"picked":"Blizzard","floor":8.0},{"not_picked":["Rebound","Fusion","Undo"],"picked":"Singing Bowl","floor":11.0},{"not_picked":["Gash","Stack"],"picked":"Consume","floor":13.0},{"not_picked":["Coolheaded","Storm"],"picked":"White Noise","floor":14.0},{"not_picked":["Thunder Strike","Electrodynamics","Fission"],"picked":"Singing Bowl","floor":17.0},{"not_picked":["Double Energy","Ball Lightning"],"picked":"White Noise+1","floor":19},{"not_picked":["Hologram","Gash+1","Redo"],"picked":"Singing Bowl","floor":20},{"not_picked":["Reinforced Body+1","Gash+1","Cold Snap+1"],"picked":"Singing Bowl","floor":22},{"not_picked":["Ball Lightning+1","BootSequence","Leap"],"picked":"Singing Bowl","floor":23},{"not_picked":["Force Field","Stack","Compile Driver+1"],"picked":"Singing Bowl","floor":24}],"player_experience":2966827,"relics_obtained":[{"floor":6.0,"key":"War Paint"},{"floor":9.0,"key":"Singing Bowl"},{"floor":11.0,"key":"Meat on the Bone"},{"floor":14.0,"key":"Calipers"},{"floor":24,"key":"Girya"},{"floor":27,"key":"Happy Flower"}],"event_choices":[{"damage_healed":0.0,"max_hp_gain":0.0,"max_hp_loss":0.0,"gold_gain":0.0,"event_name":"Big Fish","player_choice":"Box","floor":2.0,"gold_loss":0.0,"damage_taken":0.0,"relics_obtained":["Du-Vu Doll"],"cards_obtained":["Regret"]},{"damage_healed":0.0,"max_hp_gain":0.0,"max_hp_loss":0.0,"gold_gain":0.0,"event_name":"Golden Idol","player_choice":"Take Damage","floor":4.0,"gold_loss":0.0,"damage_taken":24.0,"relics_obtained":["Golden Idol"]},{"damage_healed":0,"gold_gain":0,"player_choice":"Gave Potion","damage_taken":0,"relics_obtained":["Molten Egg 2"],"max_hp_gain":0,"max_hp_loss":0,"event_name":"WeMeetAgain","floor":21,"gold_loss":0},{"damage_healed":0,"gold_gain":0,"player_choice":"Became a Ghost","damage_taken":0,"max_hp_gain":0,"max_hp_loss":42,"event_name":"Ghosts","floor":26,"gold_loss":0,"cards_obtained":["Ghostly","Ghostly","Ghostly"]}],"is_beta":false,"boss_relics":[{"not_picked":["Fusion Hammer","Astrolabe"],"picked":"Sozu"}],"items_purged_floors":[5],"is_endless":false,"potions_floor_spawned":[1,7,11,13,17,19,24],"killed_by":"Slavers","ascension_level":20}