{"path_per_floor":["M","M","?","M","?","E","R","?","T","M","$","M","?","E","R"],"character_chosen":"IRONCLAD","items_purchased":["Mercury Hourglass","Flex"],"gold_per_floor":[117,128,128,145,145,186,186,186,263,287,12,26,26,60,60],"floor_reached":16,"campfire_rested":2,"playtime":972,"current_hp_per_floor":[80,80,80,80,80,44,68,73,73,58,58,64,64,55,80],"items_purged":[],"gold":60,"play_id":"0da58931-0480-435a-b171-74946d7767ce","is_prod":false,"is_daily":false,"is_ascension_mode":false,"campfire_upgraded":0,"path_taken":["M","M","?","M","?","E","R","?","T","M","?","?","?","E","R","BOSS"],"build_version":"2018-02-01-PROD3","purchased_purges":0,"victory":false,"master_deck":["Strike_R","Strike_R+1","Strike_R+1","Strike_R","Strike_R","Defend_R","Defend_R","Defend_R","Defend_R","Bash","Fiend Fire","Sword Boomerang","Pummel","Uppercut","Injury","Flame Barrier","Shrug It Off","Flex","Barricade","Bash","Juggernaut","Searing Blow"],"max_hp_per_floor":[80,80,80,80,80,80,80,85,85,85,85,85,85,85,85],"relics":["Burning Blood","Golden Idol","Toolbox","Mummified Hand","Mercury Hourglass","Whetstone"],"card_choices":[{"not_picked":["Burning Pact","Twin Strike"],"picked":"Sword Boomerang"},{"not_picked":["True Grit","Seeing Red"],"picked":"Pummel"},{"not_picked":["Shrug It Off","Armaments"],"picked":"Uppercut"},{"not_picked":["Sentinel","Sword Boomerang"],"picked":"Flame Barrier"},{"not_picked":["Uppercut","Perfected Strike"],"picked":"Shrug It Off"},{"not_picked":["Iron Wave","Havoc"],"picked":"Barricade"},{"not_picked":["Sword Boomerang","Pommel Strike"],"picked":"Searing Blow"}],"player_experience":65909,"potions_floor_usage":[6,12,16,16,16],"damage_taken":[{"damage":2,"enemies":"2 Louse","floor":1,"turns":3},{"damage":0,"enemies":"Small Slimes","floor":2,"turns":2},{"damage":0,"enemies":"Cultist","floor":4,"turns":2},{"damage":42,"enemies":"Lagavulin","floor":6,"turns":7},{"damage":21,"enemies":"Exordium Wildlife","floor":10,"turns":4},{"damage":0,"enemies":"Large Slime","floor":12,"turns":2},{"damage":15,"enemies":"Gremlin Nob","floor":14,"turns":4},{"damage":84,"enemies":"Hexaghost","floor":16,"turns":10}],"event_choices":[{"event_name":"Golden Wing","player_choice":"Ignored","floor":3,"damage_taken":0},{"event_name":"Golden Idol","player_choice":"Take Wound","floor":5,"damage_taken":0},{"event_name":"Big Fish","player_choice":"Donut","floor":8,"damage_taken":0},{"event_name":"Match and Keep!","player_choice":"2 cards matched","floor":13,"damage_taken":0}],"boss_relics":[],"potions_floor_spawned":[2,6,10,12,14],"seed_played":"8056615662497974009","killed_by":"Hexaghost","ascension_level":0,"is_trial":false}