{"gold_per_floor":[112,112,187,187,204,233,233,247,247,247,257,257],"floor_reached":12,"playtime":195,"items_purged":[],"score":206,"play_id":"b062b1ff-9282-4e9c-8982-b806343aa36c","local_time":"20190226154356","is_ascension_mode":true,"campfire_choices":[{"data":"Zap","floor":7,"key":"SMITH"},{"data":"Dualcast","floor":10,"key":"SMITH"}],"neow_cost":"NONE","seed_source_timestamp":25973661785500,"circlet_count":0,"master_deck":["AscendersBane","Strike_B","Strike_B","Strike_B","Strike_B","Defend_B","Defend_B","Defend_B","Defend_B","Zap+1","Dualcast+1","Regret","Cold Snap","Capacitor","Gash","Gash"],"relics":["Cracked Core","NeowsBlessing","Singing Bowl","Question Card","Gremlin Horn"],"potions_floor_usage":[12,12],"damage_taken":[{"damage":0,"enemies":"2 Louse","floor":1,"turns":1},{"damage":0,"enemies":"Small Slimes","floor":5,"turns":1},{"damage":0,"enemies":"3 Sentries","floor":6,"turns":1},{"damage":0,"enemies":"Cultist","floor":8,"turns":3},{"damage":15,"enemies":"2 Fungi Beasts","floor":11,"turns":4},{"damage":30,"enemies":"Gremlin Nob","floor":12,"turns":4}],"seed_played":"8502390032389799197","potions_obtained":[{"floor":8,"key":"PowerPotion"},{"floor":11,"key":"Fire Potion"}],"is_trial":false,"path_per_floor":["M","$","?","?","M","E","R","M","T","R","M","E"],"character_chosen":"DEFECT","items_purchased":[],"campfire_rested":0,"item_purchase_floors":[],"current_hp_per_floor":[64,64,53,53,53,53,53,53,53,53,38,8],"gold":257,"neow_bonus":"THREE_ENEMY_KILL","is_prod":false,"is_daily":false,"chose_seed":false,"campfire_upgraded":2,"win_rate":0,"timestamp":1551163436,"path_taken":["M","$","?","?","M","E","R","M","T","R","M","E"],"build_version":"2019-01-23","purchased_purges":0,"victory":false,"max_hp_per_floor":[71,71,71,71,71,71,71,71,71,71,71,71],"card_choices":[{"not_picked":["Barrage","Stack","Double Energy"],"picked":"SKIP","floor":1},{"not_picked":["Ball Lightning","Hologram"],"picked":"Cold Snap","floor":5},{"not_picked":["Gash","Turbo"],"picked":"Capacitor","floor":6},{"not_picked":["Double Energy","Ball Lightning","Skim"],"picked":"Gash","floor":8},{"not_picked":["Rebound","Reprogram","Leap"],"picked":"Gash","floor":11}],"player_experience":1839771,"relics_obtained":[{"floor":6,"key":"Question Card"},{"floor":9,"key":"Gremlin Horn"}],"event_choices":[{"damage_healed":0,"gold_gain":75,"player_choice":"Gather Gold","damage_taken":11,"max_hp_gain":0,"max_hp_loss":0,"event_name":"World of Goop","floor":3,"gold_loss":0},{"damage_healed":0,"gold_gain":0,"player_choice":"Box","damage_taken":0,"relics_obtained":["Singing Bowl"],"max_hp_gain":0,"max_hp_loss":0,"event_name":"Big Fish","floor":4,"gold_loss":0,"cards_obtained":["Regret"]}],"is_beta":false,"boss_relics":[],"items_purged_floors":[],"is_endless":false,"potions_floor_spawned":[8,11],"killed_by":"Gremlin Nob","ascension_level":20}