{"gold_per_floor":[116,116,116,130,55,55,83,83,83,83,114,129,141,169,169,243,243,259,534,548,568,568,568],"floor_reached":23,"playtime":581,"items_purged":["Strike_R"],"score":468,"play_id":"5d3841b2-213d-4311-965c-f54c0d81e2c4","local_time":"20190322171343","is_ascension_mode":true,"campfire_choices":[{"data":"Whirlwind","floor":6.0,"key":"SMITH"},{"data":"1","floor":8.0,"key":"LIFT"},{"data":"Armaments","floor":15.0,"key":"SMITH"}],"neow_cost":"NONE","seed_source_timestamp":253936403547500,"circlet_count":0,"master_deck":["AscendersBane","Strike_R","Strike_R","Strike_R","Defend_R","Defend_R","Defend_R","Defend_R","Bash","Whirlwind+1","Armaments+1","Body Slam+1","Entrench","Feed+1","Pommel Strike+1","Regret","Ghostly Armor","Battle Trance"],"special_seed":0,"relics":["Burning Blood","NeowsBlessing","Girya","StoneCalendar","Molten Egg 2","Dream Catcher","Centennial Puzzle","Fusion Hammer"],"potions_floor_usage":[20],"damage_taken":[{"damage":0.0,"enemies":"Small Slimes","floor":1.0,"turns":1.0},{"damage":0.0,"enemies":"Jaw Worm","floor":4.0,"turns":1.0},{"damage":0.0,"enemies":"3 Sentries","floor":7.0,"turns":1.0},{"damage":32.0,"enemies":"Gremlin Nob","floor":11.0,"turns":4.0},{"damage":0.0,"enemies":"Cultist","floor":12.0,"turns":3.0},{"damage":0.0,"enemies":"2 Fungi Beasts","floor":13.0,"turns":1.0},{"damage":30.0,"enemies":"3 Sentries","floor":14.0,"turns":6.0},{"damage":35.0,"enemies":"The Guardian","floor":16.0,"turns":12.0},{"damage":11.0,"enemies":"Spheric Guardian","floor":18.0,"turns":3.0},{"damage":28,"enemies":"Chosen","floor":20,"turns":4},{"damage":10,"enemies":"Centurion and Healer","floor":21,"turns":7},{"damage":4,"enemies":"Book of Stabbing","floor":23,"turns":3}],"seed_played":"-1442974907470471647","potions_obtained":[{"floor":1.0,"key":"Swift Potion"},{"floor":7.0,"key":"SpeedPotion"},{"floor":14.0,"key":"GamblersBrew"},{"floor":16.0,"key":"Strength Potion"},{"floor":20,"key":"Fire Potion"}],"is_trial":false,"path_per_floor":["M","?","?","M","$","R","E","R","T","?","E","M","M","E","R","B",null,"M","?","M","M","?","E"],"character_chosen":"IRONCLAD","items_purchased":[],"campfire_rested":0,"item_purchase_floors":[],"current_hp_per_floor":[74,74,74,75,75,75,75,75,75,75,49,55,61,37,37,8,58,57,57,35,31,8,4],"gold":568,"neow_bonus":"THREE_ENEMY_KILL","is_prod":false,"is_daily":false,"chose_seed":false,"campfire_upgraded":2,"win_rate":0,"timestamp":1553242423,"path_taken":["M","?","?","?","$","R","E","R","T","?","E","M","M","E","R","BOSS","M","?","?","M","?","E"],"build_version":"2019-01-23","purchased_purges":1,"victory":false,"max_hp_per_floor":[75,75,75,75,75,75,75,75,75,75,75,75,75,75,75,75,75,79,79,79,79,84,84],"card_choices":[{"not_picked":["True Grit","Shrug It Off"],"picked":"Whirlwind","floor":1.0},{"not_picked":["Uppercut","Combust","Thunderclap"],"picked":"SKIP","floor":4.0},{"not_picked":["Anger","Combust","Rage"],"picked":"SKIP","floor":7.0},{"not_picked":["Headbutt+1","Clash+1","Burning Pact"],"picked":"SKIP","floor":11.0},{"not_picked":["Spot Weakness","Double Tap"],"picked":"Armaments","floor":12.0},{"not_picked":["Pommel Strike+1","Armaments"],"picked":"Body Slam+1","floor":13.0},{"not_picked":["Warcry","Wild Strike+1"],"picked":"Entrench","floor":14.0},{"not_picked":["Dark Embrace","Double Tap"],"picked":"Feed+1","floor":16.0},{"not_picked":["Clothesline+1","Anger+1"],"picked":"Pommel Strike+1","floor":18.0},{"not_picked":["Havoc","Metallicize"],"picked":"Ghostly Armor","floor":20},{"not_picked":["Seeing Red","Thunderclap+1"],"picked":"Battle Trance","floor":21}],"player_experience":2467462,"relics_obtained":[{"floor":7.0,"key":"StoneCalendar"},{"floor":9.0,"key":"Molten Egg 2"},{"floor":11.0,"key":"Dream Catcher"},{"floor":14.0,"key":"Centennial Puzzle"}],"event_choices":[{"damage_healed":0.0,"max_hp_gain":0.0,"max_hp_loss":0.0,"gold_gain":0.0,"event_name":"Big Fish","player_choice":"Box","floor":2.0,"gold_loss":0.0,"damage_taken":0.0,"relics_obtained":["Girya"],"cards_obtained":["Regret"]},{"cards_removed":["Regret"],"damage_healed":0.0,"max_hp_gain":0.0,"max_hp_loss":0.0,"gold_gain":0.0,"event_name":"Purifier","player_choice":"Purged","floor":3.0,"gold_loss":0.0,"damage_taken":0.0},{"cards_removed":["Strike_R"],"damage_healed":0.0,"max_hp_gain":0.0,"max_hp_loss":0.0,"gold_gain":0.0,"event_name":"Bonfire Elementals","player_choice":"Offered Basic","floor":10.0,"gold_loss":0.0,"damage_taken":0.0},{"damage_healed":0.0,"max_hp_gain":0.0,"max_hp_loss":0.0,"gold_gain":275.0,"event_name":"Golden Shrine","player_choice":"Desecrate","floor":19.0,"gold_loss":0.0,"damage_taken":0.0,"cards_obtained":["Regret"]},{"damage_healed":0,"gold_gain":0,"player_choice":"Shed Blood","damage_taken":28,"max_hp_gain":5,"max_hp_loss":0,"event_name":"Forgotten Altar","floor":22,"gold_loss":0}],"is_beta":false,"boss_relics":[{"not_picked":["Snecko Eye","Ectoplasm"],"picked":"Fusion Hammer"}],"items_purged_floors":[5],"is_endless":false,"potions_floor_spawned":[1,7,14,16,20],"killed_by":"Book of Stabbing","ascension_level":20}