{"gold_per_floor":[114,134,151,226,33,96,96,123,162,174,35,46,56,56,56,151,151,165,165,177,177,193,193,204,218,243,243,269,280,299,54,54,152,152,163,181,1180,1197,178,178,192,202,202,202,202,0,0,20,20,20],"floor_reached":50,"playtime":3273,"items_purged":["Defend_R","Defend_R","Normality"],"score":529,"play_id":"a99e2c74-f741-4d78-95e9-064d8b97d79f","local_time":"20190218055823","is_ascension_mode":true,"campfire_choices":[{"floor":10.0,"key":"REST"},{"data":"Double Tap","floor":15.0,"key":"SMITH"},{"data":"Perfected Strike","floor":23.0,"key":"SMITH"},{"data":"Double Tap","floor":27.0,"key":"SMITH"},{"data":"Heavy Blade","floor":32.0,"key":"SMITH"},{"data":"Normality","floor":40.0,"key":"PURGE"},{"floor":49,"key":"REST"}],"neow_cost":"NONE","seed_source_timestamp":12284030062700,"circlet_count":0,"master_deck":["Strike_R","Strike_R","Strike_R","Strike_R","Strike_R+1","Defend_R","Bash","Pommel Strike","Perfected Strike+1","Double Tap+1","Limit Break","Spot Weakness","Metallicize","Inflame","Intimidate","Heavy Blade+1","Perfected Strike+1","Double Tap+1","Warcry","Wild Strike+1","Intimidate+1","Whirlwind","Thunderclap","Disarm+1","Clash+1","Demon Form","Perfected Strike","Heavy Blade","Twin Strike","Twin Strike","Offering","Sword Boomerang","Pommel Strike+1","Pommel Strike","Blind","Wild Strike+1"],"special_seed":0,"relics":["Burning Blood","Frozen Eye","Tiny Chest","MawBank","Orichalcum","Orrery","MutagenicStrength","Ancient Tea Set","Bag of Marbles","Red Skull","Runic Pyramid","Juzu Bracelet","Peace Pipe","Chemical X","Whetstone","Red Mask"],"potions_floor_usage":[50,50,50],"damage_taken":[{"damage":5.0,"enemies":"2 Louse","floor":1.0,"turns":3.0},{"damage":0.0,"enemies":"Small Slimes","floor":2.0,"turns":2.0},{"damage":6.0,"enemies":"Cultist","floor":3.0,"turns":3.0},{"damage":15.0,"enemies":"Lagavulin","floor":6.0,"turns":6.0},{"damage":49.0,"enemies":"3 Sentries","floor":8.0,"turns":7.0},{"damage":7.0,"enemies":"3 Louse","floor":12.0,"turns":4.0},{"damage":0.0,"enemies":"Blue Slaver","floor":13.0,"turns":3.0},{"damage":28.0,"enemies":"Hexaghost","floor":16.0,"turns":6.0},{"damage":3.0,"enemies":"Spheric Guardian","floor":18.0,"turns":3.0},{"damage":1.0,"enemies":"Shell Parasite","floor":20.0,"turns":2.0},{"damage":5.0,"enemies":"Sentry and Sphere","floor":22.0,"turns":3.0},{"damage":0.0,"enemies":"Shelled Parasite and Fungi","floor":24.0,"turns":3.0},{"damage":2.0,"enemies":"3 Cultists","floor":25.0,"turns":4.0},{"damage":0.0,"enemies":"Snecko","floor":29.0,"turns":2.0},{"damage":15.0,"enemies":"Sentry and Sphere","floor":30.0,"turns":4.0},{"damage":41.0,"enemies":"Collector","floor":33.0,"turns":5.0},{"damage":26.0,"enemies":"3 Shapes","floor":35.0,"turns":4.0},{"damage":0.0,"enemies":"Orb Walker","floor":36.0,"turns":1.0},{"damage":10.0,"enemies":"3 Darklings","floor":38.0,"turns":7.0},{"damage":15.0,"enemies":"4 Shapes","floor":41.0,"turns":1.0},{"damage":42,"enemies":"Transient","floor":42,"turns":5},{"damage":2,"enemies":"Sphere and 2 Shapes","floor":48,"turns":3},{"damage":61,"enemies":"Donu and Deca","floor":50,"turns":6}],"seed_played":"-7286533897491906229","potions_obtained":[{"floor":2.0,"key":"Dexterity Potion"},{"floor":8.0,"key":"FearPotion"},{"floor":13.0,"key":"SpeedPotion"},{"floor":22.0,"key":"Strength Potion"},{"floor":24.0,"key":"LiquidBronze"},{"floor":30.0,"key":"AttackPotion"},{"floor":33.0,"key":"Block Potion"}],"is_trial":false,"path_per_floor":["M","M","M","?","$","E","?","E","T","R","$","M","M","?","R","B",null,"M","?","M","?","M","R","M","M","T","R","T","M","M","$","R","B",null,"M","M","?","M","$","R","M","M","T","?","?","?","?","M","R","B"],"character_chosen":"IRONCLAD","items_purchased":["Frozen Eye","Inflame","Red Skull","Twin Strike","Juzu Bracelet","Offering","Peace Pipe","Chemical X","Sword Boomerang"],"campfire_rested":2,"item_purchase_floors":[5,11,31,39,39,39,39,39,39],"current_hp_per_floor":[88,88,88,77,77,68,68,25,25,51,51,50,56,56,56,34,88,88,71,76,76,77,77,83,87,87,87,87,93,84,84,84,49,93,73,79,79,75,75,75,66,30,30,30,30,30,30,34,61,0],"gold":20,"neow_bonus":"TEN_PERCENT_HP_BONUS","is_prod":false,"is_daily":false,"chose_seed":false,"campfire_upgraded":4,"win_rate":0,"timestamp":1550437103,"path_taken":["M","M","M","?","$","E","?","E","T","R","$","M","?","?","R","BOSS","M","?","M","?","M","R","M","M","T","R","?","M","M","$","R","BOSS","M","M","?","M","$","R","M","M","T","?","?","?","?","M","R","BOSS"],"build_version":"2019-01-23","purchased_purges":3,"victory":false,"max_hp_per_floor":[88,88,88,88,88,88,88,88,88,88,88,88,88,88,88,88,88,88,93,93,93,93,93,93,93,93,93,93,93,93,93,93,93,93,93,93,93,93,93,93,93,93,93,93,93,93,93,93,93,93],"card_choices":[{"not_picked":["True Grit","Thunderclap"],"picked":"Pommel Strike","floor":1.0},{"not_picked":["Rampage","Rage"],"picked":"Perfected Strike","floor":2.0},{"not_picked":["Sword Boomerang","Flex"],"picked":"Double Tap","floor":3.0},{"not_picked":["Impervious","Clothesline"],"picked":"Limit Break","floor":6.0},{"not_picked":["Ghostly Armor","Flex"],"picked":"Metallicize","floor":8.0},{"not_picked":["Ghostly Armor","Carnage"],"picked":"Intimidate","floor":12.0},{"not_picked":["Spot Weakness","True Grit"],"picked":"Heavy Blade","floor":13.0},{"not_picked":["Barricade","Immolate"],"picked":"Brutality","floor":16.0},{"not_picked":["Warcry","Thunderclap"],"picked":"Perfected Strike","floor":17.0},{"not_picked":["Corruption","Bloodletting"],"picked":"Double Tap","floor":17.0},{"not_picked":["Armaments","Uppercut"],"picked":"Warcry","floor":17.0},{"not_picked":["Dropkick","True Grit"],"picked":"Wild Strike","floor":17.0},{"not_picked":["Shrug It Off+1","True Grit"],"picked":"Intimidate+1","floor":18.0},{"not_picked":["Anger","Fire Breathing+1"],"picked":"Whirlwind","floor":20.0},{"not_picked":["Hemokinesis+1","Clothesline"],"picked":"Thunderclap","floor":22.0},{"not_picked":["Rampage+1","Armaments","Anger"],"picked":"SKIP","floor":24.0},{"not_picked":["Anger","Fire Breathing"],"picked":"Disarm+1","floor":25.0},{"not_picked":["Armaments","Shrug It Off","Body Slam"],"picked":"SKIP","floor":29.0},{"not_picked":["Armaments","Clothesline+1"],"picked":"Clash+1","floor":30.0},{"not_picked":["Barricade","Double Tap"],"picked":"Demon Form","floor":33.0},{"not_picked":["Sentinel+1","Ghostly Armor"],"picked":"Perfected Strike","floor":35.0},{"not_picked":["Spot Weakness","Clash+1"],"picked":"Heavy Blade","floor":36.0},{"not_picked":["Heavy Blade","Shrug It Off"],"picked":"Twin Strike","floor":38.0},{"not_picked":["Havoc+1","Body Slam+1"],"picked":"Pommel Strike+1","floor":41},{"not_picked":["Cleave+1","Metallicize"],"picked":"Pommel Strike","floor":42},{"not_picked":["Finesse","Transmutation"],"picked":"Blind","floor":45},{"not_picked":["Iron Wave","Ghostly Armor+1"],"picked":"Wild Strike+1","floor":48}],"player_experience":91916,"relics_obtained":[{"floor":6.0,"key":"Tiny Chest"},{"floor":8.0,"key":"MawBank"},{"floor":9.0,"key":"Orichalcum"},{"floor":26.0,"key":"Ancient Tea Set"},{"floor":28.0,"key":"Bag of Marbles"},{"floor":43,"key":"Whetstone"}],"event_choices":[{"damage_healed":0.0,"max_hp_gain":0.0,"max_hp_loss":0.0,"gold_gain":75.0,"event_name":"World of Goop","player_choice":"Gather Gold","floor":4.0,"gold_loss":0.0,"damage_taken":11.0},{"damage_healed":0.0,"max_hp_gain":0.0,"max_hp_loss":0.0,"gold_gain":0.0,"cards_transformed":["Defend_R"],"event_name":"Transmorgrifier","player_choice":"Transformed","floor":7.0,"gold_loss":0.0,"damage_taken":0.0,"cards_obtained":["Spot Weakness"]},{"damage_healed":0.0,"max_hp_gain":0.0,"max_hp_loss":0.0,"gold_gain":0.0,"event_name":"Living Wall","player_choice":"Grow","floor":14.0,"gold_loss":0.0,"damage_taken":0.0,"cards_upgraded":["Perfected Strike"]},{"damage_healed":0.0,"max_hp_gain":5.0,"max_hp_loss":0.0,"gold_gain":0.0,"event_name":"Forgotten Altar","player_choice":"Shed Blood","floor":19.0,"gold_loss":0.0,"damage_taken":22.0},{"damage_healed":0.0,"max_hp_gain":0.0,"max_hp_loss":0.0,"gold_gain":0.0,"event_name":"Drug Dealer","player_choice":"Inject Mutagens","floor":21.0,"gold_loss":0.0,"damage_taken":0.0,"relics_obtained":["MutagenicStrength"]},{"damage_healed":0.0,"max_hp_gain":0.0,"max_hp_loss":0.0,"gold_gain":999.0,"event_name":"MindBloom","player_choice":"Gold","floor":37.0,"gold_loss":0.0,"damage_taken":0.0,"cards_obtained":["Normality","Normality"]},{"cards_removed":["Brutality"],"damage_healed":0,"gold_gain":0,"player_choice":"Removed Power","damage_taken":0,"max_hp_gain":0,"max_hp_loss":0,"event_name":"Falling","floor":44,"gold_loss":0},{"damage_healed":0,"gold_gain":0,"player_choice":"Memory 1","damage_taken":0,"max_hp_gain":0,"max_hp_loss":0,"event_name":"SensoryStone","floor":45,"gold_loss":0},{"damage_healed":0,"gold_gain":0,"player_choice":"Paid","damage_taken":0,"relics_obtained":["Red Mask"],"max_hp_gain":0,"max_hp_loss":0,"event_name":"Tomb of Lord Red Mask","floor":46,"gold_loss":202},{"damage_healed":0,"gold_gain":0,"player_choice":"Ignored","damage_taken":0,"max_hp_gain":0,"max_hp_loss":0,"event_name":"Mysterious Sphere","floor":47,"gold_loss":0}],"is_beta":false,"boss_relics":[{"not_picked":["Fusion Hammer","White Beast Statue"],"picked":"Orrery"},{"not_picked":["Lizard Tail","Snecko Eye"],"picked":"Runic Pyramid"}],"items_purged_floors":[11,31,39],"is_endless":false,"potions_floor_spawned":[2,8,13,22,24,30,33,36,41,42],"killed_by":"Donu and Deca","ascension_level":1}