{"gold_per_floor":[362,54,70,70,86,86,121,121,121,121,133,166,166,66,66,141,141,155,155,174,174,187,187,187],"floor_reached":24,"playtime":830,"items_purged":["Defend_B","Regret"],"score":508,"play_id":"9deaeb00-0cf8-4e2a-b580-5ab98b1f68d9","local_time":"20190210200943","is_ascension_mode":true,"campfire_choices":[{"data":"Consume","floor":6,"key":"SMITH"},{"floor":10,"key":"REST"},{"data":"Zap","floor":13,"key":"SMITH"},{"data":"Rip and Tear","floor":15,"key":"SMITH"},{"data":"Creative AI","floor":23,"key":"SMITH"}],"neow_cost":"TEN_PERCENT_HP_LOSS","seed_source_timestamp":438725440111600,"circlet_count":0,"master_deck":["AscendersBane","Strike_B","Strike_B+1","Strike_B","Strike_B","Defend_B","Defend_B","Defend_B","Zap+1","Dualcast","Rip and Tear+1","Consume+1","Coolheaded","Cold Snap+1","Cold Snap","Melter","Reboot","Creative AI+1","Self Repair+1","Ghostly","Ghostly","Ghostly","Hologram"],"relics":["Cracked Core","Matryoshka","Letter Opener","Juzu Bracelet","Anchor","Vajra","Cursed Key"],"potions_floor_usage":[7,16,24,24],"damage_taken":[{"damage":4,"enemies":"Small Slimes","floor":1,"turns":3},{"damage":6,"enemies":"2 Louse","floor":3,"turns":3},{"damage":0,"enemies":"Cultist","floor":5,"turns":2},{"damage":11,"enemies":"3 Sentries","floor":7,"turns":7},{"damage":7,"enemies":"Exordium Wildlife","floor":11,"turns":3},{"damage":13,"enemies":"Lagavulin","floor":12,"turns":7},{"damage":0,"enemies":"Slime Boss","floor":16,"turns":6},{"damage":8,"enemies":"2 Thieves","floor":18,"turns":3},{"damage":15,"enemies":"Colosseum Slavers","floor":19,"turns":3},{"damage":0,"enemies":"Chosen","floor":20,"turns":3},{"damage":17,"enemies":"Centurion and Healer","floor":22,"turns":7},{"damage":24,"enemies":"Slavers","floor":24,"turns":5}],"seed_played":"-7805419193313111631","potions_obtained":[{"floor":1,"key":"SteroidPotion"},{"floor":7,"key":"Explosive Potion"},{"floor":16,"key":"Weak Potion"}],"is_trial":false,"path_per_floor":["M","$","M","?","M","R","E","?","T","R","M","E","R","$","R","B",null,"M","?","M","?","M","R","E"],"character_chosen":"DEFECT","items_purchased":["Consume","Coolheaded","Fire Potion","Cold Snap"],"campfire_rested":1,"item_purchase_floors":[2,2,2,2],"current_hp_per_floor":[60,60,54,35,35,35,24,24,24,43,36,23,23,23,23,23,54,46,31,31,31,24,24,0],"gold":187,"neow_bonus":"TWO_FIFTY_GOLD","is_prod":false,"is_daily":false,"chose_seed":false,"campfire_upgraded":4,"win_rate":0,"timestamp":1549796983,"path_taken":["M","$","M","?","M","R","E","?","T","R","M","E","R","$","R","BOSS","M","?","M","?","M","R","E"],"build_version":"2019-01-23","purchased_purges":2,"victory":false,"max_hp_per_floor":[64,64,64,64,64,64,64,64,64,64,64,64,64,64,64,64,64,64,64,64,32,32,32,32],"card_choices":[{"not_picked":["Darkness","Recycle"],"picked":"Rip and Tear","floor":1},{"not_picked":["Static Discharge","Stack","Turbo"],"picked":"SKIP","floor":3},{"not_picked":["Conserve Battery","Steam"],"picked":"Cold Snap","floor":5},{"not_picked":["Redo","Double Energy","Rebound"],"picked":"SKIP","floor":7},{"not_picked":["Redo","Sweeping Beam"],"picked":"Melter","floor":11},{"not_picked":["Chaos","Gash"],"picked":"Reboot","floor":12},{"not_picked":["Electrodynamics","Fission"],"picked":"Creative AI","floor":16},{"not_picked":["Genetic Algorithm","Fusion","Steam Power"],"picked":"SKIP","floor":18},{"not_picked":["Chaos","Reinforced Body"],"picked":"Self Repair+1","floor":20},{"not_picked":["Stack+1","Steam Power"],"picked":"Hologram","floor":22}],"player_experience":1498290,"relics_obtained":[{"floor":7,"key":"Matryoshka"},{"floor":9,"key":"Juzu Bracelet"},{"floor":9,"key":"Anchor"},{"floor":12,"key":"Vajra"}],"event_choices":[{"damage_healed":0,"gold_gain":0,"player_choice":"Entered Light","damage_taken":19,"max_hp_gain":0,"max_hp_loss":0,"event_name":"Shining Light","floor":4,"gold_loss":0,"cards_upgraded":["Cold Snap","Strike_B"]},{"damage_healed":0,"gold_gain":0,"player_choice":"Box","damage_taken":0,"relics_obtained":["Letter Opener"],"max_hp_gain":0,"max_hp_loss":0,"event_name":"Big Fish","floor":8,"gold_loss":0,"cards_obtained":["Regret"]},{"damage_healed":0,"gold_gain":0,"player_choice":"Fight","damage_taken":0,"max_hp_gain":0,"max_hp_loss":0,"event_name":"Colosseum","floor":19,"gold_loss":0},{"damage_healed":0,"gold_gain":0,"player_choice":"Fled From Nobs","damage_taken":0,"max_hp_gain":0,"max_hp_loss":0,"event_name":"Colosseum","floor":19,"gold_loss":0},{"damage_healed":0,"gold_gain":0,"player_choice":"Became a Ghost","damage_taken":0,"max_hp_gain":0,"max_hp_loss":32,"event_name":"Ghosts","floor":21,"gold_loss":0,"cards_obtained":["Ghostly","Ghostly","Ghostly"]}],"is_beta":false,"boss_relics":[{"not_picked":["Empty Cage","Runic Pyramid"],"picked":"Cursed Key"}],"items_purged_floors":[2,14],"is_endless":false,"potions_floor_spawned":[1,7,11,16,19,22],"killed_by":"Slavers","ascension_level":20}