{"gold_per_floor":[111,61,61,31,42,70,84,84,110,129,141,141,141,151,151,151],"floor_reached":16,"playtime":213,"items_purged":[],"score":127,"play_id":"03f36247-3650-4380-86a2-031e502d6e98","local_time":"20190412151136","is_ascension_mode":false,"campfire_choices":[{"data":"Searing Blow","floor":8,"key":"SMITH"},{"data":"Searing Blow+1","floor":13,"key":"SMITH"},{"data":"Searing Blow+2","floor":15,"key":"SMITH"}],"neow_cost":"NONE","seed_source_timestamp":13159591031600,"circlet_count":0,"master_deck":["Strike_R","Strike_R","Strike_R","Strike_R","Defend_R","Defend_R","Defend_R","Defend_R","Bash","Regret","Perfected Strike","Searing Blow+3"],"special_seed":0,"relics":["Burning Blood","NeowsBlessing","PreservedInsect","Red Skull","Dream Catcher"],"potions_floor_usage":[16,16],"damage_taken":[{"damage":0.0,"enemies":"Small Slimes","floor":1.0,"turns":1.0},{"damage":0.0,"enemies":"Cultist","floor":5.0,"turns":1.0},{"damage":0.0,"enemies":"3 Sentries","floor":6.0,"turns":2.0},{"damage":1,"enemies":"2 Louse","floor":7,"turns":3},{"damage":5,"enemies":"Large Slime","floor":10,"turns":5},{"damage":24,"enemies":"2 Fungi Beasts","floor":11,"turns":3},{"damage":14,"enemies":"Red Slaver","floor":14,"turns":3},{"damage":51,"enemies":"The Guardian","floor":16,"turns":9}],"seed_played":"-2638570941964359834","potions_obtained":[{"floor":1.0,"key":"Weak Potion"},{"floor":4.0,"key":"SmokeBomb"},{"floor":4.0,"key":"Swift Potion"},{"floor":11,"key":"LiquidBronze"}],"is_trial":false,"path_per_floor":["M","?","?","?","M","E","M","R","T","M","M","?","R","M","R","B"],"character_chosen":"IRONCLAD","items_purchased":[],"campfire_rested":0,"item_purchase_floors":[],"current_hp_per_floor":[80,80,80,80,80,80,80,80,80,80,62,59,59,51,51,0],"gold":151,"neow_bonus":"THREE_ENEMY_KILL","is_prod":false,"is_daily":false,"chose_seed":false,"campfire_upgraded":3,"win_rate":0,"timestamp":1555049496,"path_taken":["M","?","?","?","M","E","?","R","T","?","M","?","R","M","R","BOSS"],"build_version":"2019-01-23","purchased_purges":0,"victory":false,"max_hp_per_floor":[80,80,80,80,80,80,80,80,80,80,80,80,80,80,80,80],"card_choices":[{"not_picked":["Shockwave","Rupture","Dual Wield"],"picked":"SKIP","floor":1.0},{"not_picked":["Sword Boomerang","Ghostly Armor"],"picked":"Perfected Strike","floor":5.0},{"not_picked":["Rampage","Headbutt","Cleave"],"picked":"SKIP","floor":6},{"not_picked":["Clothesline","Rupture"],"picked":"Searing Blow","floor":7},{"not_picked":["Bloodletting","Iron Wave","Cleave"],"picked":"SKIP","floor":10},{"not_picked":["Blood for Blood","Infernal Blade","Rampage"],"picked":"SKIP","floor":11},{"not_picked":["Blood for Blood","Infernal Blade","Rampage"],"picked":"SKIP","floor":11},{"not_picked":["Pommel Strike","Uppercut","Searing Blow"],"picked":"SKIP","floor":14}],"player_experience":3080382,"relics_obtained":[{"floor":9,"key":"Red Skull"}],"event_choices":[{"cards_removed":["Strike_R"],"damage_healed":0.0,"max_hp_gain":0.0,"max_hp_loss":0.0,"gold_gain":0.0,"event_name":"The Cleric","player_choice":"Card Removal","floor":2.0,"gold_loss":50.0,"damage_taken":0.0},{"damage_healed":0.0,"max_hp_gain":0.0,"max_hp_loss":0.0,"gold_gain":0.0,"event_name":"Big Fish","player_choice":"Box","floor":3.0,"gold_loss":0.0,"damage_taken":0.0,"relics_obtained":["PreservedInsect"],"cards_obtained":["Regret"]},{"damage_healed":0.0,"max_hp_gain":0.0,"max_hp_loss":0.0,"gold_gain":0.0,"event_name":"The Woman in Blue","player_choice":"Bought 2 Potions","floor":4.0,"gold_loss":0.0,"damage_taken":0.0},{"damage_healed":0,"gold_gain":0,"player_choice":"Success","damage_taken":3,"relics_obtained":["Dream Catcher"],"max_hp_gain":0,"max_hp_loss":0,"event_name":"Scrap Ooze","floor":12,"gold_loss":0}],"is_beta":false,"boss_relics":[],"items_purged_floors":[],"is_endless":false,"potions_floor_spawned":[1,7,11],"killed_by":"The Guardian","ascension_level":0}