{"gold_per_floor":[118,118,118,118,132,165,165,199,223,54,54,54,54,54,54,153,153,173,448,472,472],"floor_reached":21,"playtime":318,"items_purged":[],"score":416,"play_id":"48b34a2d-0200-4f8c-8be4-9a062fca6da9","local_time":"20190222123218","is_ascension_mode":true,"campfire_choices":[{"data":"Sunder","floor":7,"key":"SMITH"},{"data":"Streamline","floor":11,"key":"SMITH"},{"data":"Zap","floor":13,"key":"SMITH"},{"data":"Strike_B","floor":15,"key":"SMITH"}],"neow_cost":"NONE","seed_source_timestamp":175414942209200,"circlet_count":0,"master_deck":["AscendersBane","Strike_B","Strike_B","Strike_B+1","Defend_B","Defend_B","Defend_B","Defend_B","Zap+1","Dualcast","Streamline+1","Sunder+1","Core Surge","Echo Form+1","Regret"],"relics":["Cracked Core","NeowsBlessing","Golden Idol","Boot","Frozen Egg 2","Potion Belt","DataDisk","Mercury Hourglass","Runic Dome"],"potions_floor_usage":[8,16,21],"damage_taken":[{"damage":0,"enemies":"2 Louse","floor":1,"turns":1},{"damage":0,"enemies":"Small Slimes","floor":5,"turns":1},{"damage":0,"enemies":"Lagavulin","floor":6,"turns":1},{"damage":8,"enemies":"Gremlin Nob","floor":8,"turns":3},{"damage":33,"enemies":"Hexaghost","floor":16,"turns":8},{"damage":18,"enemies":"Shell Parasite","floor":18,"turns":3},{"damage":12,"enemies":"Spheric Guardian","floor":20,"turns":3},{"damage":19,"enemies":"Snake Plant","floor":21,"turns":1}],"seed_played":"8718783364794131424","potions_obtained":[{"floor":1,"key":"Poison Potion"},{"floor":6,"key":"Weak Potion"},{"floor":18,"key":"Poison Potion"}],"is_trial":false,"path_per_floor":["M","$","?","$","M","E","R","E","T","$","R","?","R","?","R","B",null,"M","?","M","M"],"character_chosen":"DEFECT","items_purchased":["DataDisk"],"campfire_rested":0,"item_purchase_floors":[10],"current_hp_per_floor":[64,64,64,64,64,64,64,56,56,56,56,49,49,38,38,5,49,31,31,19,0],"gold":472,"neow_bonus":"THREE_ENEMY_KILL","is_prod":false,"is_daily":false,"chose_seed":false,"campfire_upgraded":4,"win_rate":0,"timestamp":1550806338,"path_taken":["M","$","?","$","M","E","R","E","T","$","R","?","R","?","R","BOSS","M","?","M","M"],"build_version":"2019-01-23","purchased_purges":0,"victory":false,"max_hp_per_floor":[71,71,64,64,64,64,64,64,64,64,64,64,64,64,64,64,64,64,64,64,64],"card_choices":[{"not_picked":["Tempest","Redo","Compile Driver"],"picked":"SKIP","floor":1},{"not_picked":["Leap","Melter"],"picked":"Streamline","floor":5},{"not_picked":["Compile Driver","Lockon"],"picked":"Sunder","floor":6},{"not_picked":["Sunder","Leap"],"picked":"Core Surge","floor":8},{"not_picked":["Hyperbeam","Meteor Strike"],"picked":"Echo Form+1","floor":16},{"not_picked":["Beam Cell","Hologram","Darkness+1"],"picked":"SKIP","floor":18},{"not_picked":["Chaos","Steam","Compile Driver"],"picked":"SKIP","floor":20}],"player_experience":1721214,"relics_obtained":[{"floor":6,"key":"Boot"},{"floor":8,"key":"Frozen Egg 2"},{"floor":9,"key":"Potion Belt"}],"event_choices":[{"damage_healed":0,"gold_gain":0,"player_choice":"Lose Max HP","damage_taken":0,"relics_obtained":["Golden Idol"],"max_hp_gain":0,"max_hp_loss":7,"event_name":"Golden Idol","floor":3,"gold_loss":0},{"cards_removed":["Strike_B"],"damage_healed":0,"gold_gain":0,"player_choice":"Card Removal","damage_taken":7,"max_hp_gain":0,"max_hp_loss":0,"event_name":"Golden Wing","floor":12,"gold_loss":0},{"damage_healed":0,"gold_gain":0,"player_choice":"Success","damage_taken":11,"relics_obtained":["Mercury Hourglass"],"max_hp_gain":0,"max_hp_loss":0,"event_name":"Scrap Ooze","floor":14,"gold_loss":0},{"damage_healed":0,"gold_gain":275,"player_choice":"Desecrate","damage_taken":0,"max_hp_gain":0,"max_hp_loss":0,"event_name":"Golden Shrine","floor":19,"gold_loss":0,"cards_obtained":["Regret"]}],"is_beta":false,"boss_relics":[{"not_picked":["Pandora\u0027s Box","Inserter"],"picked":"Runic Dome"}],"items_purged_floors":[],"is_endless":false,"potions_floor_spawned":[1,6,18],"killed_by":"Snake Plant","ascension_level":20}