{"gold_per_floor":[115,133,98,98,98,428,428,445,445,445,475,498,521,39,39,113,113,124,39,39,57,57,57,86,86,86,105,105,134,153,65,65,139,139,151,1150,632,632,658,686,686,686,686,702,401,413,413,439,439,439,439,439,439,18,47,47],"floor_reached":57,"playtime":11695,"items_purged":["Strike_B"],"score":2700,"play_id":"e885f838-791d-4ba2-be7c-7a5b6653b9fc","local_time":"20190222154744","is_ascension_mode":true,"campfire_choices":[{"data":"Zap","floor":7,"key":"SMITH"},{"floor":10,"key":"REST"},{"data":"Loop","floor":15,"key":"SMITH"},{"floor":23,"key":"REST"},{"data":"Defend_B","floor":28,"key":"PURGE"},{"floor":32,"key":"REST"},{"data":"Strike_B","floor":41,"key":"PURGE"},{"data":"Strike_B","floor":42,"key":"PURGE"},{"floor":47,"key":"RECALL"},{"floor":49,"key":"REST"},{"floor":53,"key":"REST"}],"neow_cost":"NONE","seed_source_timestamp":175742304716700,"circlet_count":0,"master_deck":["AscendersBane","Strike_B","Zap+1","Dualcast","Cold Snap","Ball Lightning","BootSequence","Conserve Battery","Panacea","Loop+1","Core Surge","Coolheaded","FTL","Consume","Cold Snap","BootSequence+1","White Noise","Coolheaded","Loop+1","Echo Form+1","Chill","Bandage Up","Conserve Battery","Glacier","Gash","Defragment+1","Reboot","Gash","Biased Cognition+1"],"relics":["Cracked Core","PreservedInsect","Old Coin","WingedGreaves","Thread and Needle","Odd Mushroom","Potion Belt","Ice Cream","Fusion Hammer","Strawberry","Omamori","Peace Pipe","Frozen Egg 2","Unceasing Top","Nuclear Battery","Emotion Chip","Pantograph","Dodecahedron","Lantern","Mercury Hourglass","Membership Card","Happy Flower"],"potions_floor_usage":[16,29,33,33,46,48,51,56,56],"damage_taken":[{"damage":2,"enemies":"Cultist","floor":1,"turns":4},{"damage":7,"enemies":"Jaw Worm","floor":2,"turns":4},{"damage":38,"enemies":"3 Sentries","floor":6,"turns":8},{"damage":5,"enemies":"Small Slimes","floor":8,"turns":3},{"damage":6,"enemies":"Gremlin Nob","floor":11,"turns":3},{"damage":8,"enemies":"The Mushroom Lair","floor":12,"turns":4},{"damage":21,"enemies":"Hexaghost","floor":16,"turns":8},{"damage":7,"enemies":"Chosen","floor":18,"turns":4},{"damage":6,"enemies":"Shell Parasite","floor":21,"turns":4},{"damage":19,"enemies":"Gremlin Leader","floor":24,"turns":8},{"damage":5,"enemies":"Centurion and Healer","floor":27,"turns":8},{"damage":9,"enemies":"Book of Stabbing","floor":29,"turns":5},{"damage":12,"enemies":"Snake Plant","floor":30,"turns":5},{"damage":25,"enemies":"Automaton","floor":33,"turns":15},{"damage":37,"enemies":"3 Darklings","floor":35,"turns":7},{"damage":0,"enemies":"Nemesis","floor":40,"turns":9},{"damage":0,"enemies":"3 Shapes","floor":44,"turns":5},{"damage":0,"enemies":"Jaw Worm Horde","floor":46,"turns":5},{"damage":42,"enemies":"Giant Head","floor":48,"turns":10},{"damage":54,"enemies":"Time Eater","floor":50,"turns":30},{"damage":11,"enemies":"Awakened One","floor":51,"turns":18},{"damage":9,"enemies":"Shield and Spear","floor":55,"turns":9},{"damage":16,"enemies":"The Heart","floor":56,"turns":13}],"seed_played":"-3878772151591646993","potions_obtained":[{"floor":2,"key":"Energy Potion"},{"floor":11,"key":"PowerPotion"},{"floor":18,"key":"Weak Potion"},{"floor":29,"key":"FearPotion"},{"floor":30,"key":"Swift Potion"},{"floor":33,"key":"EssenceOfSteel"},{"floor":35,"key":"Regen Potion"},{"floor":40,"key":"Swift Potion"},{"floor":55,"key":"Ancient Potion"}],"is_trial":false,"path_per_floor":["M","M","?","?","?","E","R","M","T","R","E","?","T","$","R","B",null,"M","?","?","M","?","R","E","T","T","M","R","E","M","$","R","B",null,"M","?","$","?","T","E","R","R","T","M","$","M","R","E","R","B","B",null,"R","$","E","B",null],"character_chosen":"DEFECT","items_purchased":["Ice Cream","Panacea","Loop","Loop+1","Bandage Up","Emotion Chip","Glacier","Lantern","PowerPotion","Defragment+1","Membership Card","Reboot","Weak Potion","Gash"],"campfire_rested":5,"item_purchase_floors":[14,14,14,31,37,37,45,45,45,54,54,54,54,54],"current_hp_per_floor":[62,55,71,71,64,26,26,21,21,42,36,28,28,28,28,7,55,48,55,55,49,49,72,53,53,53,48,48,39,27,27,50,25,65,28,28,28,64,64,64,64,64,64,64,64,64,64,22,41,14,36,57,64,64,59,52],"gold":47,"neow_bonus":"RANDOM_COMMON_RELIC","is_prod":false,"is_daily":false,"chose_seed":false,"campfire_upgraded":2,"win_rate":0,"timestamp":1550818064,"path_taken":["M","?","?","?","?","E","R","?","T","R","E","?","?","$","R","BOSS","M","?","?","?","?","R","E","?","T","M","R","E","M","$","R","BOSS","M","?","$","?","?","E","R","R","T","M","$","M","R","E","R","BOSS","BOSS","R","$","E","BOSS"],"build_version":"2019-01-23","purchased_purges":1,"victory":true,"max_hp_per_floor":[71,71,71,71,71,71,71,71,71,71,71,71,71,71,71,71,71,71,78,78,78,78,78,78,78,78,78,78,78,78,78,78,78,78,78,78,78,64,64,64,64,64,64,64,64,64,64,64,64,64,64,64,64,64,64,64],"card_choices":[{"not_picked":["Rebound","Lockon","Compile Driver"],"picked":"SKIP","floor":1},{"not_picked":["Rebound","Redo"],"picked":"Cold Snap","floor":2},{"not_picked":["Compile Driver","Hologram","Aggregate"],"picked":"SKIP","floor":6},{"not_picked":["Coolheaded","Beam Cell"],"picked":"Ball Lightning","floor":8},{"not_picked":["Reprogram","Conserve Battery"],"picked":"BootSequence","floor":11},{"not_picked":["Compile Driver","Leap"],"picked":"Conserve Battery","floor":12},{"not_picked":["Rainbow","Amplify"],"picked":"Core Surge","floor":16},{"not_picked":["Tempest","Genetic Algorithm+1"],"picked":"Coolheaded","floor":18},{"not_picked":["Go for the Eyes","Leap"],"picked":"FTL","floor":21},{"not_picked":["Rebound","Leap"],"picked":"Cold Snap","floor":24},{"not_picked":["Gash","Compile Driver+1"],"picked":"BootSequence+1","floor":27},{"not_picked":["Cold Snap","Steam"],"picked":"White Noise","floor":29},{"not_picked":["Leap","Consume"],"picked":"Coolheaded","floor":30},{"not_picked":["Machine Learning+1","Thunder Strike"],"picked":"Echo Form+1","floor":33},{"not_picked":["Barrage","Reinforced Body+1"],"picked":"Chill","floor":35},{"not_picked":["Genetic Algorithm+1","Barrage+1","Melter"],"picked":"SKIP","floor":40},{"not_picked":["Genetic Algorithm+1","Barrage+1","Melter"],"picked":"SKIP","floor":40},{"not_picked":["Compile Driver+1","Coolheaded"],"picked":"Conserve Battery","floor":44},{"not_picked":["Ball Lightning","Rebound","Fusion+1"],"picked":"SKIP","floor":46},{"not_picked":["Coolheaded","Recycle"],"picked":"Gash","floor":48},{"not_picked":["Skim","Ball Lightning+1"],"picked":"Biased Cognition+1","floor":55}],"player_experience":1721532,"relics_obtained":[{"floor":6,"key":"Old Coin"},{"floor":9,"key":"WingedGreaves"},{"floor":11,"key":"Thread and Needle"},{"floor":12,"key":"Odd Mushroom"},{"floor":13,"key":"Potion Belt"},{"floor":24,"key":"Omamori"},{"floor":25,"key":"Peace Pipe"},{"floor":26,"key":"Frozen Egg 2"},{"floor":29,"key":"Unceasing Top"},{"floor":40,"key":"Pantograph"},{"floor":43,"key":"Dodecahedron"},{"floor":48,"key":"Mercury Hourglass"},{"floor":55,"key":"Happy Flower"}],"event_choices":[{"damage_healed":17,"gold_gain":0,"player_choice":"Healed","damage_taken":0,"max_hp_gain":0,"max_hp_loss":0,"event_name":"The Cleric","floor":3,"gold_loss":35},{"cards_removed":["Defend_B"],"damage_healed":0,"gold_gain":0,"player_choice":"Forget","damage_taken":0,"max_hp_gain":0,"max_hp_loss":0,"event_name":"Living Wall","floor":4,"gold_loss":0},{"cards_removed":["Defend_B"],"damage_healed":0,"gold_gain":0,"player_choice":"Card Removal","damage_taken":7,"max_hp_gain":0,"max_hp_loss":0,"event_name":"Golden Wing","floor":5,"gold_loss":0},{"damage_healed":0,"gold_gain":0,"player_choice":"Fought Mushrooms","damage_taken":0,"max_hp_gain":0,"max_hp_loss":0,"event_name":"Mushrooms","floor":12,"gold_loss":0},{"damage_healed":0,"gold_gain":0,"player_choice":"Obtained Relic","damage_taken":0,"relics_obtained":["Strawberry"],"max_hp_gain":0,"max_hp_loss":0,"event_name":"Addict","floor":19,"gold_loss":85},{"cards_removed":["Defend_B"],"damage_healed":0,"gold_gain":0,"player_choice":"Card Removal","damage_taken":0,"max_hp_gain":0,"max_hp_loss":0,"event_name":"Wheel of Change","floor":20,"gold_loss":0},{"damage_healed":0,"gold_gain":0,"player_choice":"Read","damage_taken":0,"max_hp_gain":0,"max_hp_loss":0,"event_name":"The Library","floor":22,"gold_loss":0,"cards_obtained":["Consume"]},{"damage_healed":0,"gold_gain":999,"player_choice":"Gold","damage_taken":0,"max_hp_gain":0,"max_hp_loss":0,"event_name":"MindBloom","floor":36,"gold_loss":0,"cards_obtained":["Normality","Normality"]},{"damage_healed":64,"gold_gain":0,"player_choice":"Heal","damage_taken":0,"max_hp_gain":0,"max_hp_loss":14,"event_name":"The Moai Head","floor":38,"gold_loss":0}],"is_beta":false,"boss_relics":[{"not_picked":["Orrery","Lizard Tail"],"picked":"Fusion Hammer"},{"not_picked":["Philosopher\u0027s Stone","Busted Crown"],"picked":"Nuclear Battery"}],"items_purged_floors":[37],"is_endless":false,"potions_floor_spawned":[2,11,18,29,30,33,35,40,55],"ascension_level":20}