{"gold_per_floor":[109,109,34,48,48,48,75,75,148,163,163,3,78,2,2,76,76,88,118,43,61,61,61,93,93,147,72,252,287,287,8,8,82,82,93,111,111,111,111,111,143,159,159,175,50,77,77,111,111,111,111],"floor_reached":51,"playtime":1957,"items_purged":["Strike_R","Strike_R","Defend_R"],"score":1651,"play_id":"b90cb5bf-f6ee-4a19-bdfd-4a2395b55f0d","local_time":"20190411211513","is_ascension_mode":true,"campfire_choices":[{"data":"Inflame","floor":6.0,"key":"SMITH"},{"data":"Shockwave","floor":8.0,"key":"SMITH"},{"floor":15.0,"key":"REST"},{"data":"Whirlwind","floor":23.0,"key":"SMITH"},{"data":"True Grit","floor":25.0,"key":"SMITH"},{"data":"Inflame","floor":30.0,"key":"SMITH"},{"floor":32.0,"key":"REST"},{"data":"Finesse","floor":40,"key":"SMITH"},{"floor":49,"key":"RECALL"}],"neow_cost":"NONE","seed_source_timestamp":413477472860800,"circlet_count":0,"master_deck":["AscendersBane","Strike_R+1","Defend_R","Defend_R","Defend_R","Finesse+1","True Grit+1","Inflame+1","Inflame+1","Whirlwind+1","Offering","Warcry","Reaper+1","Finesse","Battle Trance","Juggernaut+1","Deep Breath","Limit Break"],"special_seed":0,"relics":["Burning Blood","Lantern","Juzu Bracelet","Dodecahedron","Centennial Puzzle","Regal Pillow","Sozu","Red Mask","Charon\u0027s Ashes","Dream Catcher","Orichalcum","Frozen Egg 2","Busted Crown","Whetstone","Anchor","Pen Nib"],"potions_floor_usage":[44],"damage_taken":[{"damage":7.0,"enemies":"2 Louse","floor":1.0,"turns":3.0},{"damage":8.0,"enemies":"Small Slimes","floor":4.0,"turns":4.0},{"damage":47.0,"enemies":"Gremlin Nob","floor":7.0,"turns":5.0},{"damage":5.0,"enemies":"Jaw Worm","floor":10.0,"turns":4.0},{"damage":26.0,"enemies":"Slime Boss","floor":16.0,"turns":6.0},{"damage":7.0,"enemies":"2 Thieves","floor":18.0,"turns":2.0},{"damage":6.0,"enemies":"Masked Bandits","floor":19.0,"turns":1.0},{"damage":10.0,"enemies":"Shell Parasite","floor":21.0,"turns":5.0},{"damage":6.0,"enemies":"Slavers","floor":24.0,"turns":1.0},{"damage":14.0,"enemies":"Book of Stabbing","floor":29.0,"turns":3.0},{"damage":13.0,"enemies":"Champ","floor":33.0,"turns":13.0},{"damage":6.0,"enemies":"3 Darklings","floor":35.0,"turns":1.0},{"damage":6.0,"enemies":"Orb Walker","floor":36.0,"turns":3.0},{"damage":23,"enemies":"Nemesis","floor":41,"turns":5},{"damage":11,"enemies":"Sphere and 2 Shapes","floor":42,"turns":4},{"damage":21,"enemies":"Jaw Worm Horde","floor":44,"turns":3},{"damage":6,"enemies":"Giant Head","floor":46,"turns":4},{"damage":6,"enemies":"Reptomancer","floor":48,"turns":4},{"damage":38,"enemies":"Awakened One","floor":50,"turns":6},{"damage":72,"enemies":"Time Eater","floor":51,"turns":7}],"seed_played":"6053314916699784923","potions_obtained":[{"floor":7.0,"key":"BloodPotion"},{"floor":10.0,"key":"SteroidPotion"},{"floor":16.0,"key":"Poison Potion"}],"is_trial":false,"path_per_floor":["M","?","?","M","?","R","E","R","T","M","?","$","?","$","R","B",null,"M","?","?","M","?","R","E","R","T","$","?","E","R","$","R","B",null,"M","M","?","?","?","R","E","M","T","M","$","E","?","E","R","B","B"],"character_chosen":"IRONCLAD","items_purchased":["Regal Pillow","Whirlwind","Finesse","Battle Trance"],"campfire_rested":2,"item_purchase_floors":[12,14,31,31],"current_hp_per_floor":[67,67,67,65,65,65,24,24,24,32,27,27,16,16,53,33,65,64,64,64,60,60,60,60,60,60,60,32,24,24,24,61,69,74,74,75,65,65,65,65,55,66,66,75,75,75,75,75,75,57,0],"gold":111,"neow_bonus":"RANDOM_COLORLESS","is_prod":false,"is_daily":false,"chose_seed":false,"campfire_upgraded":6,"win_rate":0,"timestamp":1554984913,"path_taken":["M","?","?","M","?","R","E","R","T","M","?","$","?","?","R","BOSS","M","?","?","M","?","R","E","R","T","$","?","E","R","?","R","BOSS","M","M","?","?","?","R","E","M","T","M","$","E","?","E","R","BOSS","BOSS"],"build_version":"2019-01-23","purchased_purges":3,"victory":false,"max_hp_per_floor":[75,75,75,75,75,75,75,75,75,75,75,75,75,75,75,75,75,75,75,75,75,75,75,75,75,75,75,75,75,75,75,75,75,75,75,75,75,75,75,75,75,75,75,75,75,75,75,75,75,75,75],"card_choices":[{"not_picked":["Havoc","Combust"],"picked":"True Grit","floor":1.0},{"not_picked":["Havoc","Second Wind"],"picked":"Shockwave","floor":4.0},{"not_picked":["Clothesline","Thunderclap","Warcry"],"picked":"SKIP","floor":7.0},{"not_picked":["Flex","Rage"],"picked":"Inflame","floor":10.0},{"not_picked":["Demon Form","Impervious"],"picked":"Offering","floor":16.0},{"not_picked":["Shockwave","Anger","Ghostly Armor"],"picked":"SKIP","floor":18.0},{"not_picked":["Headbutt","Fire Breathing","Thunderclap"],"picked":"SKIP","floor":21.0},{"not_picked":["Bloodletting","Headbutt"],"picked":"Warcry","floor":24.0},{"not_picked":["True Grit","Seeing Red"],"picked":"Reaper","floor":29.0},{"not_picked":["Double Tap","Limit Break"],"picked":"Juggernaut+1","floor":33.0},{"not_picked":["Thunderclap"],"picked":"SKIP","floor":35.0},{"not_picked":["Thunderclap+1"],"picked":"SKIP","floor":36},{"not_picked":[],"picked":"Deep Breath","floor":37},{"not_picked":["Twin Strike"],"picked":"SKIP","floor":41},{"not_picked":["Rage+1"],"picked":"SKIP","floor":42},{"not_picked":["Iron Wave"],"picked":"SKIP","floor":44},{"not_picked":["Rage"],"picked":"SKIP","floor":46},{"not_picked":[],"picked":"Limit Break","floor":48}],"player_experience":3063410,"relics_obtained":[{"floor":7.0,"key":"Juzu Bracelet"},{"floor":9.0,"key":"Dodecahedron"},{"floor":19.0,"key":"Red Mask"},{"floor":22.0,"key":"Charon\u0027s Ashes"},{"floor":24.0,"key":"Dream Catcher"},{"floor":26.0,"key":"Orichalcum"},{"floor":29.0,"key":"Frozen Egg 2"},{"floor":41,"key":"Whetstone"},{"floor":46,"key":"Anchor"},{"floor":48,"key":"Pen Nib"}],"event_choices":[{"damage_healed":0.0,"max_hp_gain":0.0,"max_hp_loss":0.0,"gold_gain":0.0,"event_name":"Big Fish","player_choice":"Box","floor":2.0,"gold_loss":0.0,"damage_taken":0.0,"relics_obtained":["Lantern"],"cards_obtained":["Regret"]},{"cards_removed":["Regret"],"damage_healed":0.0,"max_hp_gain":0.0,"max_hp_loss":0.0,"gold_gain":0.0,"event_name":"The Cleric","player_choice":"Card Removal","floor":3.0,"gold_loss":75.0,"damage_taken":0.0},{"damage_healed":0.0,"max_hp_gain":0.0,"max_hp_loss":0.0,"gold_gain":0.0,"cards_transformed":["Strike_R"],"event_name":"Living Wall","player_choice":"Change","floor":5.0,"gold_loss":0.0,"damage_taken":0.0,"cards_obtained":["Inflame"]},{"damage_healed":0.0,"max_hp_gain":0.0,"max_hp_loss":0.0,"gold_gain":0.0,"event_name":"Scrap Ooze","player_choice":"Success","floor":11.0,"gold_loss":0.0,"damage_taken":5.0,"relics_obtained":["Centennial Puzzle"]},{"damage_healed":0.0,"max_hp_gain":0.0,"max_hp_loss":0.0,"gold_gain":75.0,"event_name":"World of Goop","player_choice":"Gather Gold","floor":13.0,"gold_loss":0.0,"damage_taken":11.0},{"damage_healed":0.0,"max_hp_gain":0.0,"max_hp_loss":0.0,"gold_gain":0.0,"event_name":"Masked Bandits","player_choice":"Fought Bandits","floor":19.0,"gold_loss":0.0,"damage_taken":0.0},{"cards_removed":["Strike_R"],"damage_healed":0.0,"max_hp_gain":0.0,"max_hp_loss":0.0,"gold_gain":0.0,"event_name":"Beggar","player_choice":"Gave Gold","floor":20.0,"gold_loss":75.0,"damage_taken":0.0},{"damage_healed":0.0,"max_hp_gain":0.0,"max_hp_loss":0.0,"gold_gain":0.0,"event_name":"Wheel of Change","player_choice":"Relic","floor":22.0,"gold_loss":0.0,"damage_taken":0.0},{"damage_healed":0.0,"max_hp_gain":0.0,"max_hp_loss":0.0,"gold_gain":180.0,"event_name":"Knowing Skull","player_choice":"GOLD POTION GOLD ","floor":28.0,"potions_obtained":["SteroidPotion"],"gold_loss":0.0,"damage_taken":28.0,"cards_obtained":[]},{"damage_healed":0,"gold_gain":0,"player_choice":"Memory 3","damage_taken":10,"max_hp_gain":0,"max_hp_loss":0,"event_name":"SensoryStone","floor":37,"gold_loss":0},{"cards_removed":["Shockwave"],"damage_healed":0,"gold_gain":0,"player_choice":"Removed Skill","damage_taken":0,"max_hp_gain":0,"max_hp_loss":0,"event_name":"Falling","floor":38,"gold_loss":0},{"cards_removed":["Bash"],"damage_healed":0,"gold_gain":0,"player_choice":"Offered Basic","damage_taken":0,"max_hp_gain":0,"max_hp_loss":0,"event_name":"Bonfire Elementals","floor":39,"gold_loss":0},{"damage_healed":0,"gold_gain":0,"player_choice":"Ignored","damage_taken":0,"max_hp_gain":0,"max_hp_loss":0,"event_name":"Mysterious Sphere","floor":47,"gold_loss":0}],"is_beta":false,"boss_relics":[{"not_picked":["Empty Cage","Runic Pyramid"],"picked":"Sozu"},{"not_picked":["Runic Cube","Black Blood"],"picked":"Busted Crown"}],"items_purged_floors":[27,31,45],"is_endless":false,"potions_floor_spawned":[7,10,16,21,29,35,42,44,46],"killed_by":"Time Eater","ascension_level":20}