{"gold_per_floor":[117,117,117,2,12,12,12,23,69,82,102,102,102,136,136,210,210,220,238,148,148],"floor_reached":21,"playtime":407,"items_purged":[],"score":358,"play_id":"dc631d13-23cd-4bb0-8bc4-6e62b522b2ac","local_time":"20190424122402","is_ascension_mode":true,"campfire_choices":[{"data":"Perfected Strike","floor":6,"key":"SMITH"},{"data":"Disarm","floor":12,"key":"SMITH"},{"data":"Bash","floor":15,"key":"SMITH"}],"neow_cost":"NONE","seed_source_timestamp":174952687955400,"circlet_count":0,"master_deck":["AscendersBane","Strike_R+1","Strike_R","Strike_R","Strike_R","Strike_R","Defend_R","Defend_R","Defend_R","Defend_R","Bash+1","Burning Pact","Feel No Pain","Pommel Strike","Perfected Strike+1","Pommel Strike+1","Disarm+1","Twin Strike","Immolate","Wild Strike+1","Discovery"],"relics":["Coffee Dripper","Whetstone","NlothsMask","Bag of Preparation","Runic Dome"],"potions_floor_usage":[11,16,21],"damage_taken":[{"damage":9,"enemies":"Jaw Worm","floor":1,"turns":4},{"damage":10,"enemies":"2 Louse","floor":5,"turns":2},{"damage":0,"enemies":"Cultist","floor":8,"turns":2},{"damage":0,"enemies":"3 Louse","floor":10,"turns":2},{"damage":9,"enemies":"Lots of Slimes","floor":11,"turns":4},{"damage":24,"enemies":"Gremlin Nob","floor":14,"turns":4},{"damage":13,"enemies":"Hexaghost","floor":16,"turns":7},{"damage":0,"enemies":"Chosen","floor":18,"turns":2},{"damage":13,"enemies":"Shell Parasite","floor":19,"turns":2},{"damage":23,"enemies":"Sentry and Sphere","floor":21,"turns":4}],"seed_played":"9179852106751703068","potions_obtained":[{"floor":1,"key":"GamblersBrew"},{"floor":11,"key":"Fruit Juice"},{"floor":16,"key":"Poison Potion"},{"floor":18,"key":"FearPotion"}],"is_trial":false,"path_per_floor":["M","?","?","$","M","R","$","M","T","M","M","R","?","E","R","B",null,"M","M","$","M"],"character_chosen":"IRONCLAD","items_purchased":["Feel No Pain","Pommel Strike","Discovery"],"campfire_rested":0,"item_purchase_floors":[4,4,20],"current_hp_per_floor":[59,59,59,59,49,49,49,49,49,49,45,45,45,21,21,8,62,62,49,49,26],"gold":148,"neow_bonus":"BOSS_RELIC","is_prod":false,"is_daily":false,"chose_seed":false,"campfire_upgraded":3,"win_rate":0,"timestamp":1556076242,"path_taken":["M","?","?","$","M","R","?","M","T","?","M","R","?","E","R","BOSS","M","M","?","M"],"build_version":"2019-01-23","purchased_purges":0,"victory":false,"max_hp_per_floor":[75,75,75,75,75,75,75,75,75,75,80,80,80,80,80,80,80,80,80,80,80],"card_choices":[{"not_picked":["Intimidate","Thunderclap"],"picked":"Burning Pact","floor":1},{"not_picked":["Uppercut","Havoc"],"picked":"Perfected Strike","floor":5},{"not_picked":["Sentinel","Reckless Charge"],"picked":"Pommel Strike","floor":8},{"not_picked":["Entrench","Havoc","Headbutt"],"picked":"SKIP","floor":10},{"not_picked":["Hemokinesis","True Grit"],"picked":"Disarm","floor":11},{"not_picked":["Shrug It Off","Inflame"],"picked":"Twin Strike","floor":14},{"not_picked":["Impervious","Offering"],"picked":"Immolate","floor":16},{"not_picked":["Headbutt","Ghostly Armor","Metallicize"],"picked":"SKIP","floor":18},{"not_picked":["Anger","Carnage"],"picked":"Wild Strike+1","floor":19}],"player_experience":3331286,"relics_obtained":[{"floor":9,"key":"Whetstone"},{"floor":14,"key":"Bag of Preparation"}],"event_choices":[{"damage_healed":0,"gold_gain":0,"player_choice":"Ignored","damage_taken":0,"max_hp_gain":0,"max_hp_loss":0,"event_name":"Shining Light","floor":2,"gold_loss":0},{"damage_healed":0,"gold_gain":0,"player_choice":"Ignored","damage_taken":0,"max_hp_gain":0,"max_hp_loss":0,"event_name":"Liars Game","floor":3,"gold_loss":0},{"damage_healed":0,"gold_gain":0,"player_choice":"Trade","damage_taken":0,"relics_obtained":["NlothsMask"],"max_hp_gain":0,"max_hp_loss":0,"event_name":"FaceTrader","floor":13,"gold_loss":0}],"is_beta":false,"boss_relics":[{"not_picked":["Runic Pyramid","Fusion Hammer"],"picked":"Runic Dome"}],"items_purged_floors":[],"is_endless":false,"potions_floor_spawned":[1,11,16,18],"killed_by":"Sentry and Sphere","ascension_level":20}