{"gold_per_floor":[112,124,41,58,58,58,58,58,126,146,146,180,180,194,194,272,272,287,210,229,229],"floor_reached":21,"playtime":1013,"items_purged":[],"score":340,"play_id":"137e14eb-393c-47ce-8cda-6e064c3a3ce9","local_time":"20190401150159","is_ascension_mode":true,"campfire_choices":[{"data":"Loop","floor":6,"key":"SMITH"},{"floor":8,"key":"REST"},{"data":"Self Repair","floor":13,"key":"SMITH"},{"floor":15,"key":"REST"}],"neow_cost":"NONE","seed_source_timestamp":1554416848257125,"circlet_count":0,"master_deck":["AscendersBane","Strike_B","Strike_B","Defend_B","Defend_B","Defend_B","Zap","Dualcast","Cold Snap","Cold Snap","Loop+1","Streamline+1","Force Field","Self Repair+1","Chill","Buffer","Fusion+1","Creative AI+1","Barrage+1","Ball Lightning","Loop","Conserve Battery+1"],"relics":["Cracked Core","DataDisk","Letter Opener","Juzu Bracelet","Astrolabe"],"potions_floor_usage":[12,14,18,20],"damage_taken":[{"damage":2,"enemies":"Jaw Worm","floor":1,"turns":3},{"damage":2,"enemies":"Small Slimes","floor":2,"turns":3},{"damage":0,"enemies":"Cultist","floor":4,"turns":3},{"damage":3,"enemies":"Looter","floor":10,"turns":3},{"damage":10,"enemies":"Lagavulin","floor":12,"turns":5},{"damage":5,"enemies":"Gremlin Gang","floor":14,"turns":5},{"damage":32,"enemies":"Slime Boss","floor":16,"turns":12},{"damage":22,"enemies":"Shell Parasite","floor":18,"turns":7},{"damage":21,"enemies":"3 Byrds","floor":20,"turns":4},{"damage":33,"enemies":"Colosseum Slavers","floor":21,"turns":3}],"seed_played":"-8809873694717436791","potions_obtained":[{"floor":1,"key":"Energy Potion"},{"floor":10,"key":"FocusPotion"},{"floor":16,"key":"SpeedPotion"},{"floor":18,"key":"Explosive Potion"}],"is_trial":false,"path_per_floor":["M","M","$","M","$","R","$","R","T","M","?","E","R","M","R","B",null,"M","$","M","?"],"character_chosen":"DEFECT","items_purchased":["Loop","Loop"],"campfire_rested":2,"item_purchase_floors":[3,19],"current_hp_per_floor":[62,60,60,60,60,60,60,71,71,68,68,58,58,63,71,49,66,54,54,33,0],"gold":229,"neow_bonus":"RANDOM_COMMON_RELIC","is_prod":false,"is_daily":false,"chose_seed":false,"campfire_upgraded":2,"win_rate":0,"timestamp":1554120119,"path_taken":["M","M","$","M","$","R","$","R","T","M","?","E","R","M","R","BOSS","M","$","M","?"],"build_version":"2019-01-23","purchased_purges":0,"victory":false,"max_hp_per_floor":[71,71,71,71,71,71,71,71,71,71,71,71,71,71,71,71,71,71,71,71,71],"card_choices":[{"not_picked":["Sunder","Steam Power"],"picked":"Cold Snap","floor":1},{"not_picked":["Coolheaded","Go for the Eyes"],"picked":"Cold Snap","floor":2},{"not_picked":["Reprogram","Sweeping Beam"],"picked":"Streamline","floor":4},{"not_picked":["Darkness","Hologram"],"picked":"Force Field","floor":10},{"not_picked":["Stack","Coolheaded"],"picked":"Self Repair","floor":12},{"not_picked":["Compile Driver","Hyperbeam"],"picked":"Chill","floor":14},{"not_picked":["Seek","Thunder Strike"],"picked":"Buffer","floor":16},{"not_picked":["BootSequence+1","Skim+1"],"picked":"Ball Lightning","floor":18},{"not_picked":["Compile Driver","Hologram"],"picked":"Conserve Battery+1","floor":20}],"player_experience":1147396,"relics_obtained":[{"floor":9,"key":"Letter Opener"},{"floor":12,"key":"Juzu Bracelet"}],"event_choices":[{"damage_healed":0,"gold_gain":0,"player_choice":"Grow","damage_taken":0,"max_hp_gain":0,"max_hp_loss":0,"event_name":"Living Wall","floor":11,"gold_loss":0,"cards_upgraded":["Streamline"]},{"damage_healed":0,"gold_gain":0,"player_choice":"Fight","damage_taken":0,"max_hp_gain":0,"max_hp_loss":0,"event_name":"Colosseum","floor":21,"gold_loss":0}],"is_beta":false,"boss_relics":[{"not_picked":["Snecko Eye","Pandora\u0027s Box"],"picked":"Astrolabe"}],"items_purged_floors":[],"is_endless":false,"potions_floor_spawned":[1,10,16,18],"killed_by":"Colosseum Slavers","ascension_level":18}