{"gold_per_floor":[117,117,117,117,137,137,181,181,205,249,300,320,320,31,31,120,120,141,141,155,212,237,237,276,353,407,407,430,466,481,517,517,607,607,621,677,697,59,75,75,75,116,116,132,132,4,4,4,4,4],"floor_reached":51,"playtime":3329,"items_purged":["Blade Dance","Doubt"],"score":1405,"play_id":"a7645ae5-96c9-4411-a7b1-b3ef1f1feecd","local_time":"20181207155908","is_ascension_mode":true,"campfire_choices":[{"data":"Neutralize","floor":6,"key":"SMITH"},{"data":"Bullet Time","floor":8,"key":"SMITH"},{"data":"Infinite Blades","floor":13,"key":"SMITH"},{"data":"A Thousand Cuts","floor":15,"key":"SMITH"},{"data":"Cloak And Dagger","floor":23,"key":"SMITH"},{"data":"Venomology","floor":27,"key":"SMITH"},{"data":"Footwork","floor":32,"key":"SMITH"},{"data":"After Image","floor":40,"key":"SMITH"},{"data":"Wraith Form v2","floor":45,"key":"SMITH"},{"data":"Malaise","floor":47,"key":"SMITH"},{"data":"Dash","floor":49,"key":"SMITH"}],"neow_cost":"NONE","seed_source_timestamp":1040437474259960,"circlet_count":0,"master_deck":["AscendersBane","Defend_G","Defend_G","Defend_G","Defend_G","Defend_G","Strike_G","Strike_G","Strike_G","Strike_G","Strike_G","Survivor","Neutralize+1","Flying Knee","Deflect","Bullet Time+1","Infinite Blades+1","Quick Slash","A Thousand Cuts+1","Finesse","Venomology+1","Backflip","Terror","Cloak And Dagger+1","Infinite Blades","Dash+1","Predator","Footwork+1","Malaise+1","Clumsy","Skewer+1","Crippling Poison","Wraith Form v2+1","After Image+1","Noxious Fumes+1","Quick Slash+1","PiercingWail"],"relics":["Ring of the Snake","NeowsBlessing","Golden Idol","PreservedInsect","Dream Catcher","Gremlin Horn","Potion Belt","Coffee Dripper","Tiny Chest","Darkstone Periapt","Meat on the Bone","Lantern","Strawberry","Omamori","Calling Bell","Regal Pillow","Molten Egg 2","Unceasing Top","The Specimen","Vajra","Chemical X","Thread and Needle","Shuriken","FaceOfCleric"],"potions_floor_usage":[10,16,22,24,24,28,28,29,29,29,30,33,33,33,33,36,36,36,39,44,50,50,50,50],"damage_taken":[{"damage":0,"enemies":"Jaw Worm","floor":1,"turns":1},{"damage":0,"enemies":"2 Louse","floor":5,"turns":1},{"damage":0,"enemies":"Gremlin Nob","floor":7,"turns":1},{"damage":8,"enemies":"3 Sentries","floor":10,"turns":11},{"damage":0,"enemies":"Cultist","floor":12,"turns":4},{"damage":39,"enemies":"Hexaghost","floor":16,"turns":11},{"damage":2,"enemies":"3 Byrds","floor":18,"turns":4},{"damage":20,"enemies":"Chosen","floor":20,"turns":5},{"damage":4,"enemies":"Centurion and Healer","floor":22,"turns":6},{"damage":0,"enemies":"Gremlin Leader","floor":24,"turns":5},{"damage":9,"enemies":"Snake Plant","floor":28,"turns":6},{"damage":12,"enemies":"Slavers","floor":29,"turns":4},{"damage":3,"enemies":"Cultist and Chosen","floor":30,"turns":4},{"damage":4,"enemies":"Gremlin Leader","floor":31,"turns":6},{"damage":11,"enemies":"Champ","floor":33,"turns":10},{"damage":8,"enemies":"Orb Walker","floor":35,"turns":4},{"damage":39,"enemies":"2 Orb Walkers","floor":36,"turns":5},{"damage":12,"enemies":"3 Shapes","floor":37,"turns":3},{"damage":13,"enemies":"Spire Growth","floor":39,"turns":5},{"damage":47,"enemies":"Nemesis","floor":42,"turns":7},{"damage":0,"enemies":"Transient","floor":44,"turns":5},{"damage":49,"enemies":"Time Eater","floor":50,"turns":10}],"seed_played":"2393831623540776174","potions_obtained":[{"floor":5,"key":"EssenceOfSteel"},{"floor":7,"key":"Energy Potion"},{"floor":12,"key":"SkillPotion"},{"floor":22,"key":"LiquidBronze"},{"floor":24,"key":"PowerPotion"},{"floor":28,"key":"Fire Potion"},{"floor":30,"key":"GhostInAJar"},{"floor":35,"key":"LiquidBronze"},{"floor":42,"key":"Fire Potion"},{"floor":44,"key":"Ancient Potion"}],"is_trial":false,"path_per_floor":["M","?","?","?","M","R","E","R","T","E","T","M","R","$","R","B",null,"M","?","M","T","M","R","E","T","T","R","M","E","M","E","R","B",null,"M","?","M","$","M","R","?","E","T","M","R","$","R","?","R","B",null],"character_chosen":"THE_SILENT","items_purchased":["A Thousand Cuts","Finesse","Blade Dance","Vajra","Chemical X","Wraith Form v2","PiercingWail"],"campfire_rested":0,"item_purchase_floors":[14,14,14,38,38,38,46],"current_hp_per_floor":[59,59,59,64,64,64,64,64,64,56,56,56,56,56,56,17,53,51,51,31,31,27,27,27,27,27,27,30,37,46,42,42,43,71,63,36,36,36,35,35,84,49,49,49,49,49,49,49,49,21],"gold":4,"neow_bonus":"THREE_ENEMY_KILL","is_prod":false,"is_daily":false,"chose_seed":false,"campfire_upgraded":11,"win_rate":0,"timestamp":1544169548,"path_taken":["M","?","?","?","M","R","E","R","T","E","?","M","R","?","R","BOSS","M","?","M","?","M","R","E","?","T","R","M","E","M","E","R","BOSS","M","?","M","$","M","R","?","E","T","M","R","?","R","?","R","BOSS"],"build_version":"2018-11-15","purchased_purges":2,"victory":true,"max_hp_per_floor":[66,66,60,65,65,65,65,65,65,65,65,65,65,65,65,65,65,65,65,65,65,65,65,65,65,65,65,65,72,72,72,72,72,78,78,78,78,78,78,78,84,84,84,84,84,84,84,84,84,85],"card_choices":[{"not_picked":["Quick Slash","Setup"],"picked":"Flying Knee","floor":1},{"not_picked":["Outmaneuver","Dodge and Roll"],"picked":"Deflect","floor":5},{"not_picked":["Deadly Poison","Accuracy"],"picked":"Bullet Time","floor":7},{"not_picked":["Poisoned Stab","Flying Knee"],"picked":"Infinite Blades","floor":10},{"not_picked":["Underhanded Strike","Flying Knee"],"picked":"Quick Slash","floor":12},{"not_picked":["Corpse Explosion","Bullet Time"],"picked":"Venomology","floor":16},{"not_picked":["Underhanded Strike","Bouncing Flask+1"],"picked":"Backflip","floor":18},{"not_picked":["Poisoned Stab","Backflip"],"picked":"Terror","floor":20},{"not_picked":["Sucker Punch","Quick Slash"],"picked":"Cloak And Dagger","floor":22},{"not_picked":["Flying Knee+1","Eviscerate"],"picked":"Infinite Blades","floor":24},{"not_picked":["Flying Knee","Flechettes"],"picked":"Dash","floor":28},{"not_picked":["Leg Sweep","Expertise"],"picked":"Predator","floor":29},{"not_picked":["Sucker Punch","Outmaneuver"],"picked":"Footwork","floor":30},{"not_picked":["Phantasmal Killer","Eviscerate","Distraction"],"picked":"SKIP","floor":31},{"not_picked":["Storm of Steel","Corpse Explosion"],"picked":"Malaise","floor":33},{"not_picked":["Riddle With Holes+1","Underhanded Strike+1","Setup"],"picked":"SKIP","floor":35},{"not_picked":["Setup","Eviscerate+1"],"picked":"Skewer+1","floor":36},{"not_picked":["Underhanded Strike+1","Flying Knee+1"],"picked":"Crippling Poison","floor":37},{"not_picked":["Crippling Poison","Noxious Fumes"],"picked":"After Image","floor":39},{"not_picked":["Outmaneuver","Infinite Blades+1"],"picked":"Noxious Fumes+1","floor":42},{"not_picked":["Underhanded Strike+1","Flying Knee+1"],"picked":"Quick Slash+1","floor":44}],"player_experience":608535,"relics_obtained":[{"floor":7,"key":"PreservedInsect"},{"floor":9,"key":"Dream Catcher"},{"floor":10,"key":"Gremlin Horn"},{"floor":11,"key":"Potion Belt"},{"floor":21,"key":"Tiny Chest"},{"floor":24,"key":"Darkstone Periapt"},{"floor":25,"key":"Meat on the Bone"},{"floor":26,"key":"Lantern"},{"floor":29,"key":"Strawberry"},{"floor":31,"key":"Omamori"},{"floor":34,"key":"Regal Pillow"},{"floor":34,"key":"Molten Egg 2"},{"floor":34,"key":"Unceasing Top"},{"floor":36,"key":"The Specimen"},{"floor":42,"key":"Thread and Needle"},{"floor":43,"key":"Shuriken"}],"event_choices":[{"damage_healed":0,"gold_gain":0,"player_choice":"Ignored","damage_taken":0,"max_hp_gain":0,"max_hp_loss":0,"event_name":"Liars Game","floor":2,"gold_loss":0},{"damage_healed":0,"gold_gain":0,"player_choice":"Lose Max HP","damage_taken":0,"relics_obtained":["Golden Idol"],"max_hp_gain":0,"max_hp_loss":6,"event_name":"Golden Idol","floor":3,"gold_loss":0},{"damage_healed":0,"gold_gain":0,"player_choice":"Donut","damage_taken":0,"max_hp_gain":5,"max_hp_loss":0,"event_name":"Big Fish","floor":4,"gold_loss":0},{"damage_healed":0,"gold_gain":0,"player_choice":"Ignored","damage_taken":0,"max_hp_gain":0,"max_hp_loss":0,"event_name":"Ghosts","floor":19,"gold_loss":0},{"damage_healed":0,"gold_gain":0,"player_choice":"Fight","damage_taken":0,"max_hp_gain":0,"max_hp_loss":0,"event_name":"Mysterious Sphere","floor":36,"gold_loss":0},{"damage_healed":43,"gold_gain":0,"player_choice":"Heal","damage_taken":0,"max_hp_gain":0,"max_hp_loss":0,"event_name":"MindBloom","floor":41,"gold_loss":0,"cards_obtained":["Doubt"]},{"damage_healed":0,"gold_gain":0,"player_choice":"Trade","damage_taken":0,"relics_obtained":["FaceOfCleric"],"max_hp_gain":0,"max_hp_loss":0,"event_name":"FaceTrader","floor":48,"gold_loss":0}],"is_beta":true,"boss_relics":[{"not_picked":["Cursed Key","Velvet Choker"],"picked":"Coffee Dripper"},{"not_picked":["Astrolabe","Philosopher\u0027s Stone"],"picked":"Calling Bell"}],"items_purged_floors":[38,46],"is_endless":false,"potions_floor_spawned":[5,7,12,22,24,28,30,35,42,44],"ascension_level":16}