{"gold_per_floor":[116,128,140,140,140,140,175,175,175,214,214,214,245,288,288,379,379,399,399,399,128,153,153,171,171,171,203,232,262,312,340,340,413,413,426,426,440,457,78,104,104,137,137,172,197,225,225,253,253,253,253],"floor_reached":52,"playtime":4167,"items_purged":[],"score":2592,"play_id":"3dd37da9-cfb0-4aea-9519-24c60c7ec8ff","local_time":"20181210045826","daily_mods":["Draft","Heirloom","Flight","DeadlyEvents","Elite Swarm"],"is_ascension_mode":true,"campfire_choices":[{"data":"Defragment","floor":6.0,"key":"SMITH"},{"data":"Fission","floor":8.0,"key":"SMITH"},{"data":"Go for the Eyes","floor":11.0,"key":"SMITH"},{"data":"Hologram","floor":12.0,"key":"SMITH"},{"data":"Beam Cell","floor":15.0,"key":"SMITH"},{"data":"Apotheosis","floor":23.0,"key":"SMITH"},{"floor":25.0,"key":"REST"},{"floor":32,"key":"REST"},{"floor":41,"key":"REST"},{"data":"Fission","floor":47,"key":"SMITH"},{"floor":49,"key":"REST"}],"neow_cost":"","seed_source_timestamp":1254713459489793,"circlet_count":0,"master_deck":["AscendersBane","Beam Cell+1","Genetic Algorithm","Defragment+1","Genetic Algorithm+1","Streamline","Ball Lightning+1","Barrage+1","Go for the Eyes+1","Hologram+1","Cold Snap","Compile Driver","Compile Driver","Cold Snap","Sweeping Beam","Coolheaded","Coolheaded+1","Barrage","Fission+1","Biased Cognition","Core Surge","Echo Form+1","Machine Learning","Apotheosis+1","Loop","Defragment+1","Steam+1","Rainbow","Machine Learning+1","Hologram","Fission+1"],"special_seed":0,"relics":["Cracked Core","Ginger","Mango","Bloody Idol","Gambling Chip","Symbiotic Virus","Calipers","Boot","Vajra","Busted Crown","Dream Catcher","Regal Pillow","Bronze Scales","Strawberry","Frozen Egg 2","Pen Nib","White Beast Statue","Thread and Needle","War Paint","Whetstone","Torii","Art of War","Incense Burner","DataDisk","Nunchaku"],"potions_floor_usage":[28,38,44],"damage_taken":[{"damage":0.0,"enemies":"Cultist","floor":1.0,"turns":3.0},{"damage":11.0,"enemies":"2 Louse","floor":2.0,"turns":2.0},{"damage":6.0,"enemies":"Jaw Worm","floor":3.0,"turns":3.0},{"damage":6.0,"enemies":"Lagavulin","floor":7.0,"turns":5.0},{"damage":6.0,"enemies":"3 Sentries","floor":10.0,"turns":4.0},{"damage":12.0,"enemies":"Lagavulin","floor":13.0,"turns":3.0},{"damage":0.0,"enemies":"Gremlin Nob","floor":14.0,"turns":2.0},{"damage":6.0,"enemies":"The Guardian","floor":16.0,"turns":8.0},{"damage":21.0,"enemies":"2 Thieves","floor":18.0,"turns":3.0},{"damage":19.0,"enemies":"Gremlin Leader","floor":22.0,"turns":5.0},{"damage":0.0,"enemies":"3 Byrds","floor":24.0,"turns":3.0},{"damage":29.0,"enemies":"Slavers","floor":27.0,"turns":5.0},{"damage":18,"enemies":"Book of Stabbing","floor":28,"turns":4},{"damage":0,"enemies":"Gremlin Leader","floor":29,"turns":5},{"damage":14,"enemies":"Slavers","floor":31,"turns":5},{"damage":0,"enemies":"Automaton","floor":33,"turns":7},{"damage":33,"enemies":"3 Darklings","floor":35,"turns":4},{"damage":8,"enemies":"Orb Walker","floor":37,"turns":3},{"damage":1,"enemies":"Transient","floor":38,"turns":6},{"damage":22,"enemies":"Nemesis","floor":40,"turns":5},{"damage":18,"enemies":"Giant Head","floor":42,"turns":6},{"damage":1,"enemies":"Reptomancer","floor":44,"turns":7},{"damage":9,"enemies":"Giant Head","floor":45,"turns":6},{"damage":8,"enemies":"Reptomancer","floor":46,"turns":5},{"damage":0,"enemies":"Nemesis","floor":48,"turns":6},{"damage":0,"enemies":"Donu and Deca","floor":50,"turns":9},{"damage":10,"enemies":"Time Eater","floor":51,"turns":9}],"seed_played":"4778569145740743575","potions_obtained":[{"floor":3.0,"key":"Strength Potion"},{"floor":14.0,"key":"Dexterity Potion"},{"floor":18.0,"key":"Block Potion"},{"floor":22.0,"key":"Explosive Potion"},{"floor":35,"key":"Energy Potion"},{"floor":37,"key":"FocusPotion"},{"floor":38,"key":"Explosive Potion"},{"floor":42,"key":"Fruit Juice"},{"floor":44,"key":"Strength Potion"},{"floor":45,"key":"Energy Potion"}],"is_trial":true,"path_per_floor":["M","M","M","?","?","R","E","R","T","E","R","R","E","E","R","B",null,"M","?","?","$","E","R","M","R","T","E","E","E","?","E","R","B",null,"M","?","M","M","$","E","R","E","T","E","E","E","R","E","R","B","B",null],"character_chosen":"DEFECT","items_purchased":["Apotheosis","Loop","Thread and Needle","Hologram"],"campfire_rested":4,"item_purchase_floors":[21,21,39,39],"current_hp_per_floor":[64,53,47,56,56,56,50,50,50,44,44,44,32,32,32,26,64,43,43,43,43,29,29,34,57,57,33,27,32,37,28,68,73,81,53,53,50,54,54,37,77,64,64,73,69,66,66,71,89,89,79],"gold":253,"neow_bonus":"","is_prod":false,"is_daily":false,"chose_seed":false,"campfire_upgraded":7,"win_rate":0,"timestamp":1544389106,"path_taken":["M","?","?","?","?","R","E","R","T","E","R","R","E","E","R","BOSS","M","?","?","$","?","R","?","R","T","E","?","E","?","?","R","BOSS","M","?","?","M","$","E","R","E","T","E","?","E","R","E","R","BOSS","BOSS"],"build_version":"2018-12-06","purchased_purges":0,"victory":true,"max_hp_per_floor":[71,71,71,85,77,77,77,77,77,77,77,77,77,77,77,77,77,77,77,77,77,77,77,77,77,77,77,84,84,84,84,84,84,84,84,84,84,84,84,84,84,84,84,89,89,89,89,89,89,89,89],"card_choices":[{"not_picked":["Turbo","Conserve Battery"],"picked":"Beam Cell","floor":0.0},{"not_picked":["Coolheaded","Redo"],"picked":"Genetic Algorithm","floor":0.0},{"not_picked":["Conserve Battery","Chaos"],"picked":"Defragment","floor":0.0},{"not_picked":["Doom and Gloom","Chaos"],"picked":"Genetic Algorithm","floor":0.0},{"not_picked":["BootSequence","Recycle"],"picked":"Streamline","floor":0.0},{"not_picked":["Aggregate","Compile Driver"],"picked":"Ball Lightning","floor":0.0},{"not_picked":["Reprogram","Turbo"],"picked":"Barrage","floor":0.0},{"not_picked":["Redo","Beam Cell"],"picked":"Go for the Eyes","floor":0.0},{"not_picked":["Steam Power","Blizzard"],"picked":"Hologram","floor":0.0},{"not_picked":["Gash","Redo"],"picked":"Cold Snap","floor":0.0},{"not_picked":["Aggregate","Hello World"],"picked":"Compile Driver","floor":0.0},{"not_picked":["Beam Cell","Redo"],"picked":"Compile Driver","floor":0.0},{"not_picked":["Compile Driver","Stack"],"picked":"Cold Snap","floor":0.0},{"not_picked":["Go for the Eyes","Redo"],"picked":"Sweeping Beam","floor":0.0},{"not_picked":["Streamline","Sweeping Beam"],"picked":"Coolheaded","floor":0.0},{"not_picked":["Gash","Rebound"],"picked":"Coolheaded","floor":1.0},{"not_picked":["Lockon","Consume","Barrage"],"picked":"SKIP","floor":2.0},{"not_picked":["Cold Snap","Compile Driver"],"picked":"Barrage","floor":3.0},{"not_picked":["Thunder Strike","All For One"],"picked":"Fission","floor":7.0},{"not_picked":["All For One","Amplify"],"picked":"Biased Cognition","floor":10.0},{"not_picked":["Thunder Strike","Multi-Cast"],"picked":"Core Surge","floor":13.0},{"not_picked":["Buffer","Seek"],"picked":"Echo Form","floor":14.0},{"not_picked":["Rainbow","Seek"],"picked":"Machine Learning","floor":16.0},{"not_picked":["Streamline"],"picked":"SKIP","floor":18.0},{"not_picked":["Reboot"],"picked":"SKIP","floor":22.0},{"not_picked":["Reboot"],"picked":"SKIP","floor":22.0},{"not_picked":[],"picked":"Defragment+1","floor":24.0},{"not_picked":[],"picked":"Steam+1","floor":25.0},{"not_picked":[],"picked":"Rainbow","floor":27.0},{"not_picked":["Fission"],"picked":"SKIP","floor":28},{"not_picked":[],"picked":"Machine Learning","floor":29},{"not_picked":["Biased Cognition+1"],"picked":"SKIP","floor":31},{"not_picked":["Stack"],"picked":"SKIP","floor":35},{"not_picked":["Steam"],"picked":"SKIP","floor":37},{"not_picked":["Turbo"],"picked":"SKIP","floor":38},{"not_picked":["Amplify"],"picked":"SKIP","floor":40},{"not_picked":["Biased Cognition+1"],"picked":"SKIP","floor":42},{"not_picked":["Rainbow"],"picked":"SKIP","floor":44},{"not_picked":["Machine Learning+1"],"picked":"SKIP","floor":45},{"not_picked":[],"picked":"Fission","floor":46},{"not_picked":["All For One"],"picked":"SKIP","floor":48}],"player_experience":635630,"relics_obtained":[{"floor":7.0,"key":"Gambling Chip"},{"floor":9.0,"key":"Symbiotic Virus"},{"floor":10.0,"key":"Calipers"},{"floor":13.0,"key":"Boot"},{"floor":14.0,"key":"Vajra"},{"floor":22.0,"key":"Dream Catcher"},{"floor":26.0,"key":"Regal Pillow"},{"floor":27.0,"key":"Bronze Scales"},{"floor":28,"key":"Strawberry"},{"floor":29,"key":"Frozen Egg 2"},{"floor":31,"key":"Pen Nib"},{"floor":40,"key":"War Paint"},{"floor":42,"key":"Whetstone"},{"floor":43,"key":"Torii"},{"floor":44,"key":"Art of War"},{"floor":45,"key":"Incense Burner"},{"floor":46,"key":"DataDisk"},{"floor":48,"key":"Nunchaku"}],"event_choices":[{"damage_healed":0.0,"max_hp_gain":0.0,"max_hp_loss":0.0,"gold_gain":0.0,"event_name":"Scrap Ooze","player_choice":"Success","floor":4.0,"gold_loss":0.0,"damage_taken":5.0,"relics_obtained":["Mango"]},{"damage_healed":0.0,"max_hp_gain":0.0,"max_hp_loss":8.0,"gold_gain":0.0,"event_name":"Golden Idol","player_choice":"Lose Max HP","floor":5.0,"gold_loss":0.0,"damage_taken":0.0,"relics_obtained":["Golden Idol"]},{"damage_healed":0.0,"max_hp_gain":0.0,"max_hp_loss":0.0,"gold_gain":0.0,"event_name":"Forgotten Altar","player_choice":"Gave Idol","floor":19.0,"relics_lost":["Golden Idol"],"gold_loss":0.0,"damage_taken":0.0,"relics_obtained":["Bloody Idol"]},{"damage_healed":0.0,"max_hp_gain":0.0,"max_hp_loss":0.0,"gold_gain":0.0,"event_name":"Match and Keep!","player_choice":"0 cards matched","floor":20.0,"gold_loss":0.0,"damage_taken":0.0,"cards_obtained":[]},{"damage_healed":0,"gold_gain":50,"player_choice":"Pray","damage_taken":0,"max_hp_gain":0,"max_hp_loss":0,"event_name":"Golden Shrine","floor":30,"gold_loss":0},{"damage_healed":0,"gold_gain":0,"player_choice":"Forge","damage_taken":0,"max_hp_gain":0,"max_hp_loss":0,"event_name":"Accursed Blacksmith","floor":36,"gold_loss":0,"cards_upgraded":["Echo Form"]}],"is_beta":true,"boss_relics":[{"not_picked":["Ectoplasm","Tiny House"],"picked":"Busted Crown"},{"not_picked":["Runic Dome","Empty Cage"],"picked":"White Beast Statue"}],"items_purged_floors":[],"is_endless":false,"potions_floor_spawned":[3,14,16,18,22,35,37,38,40,42,44,45,46,48],"ascension_level":20}