{"gold_per_floor":[110,110,61,61,80,80,92,17,91,122,140,170,170,22,22,121,121,138,151,30,42,54,54],"floor_reached":23,"playtime":1098,"items_purged":[],"score":306,"play_id":"38173619-0483-4e36-b614-266d90af740d","local_time":"20180906163425","is_ascension_mode":true,"campfire_choices":[{"data":"FTL","floor":6.0,"key":"SMITH"},{"floor":13.0,"key":"REST"},{"data":"Static Discharge","floor":15.0,"key":"SMITH"}],"neow_cost":"NONE","seed_source_timestamp":1894290042390918,"circlet_count":0,"master_deck":["Strike_B","Strike_B","Strike_B","Strike_B","Defend_B","Defend_B","Defend_B","Defend_B","Zap+1","Dualcast","AscendersBane","FTL+1","Chill","Heatsinks","Defragment","Hello World","Static Discharge+1","Electrodynamics","Loop","Glacier","Cold Snap","White Noise","Echo Form","FTL","BootSequence","Loop"],"special_seed":0,"relics":["Cracked Core","Symbiotic Virus","Unceasing Top","Tiny Chest","Orrery"],"potions_floor_usage":[16,16,21,21,23],"damage_taken":[{"damage":0.0,"enemies":"2 Louse","floor":1.0,"turns":1.0},{"damage":0.0,"enemies":"Jaw Worm","floor":5.0,"turns":2.0},{"damage":3.0,"enemies":"Small Slimes","floor":7.0,"turns":3.0},{"damage":4.0,"enemies":"Lagavulin","floor":10.0,"turns":5.0},{"damage":7.0,"enemies":"3 Louse","floor":11.0,"turns":4.0},{"damage":22,"enemies":"Hexaghost","floor":16,"turns":7},{"damage":3,"enemies":"Spheric Guardian","floor":18,"turns":5},{"damage":14,"enemies":"3 Byrds","floor":19,"turns":4},{"damage":14,"enemies":"Cultist and Chosen","floor":21,"turns":9},{"damage":14,"enemies":"Centurion and Healer","floor":22,"turns":4},{"damage":32,"enemies":"Book of Stabbing","floor":23,"turns":3}],"seed_played":"6249939562077489692","potions_obtained":[{"floor":4.0,"key":"Block Potion"},{"floor":7.0,"key":"AttackPotion"},{"floor":11.0,"key":"SpeedPotion"},{"floor":18,"key":"Fire Potion"},{"floor":22,"key":"Poison Potion"}],"is_trial":false,"path_per_floor":["M","?","$","?","M","R","M","$","T","E","M","?","R","$","R","B",null,"M","M","$","M","M"],"character_chosen":"DEFECT","items_purchased":["PowerPotion","Defragment","Static Discharge","FocusPotion","PowerPotion","FTL"],"campfire_rested":1,"item_purchase_floors":[3,8,14,14,20,20],"current_hp_per_floor":[68,68,68,68,68,68,65,65,65,61,54,51,73,73,73,51,69,66,52,52,45,31,0],"gold":54,"neow_bonus":"UPGRADE_CARD","is_prod":false,"is_daily":false,"chose_seed":false,"campfire_upgraded":2,"win_rate":0,"timestamp":1536240865,"path_taken":["M","?","$","?","M","R","?","$","T","E","M","?","R","$","R","BOSS","M","M","$","M","M","E"],"build_version":"2018-08-30","purchased_purges":0,"victory":false,"max_hp_per_floor":[75,75,75,75,75,75,75,75,75,75,75,75,75,75,75,75,75,75,75,75,75,75,75],"card_choices":[{"not_picked":["Gash","Stack"],"picked":"FTL","floor":1.0},{"not_picked":["Streamline","Leap"],"picked":"Chill","floor":5.0},{"not_picked":["Turbo","Rebound"],"picked":"Heatsinks","floor":7.0},{"not_picked":["Hologram","Streamline"],"picked":"Hello World","floor":10.0},{"not_picked":["Barrage","Sunder","Rebound"],"picked":"SKIP","floor":11.0},{"not_picked":["Meteor Strike","Seek"],"picked":"Electrodynamics","floor":16},{"not_picked":["Blizzard","Beam Cell"],"picked":"Loop","floor":17},{"not_picked":["Genetic Algorithm","Fusion"],"picked":"Glacier","floor":17},{"not_picked":["Leap","Compile Driver"],"picked":"Cold Snap","floor":17},{"not_picked":["Rebound","Fusion"],"picked":"White Noise","floor":18},{"not_picked":["Go for the Eyes","Steam"],"picked":"Echo Form","floor":19},{"not_picked":["Hologram","Turbo"],"picked":"BootSequence","floor":21},{"not_picked":["Coolheaded","Hologram"],"picked":"Loop","floor":22}],"player_experience":688833,"relics_obtained":[{"floor":9.0,"key":"Symbiotic Virus"},{"floor":10.0,"key":"Unceasing Top"}],"event_choices":[{"event_name":"Shining Light","player_choice":"Ignored","floor":2.0,"damage_taken":0.0},{"event_name":"The Lab","player_choice":"Got Potions","floor":4.0,"damage_taken":0.0},{"event_name":"Scrap Ooze","player_choice":"success","floor":12.0,"damage_taken":3.0}],"is_beta":false,"boss_relics":[{"not_picked":["Busted Crown","Tiny House"],"picked":"Orrery"}],"items_purged_floors":[],"is_endless":false,"potions_floor_spawned":[7,11,18,22],"killed_by":"Book of Stabbing","ascension_level":12}