{"gold_per_floor":[118,118,137,19,33,33,50,82,382,382],"floor_reached":10,"playtime":232,"items_purged":["Strike_R"],"score":136,"play_id":"83b71e38-f5f0-49e5-b340-36e703025bc5","local_time":"20190228184509","is_ascension_mode":true,"campfire_choices":[{"data":"Whirlwind","floor":6,"key":"SMITH"}],"neow_cost":"TEN_PERCENT_HP_LOSS","seed_source_timestamp":209610934400900,"circlet_count":0,"master_deck":["AscendersBane","Strike_R+1","Strike_R","Strike_R","Strike_R","Defend_R","Defend_R+1","Defend_R","Defend_R","Bash","Whirlwind+1","Inflame","Barricade"],"relics":["Burning Blood","Gambling Chip","Kunai","Old Coin"],"potions_floor_usage":[],"damage_taken":[{"damage":24,"enemies":"Jaw Worm","floor":1,"turns":5},{"damage":10,"enemies":"Small Slimes","floor":3,"turns":3},{"damage":0,"enemies":"Cultist","floor":5,"turns":3},{"damage":0,"enemies":"3 Louse","floor":7,"turns":1},{"damage":25,"enemies":"3 Sentries","floor":8,"turns":4},{"damage":8,"enemies":"Gremlin Nob","floor":10,"turns":3}],"seed_played":"-3317587647771001116","potions_obtained":[{"floor":1,"key":"Block Potion"},{"floor":5,"key":"Fire Potion"}],"is_trial":false,"path_per_floor":["M","?","M","$","M","R","M","E","T","E"],"character_chosen":"IRONCLAD","items_purchased":["Inflame"],"campfire_rested":0,"item_purchase_floors":[4],"current_hp_per_floor":[50,30,26,26,32,32,38,19,19,11],"gold":382,"neow_bonus":"ONE_RARE_RELIC","is_prod":false,"is_daily":false,"chose_seed":false,"campfire_upgraded":1,"win_rate":0,"timestamp":1551347109,"path_taken":["M","?","M","$","M","R","M","E","T","E"],"build_version":"2019-01-23","purchased_purges":1,"victory":false,"max_hp_per_floor":[68,68,68,68,68,68,68,68,68,68],"card_choices":[{"not_picked":["Metallicize","Heavy Blade","Headbutt"],"picked":"SKIP","floor":1},{"not_picked":["Anger","Perfected Strike"],"picked":"Whirlwind","floor":3},{"not_picked":["Sever Soul","Body Slam","Flex"],"picked":"SKIP","floor":5},{"not_picked":["Thunderclap","Body Slam"],"picked":"Barricade","floor":7},{"not_picked":["Intimidate","Headbutt","Heavy Blade"],"picked":"SKIP","floor":8}],"player_experience":1897584,"relics_obtained":[{"floor":8,"key":"Kunai"},{"floor":9,"key":"Old Coin"}],"event_choices":[{"damage_healed":0,"gold_gain":0,"player_choice":"Entered Light","damage_taken":20,"max_hp_gain":0,"max_hp_loss":0,"event_name":"Shining Light","floor":2,"gold_loss":0,"cards_upgraded":["Defend_R","Strike_R"]}],"is_beta":false,"boss_relics":[],"items_purged_floors":[4],"is_endless":false,"potions_floor_spawned":[1,5,8],"killed_by":"Gremlin Nob","ascension_level":20}