{"gold_per_floor":[126,151,438,463,488,500,100,125,180,198,198,214,169,169,169,274,324,339,356,367,2,15,15,40,54,108,108,119,70,102,122,122,221,221,235,335,557,569,584,584,584,584,610,637,654,654,417,433,433,433,433,433,6,36,36],"floor_reached":55,"playtime":4213,"items_purged":["Regret"],"score":746,"play_id":"77cfbf7d-4720-49b9-8673-24312505f66b","local_time":"20190209144444","is_ascension_mode":false,"campfire_choices":[{"floor":6.0,"key":"RECALL"},{"floor":11.0,"key":"REST"},{"data":"Apotheosis","floor":15.0,"key":"SMITH"},{"floor":23.0,"key":"REST"},{"floor":27.0,"key":"REST"},{"floor":32.0,"key":"REST"},{"data":"Fission","floor":40.0,"key":"SMITH"},{"floor":42.0,"key":"REST"},{"floor":46,"key":"REST"},{"floor":49,"key":"REST"},{"data":"Echo Form","floor":52,"key":"SMITH"}],"neow_cost":"NONE","seed_source_timestamp":835673501483105,"circlet_count":0,"master_deck":["Strike_B","Strike_B","Strike_B","Strike_B","Defend_B","Defend_B","Defend_B","Defend_B","Zap","Dualcast","Static Discharge","Chaos","Chill","Barrage","Apotheosis+1","Capacitor+1","Redo","Heatsinks","Cold Snap","Glacier","Redo","Meteor Strike","Chill","Static Discharge","Redo","Ball Lightning","Buffer","Electrodynamics","Darkness+1","BootSequence","Creative AI","Coolheaded","Amplify","Conserve Battery","Barrage+1","Fission+1","Barrage+1","Parasite","Echo Form+1","Loop"],"special_seed":0,"relics":["Cracked Core","MawBank","Shuriken","Art of War","Tiny House","Mummified Hand","Vajra","Anchor","Red Mask","Inserter","Incense Burner","Bird Faced Urn","StoneCalendar","Bag of Marbles"],"potions_floor_usage":[45,48,50,54,55],"damage_taken":[{"damage":1.0,"enemies":"Jaw Worm","floor":1.0,"turns":4.0},{"damage":1.0,"enemies":"Cultist","floor":2.0,"turns":3.0},{"damage":5.0,"enemies":"Small Slimes","floor":4.0,"turns":4.0},{"damage":2.0,"enemies":"3 Louse","floor":5.0,"turns":4.0},{"damage":22.0,"enemies":"3 Sentries","floor":8.0,"turns":5.0},{"damage":14.0,"enemies":"Exordium Wildlife","floor":10.0,"turns":5.0},{"damage":11.0,"enemies":"Blue Slaver","floor":12.0,"turns":4.0},{"damage":22.0,"enemies":"Hexaghost","floor":16.0,"turns":9.0},{"damage":9.0,"enemies":"Spheric Guardian","floor":18.0,"turns":5.0},{"damage":2.0,"enemies":"Shell Parasite","floor":19.0,"turns":7.0},{"damage":0.0,"enemies":"Centurion and Healer","floor":20.0,"turns":10.0},{"damage":6.0,"enemies":"Shelled Parasite and Fungi","floor":22.0,"turns":3.0},{"damage":20.0,"enemies":"Book of Stabbing","floor":24.0,"turns":5.0},{"damage":15.0,"enemies":"Cultist and Chosen","floor":25.0,"turns":5.0},{"damage":18.0,"enemies":"Centurion and Healer","floor":28.0,"turns":5.0},{"damage":17.0,"enemies":"Masked Bandits","floor":30.0,"turns":3.0},{"damage":7.0,"enemies":"3 Cultists","floor":31.0,"turns":5.0},{"damage":24.0,"enemies":"Automaton","floor":33.0,"turns":7.0},{"damage":3.0,"enemies":"Orb Walker","floor":35.0,"turns":3.0},{"damage":12.0,"enemies":"Mind Bloom Boss Battle","floor":36.0,"turns":8.0},{"damage":6.0,"enemies":"3 Darklings","floor":38.0,"turns":7.0},{"damage":0.0,"enemies":"4 Shapes","floor":39.0,"turns":4.0},{"damage":50,"enemies":"Reptomancer","floor":44,"turns":5},{"damage":4,"enemies":"Writhing Mass","floor":45,"turns":5},{"damage":48,"enemies":"Spire Growth","floor":48,"turns":4},{"damage":28,"enemies":"Awakened One","floor":50,"turns":7},{"damage":38,"enemies":"Shield and Spear","floor":54,"turns":6},{"damage":95,"enemies":"The Heart","floor":55,"turns":5}],"seed_played":"-917319085447945011","potions_obtained":[{"floor":1.0,"key":"LiquidBronze"},{"floor":5.0,"key":"Regen Potion"},{"floor":12.0,"key":"FocusPotion"},{"floor":17.0,"key":"EssenceOfSteel"},{"floor":19.0,"key":"SpeedPotion"},{"floor":22.0,"key":"Fruit Juice"},{"floor":31.0,"key":"SpeedPotion"},{"floor":33.0,"key":"FocusPotion"},{"floor":35.0,"key":"SneckoOil"},{"floor":38.0,"key":"Poison Potion"},{"floor":48,"key":"AttackPotion"}],"is_trial":false,"path_per_floor":["M","M","?","M","M","R","$","E","T","M","R","M","$","?","R","B",null,"M","M","M","$","M","R","E","M","T","R","M","$","?","M","R","B",null,"M","?","?","M","M","R","?","R","T","E","M","R","$","M","R","B",null,"R","$","E","B"],"character_chosen":"DEFECT","items_purchased":["Apotheosis","AttackPotion","Capacitor","Redo","Redo","Mummified Hand","Buffer","AttackPotion","PowerPotion","Echo Form","Ancient Potion","AttackPotion","Loop","StoneCalendar"],"campfire_rested":7,"item_purchase_floors":[7,7,7,7,13,21,21,21,29,47,47,53,53,53],"current_hp_per_floor":[74,73,73,68,66,66,66,58,58,44,66,55,55,75,75,53,80,71,69,69,69,68,85,65,50,50,75,57,57,40,33,58,34,85,82,70,70,64,64,64,64,81,81,31,39,63,63,25,49,59,81,81,81,81,0],"gold":36,"neow_bonus":"RANDOM_COMMON_RELIC","is_prod":false,"is_daily":false,"chose_seed":false,"campfire_upgraded":3,"win_rate":0,"timestamp":1549716284,"path_taken":["M","M","?","?","M","R","$","E","T","M","R","M","$","?","R","BOSS","M","M","M","$","M","R","E","M","T","R","M","$","?","M","R","BOSS","M","?","?","M","M","R","?","R","T","E","M","R","$","M","R","BOSS","R","$","E","BOSS"],"build_version":"2019-01-23","purchased_purges":1,"victory":false,"max_hp_per_floor":[75,75,75,75,75,75,75,75,75,75,75,75,75,75,75,75,80,80,80,80,80,85,85,85,85,85,85,85,85,85,85,85,85,85,85,85,85,85,85,85,81,81,81,81,81,81,81,81,81,81,81,81,81,81,81],"card_choices":[{"not_picked":["Double Energy","Streamline"],"picked":"Static Discharge","floor":1.0},{"not_picked":["Compile Driver","Conserve Battery"],"picked":"Chaos","floor":2.0},{"not_picked":["Gash","Leap"],"picked":"Chill","floor":4.0},{"not_picked":["Stack","Beam Cell"],"picked":"Barrage","floor":5.0},{"not_picked":["Coolheaded","Compile Driver"],"picked":"Heatsinks","floor":8.0},{"not_picked":["Barrage","Leap"],"picked":"Cold Snap","floor":10.0},{"not_picked":["Leap","Barrage"],"picked":"Glacier","floor":12.0},{"not_picked":["All For One","Reboot"],"picked":"Meteor Strike","floor":16.0},{"not_picked":["Conserve Battery","Reprogram"],"picked":"Chill","floor":17.0},{"not_picked":["Go for the Eyes","Darkness"],"picked":"Static Discharge","floor":18.0},{"not_picked":["Streamline","Conserve Battery"],"picked":"Redo","floor":19.0},{"not_picked":["Sunder","Compile Driver+1"],"picked":"Ball Lightning","floor":20.0},{"not_picked":["Streamline","Leap"],"picked":"Electrodynamics","floor":22.0},{"not_picked":["Gash","Redo"],"picked":"Darkness+1","floor":24.0},{"not_picked":["Lockon+1","Gash"],"picked":"BootSequence","floor":25.0},{"not_picked":["Aggregate+1","Streamline","Consume+1"],"picked":"SKIP","floor":28.0},{"not_picked":["Recycle+1","Rebound"],"picked":"Creative AI","floor":30.0},{"not_picked":["Tempest+1","Turbo"],"picked":"Coolheaded","floor":31.0},{"not_picked":["Core Surge","Meteor Strike"],"picked":"Amplify","floor":33.0},{"not_picked":["Turbo","Hologram"],"picked":"Conserve Battery","floor":35.0},{"not_picked":["Compile Driver+1","Fusion+1"],"picked":"Barrage+1","floor":38.0},{"not_picked":["FTL+1","Steam+1"],"picked":"Fission","floor":39.0},{"not_picked":["Leap","Redo+1"],"picked":"Barrage+1","floor":44},{"not_picked":["Scrape","Beam Cell","Turbo+1"],"picked":"SKIP","floor":45},{"not_picked":["Compile Driver","Sweeping Beam","Turbo"],"picked":"SKIP","floor":48},{"not_picked":["Beam Cell+1","Melter","Hologram"],"picked":"SKIP","floor":54}],"player_experience":932461,"relics_obtained":[{"floor":8.0,"key":"Shuriken"},{"floor":9.0,"key":"Art of War"},{"floor":24.0,"key":"Vajra"},{"floor":26.0,"key":"Anchor"},{"floor":30.0,"key":"Red Mask"},{"floor":36.0,"key":"Incense Burner"},{"floor":44,"key":"Bird Faced Urn"},{"floor":54,"key":"Bag of Marbles"}],"event_choices":[{"damage_healed":0.0,"max_hp_gain":0.0,"max_hp_loss":0.0,"gold_gain":275.0,"event_name":"Golden Shrine","player_choice":"Desecrate","floor":3.0,"gold_loss":0.0,"damage_taken":0.0,"cards_obtained":["Regret"]},{"damage_healed":25.0,"max_hp_gain":0.0,"max_hp_loss":0.0,"gold_gain":0.0,"event_name":"Big Fish","player_choice":"Banana","floor":14.0,"gold_loss":0.0,"damage_taken":0.0},{"damage_healed":0.0,"max_hp_gain":0.0,"max_hp_loss":0.0,"gold_gain":0.0,"event_name":"Masked Bandits","player_choice":"Fought Bandits","floor":30.0,"gold_loss":0.0,"damage_taken":0.0},{"damage_healed":0.0,"max_hp_gain":0.0,"max_hp_loss":0.0,"gold_gain":0.0,"event_name":"MindBloom","player_choice":"Fight","floor":36.0,"gold_loss":0.0,"damage_taken":0.0},{"damage_healed":0.0,"max_hp_gain":0.0,"max_hp_loss":0.0,"gold_gain":222.0,"event_name":"Tomb of Lord Red Mask","player_choice":"Wore Mask","floor":37.0,"gold_loss":0.0,"damage_taken":0.0},{"damage_healed":0.0,"max_hp_gain":0.0,"max_hp_loss":4.0,"gold_gain":0.0,"event_name":"Winding Halls","player_choice":"Max HP","floor":41.0,"gold_loss":0.0,"damage_taken":0.0}],"is_beta":false,"boss_relics":[{"not_picked":["Busted Crown","Runic Dome"],"picked":"Tiny House"},{"not_picked":["Sozu","Orrery"],"picked":"Inserter"}],"items_purged_floors":[7],"is_endless":false,"potions_floor_spawned":[1,5,10,12,19,22,31,33,35,38,48],"killed_by":"The Heart","ascension_level":0}