{"gold_per_floor":[115,132,97,97,77,108,120,83,83,118,24,41,41,52,52,127,127,144,144,144],"floor_reached":20,"playtime":821,"items_purged":[],"score":373,"play_id":"5f1b9dad-ab05-4a75-893c-e690ef052fbc","local_time":"20181216151254","is_ascension_mode":true,"campfire_choices":[{"floor":13,"key":"REST"},{"floor":15,"key":"REST"}],"neow_cost":"NONE","seed_source_timestamp":8066155380987,"circlet_count":0,"master_deck":["AscendersBane","Strike_B+1","Strike_B+1","Strike_B","Strike_B","Defend_B","Defend_B","Defend_B","Defend_B","Zap","Dualcast","Doom and Gloom","Capacitor","Redo","Self Repair","FTL","Heatsinks","Ball Lightning","Glacier","Cold Snap","Buffer","Conserve Battery","Decay"],"relics":["Cracked Core","NeowsBlessing","Letter Opener","Symbiotic Virus","Whetstone","Art of War","Eternal Feather"],"potions_floor_usage":[10,10,10,14,14,20],"damage_taken":[{"damage":0,"enemies":"Small Slimes","floor":1,"turns":1},{"damage":0,"enemies":"Jaw Worm","floor":2,"turns":1},{"damage":0,"enemies":"Lagavulin","floor":6,"turns":1},{"damage":0,"enemies":"Cultist","floor":7,"turns":2},{"damage":38,"enemies":"Gremlin Nob","floor":10,"turns":4},{"damage":0,"enemies":"Lots of Slimes","floor":12,"turns":2},{"damage":0,"enemies":"Exordium Wildlife","floor":14,"turns":3},{"damage":40,"enemies":"The Guardian","floor":16,"turns":14},{"damage":20,"enemies":"Spheric Guardian","floor":18,"turns":4},{"damage":51,"enemies":"Masked Bandits","floor":20,"turns":3}],"seed_played":"-2514754057799661188","potions_obtained":[{"floor":1,"key":"EssenceOfSteel"},{"floor":5,"key":"EntropicBrew"},{"floor":6,"key":"LiquidBronze"},{"floor":7,"key":"SkillPotion"},{"floor":12,"key":"Energy Potion"},{"floor":18,"key":"Weak Potion"}],"is_trial":false,"path_per_floor":["M","M","?","T","?","E","M","$","T","E","$","M","R","M","R","B",null,"M","?","?"],"character_chosen":"DEFECT","items_purchased":["Self Repair","Heatsinks","Ball Lightning"],"campfire_rested":2,"item_purchase_floors":[8,11,11],"current_hp_per_floor":[64,64,71,71,71,71,71,71,71,33,33,33,54,61,71,38,63,50,50,0],"gold":144,"neow_bonus":"THREE_ENEMY_KILL","is_prod":false,"is_daily":false,"chose_seed":false,"campfire_upgraded":0,"win_rate":0,"timestamp":1544965974,"path_taken":["M","M","?","?","?","E","?","?","T","E","$","M","R","?","R","BOSS","M","?","?"],"build_version":"2018-12-13","purchased_purges":0,"victory":false,"max_hp_per_floor":[71,71,71,71,71,71,71,71,71,71,71,71,71,71,71,71,71,71,71,71],"card_choices":[{"not_picked":["Lockon","Rebound"],"picked":"Doom and Gloom","floor":1},{"not_picked":["Streamline","Barrage"],"picked":"Capacitor","floor":2},{"not_picked":["Coolheaded","Lockon"],"picked":"Redo","floor":6},{"not_picked":["Sweeping Beam","Stack","Undo"],"picked":"SKIP","floor":7},{"not_picked":["Rebound","Recycle"],"picked":"FTL","floor":10},{"not_picked":["Rebound","Aggregate"],"picked":"Glacier","floor":12},{"not_picked":["Fusion","Genetic Algorithm"],"picked":"Cold Snap","floor":14},{"not_picked":["Hyperbeam","Core Surge"],"picked":"Buffer","floor":16},{"not_picked":["Double Energy","Hologram"],"picked":"Conserve Battery","floor":18}],"player_experience":832559,"relics_obtained":[{"floor":4,"key":"Letter Opener"},{"floor":6,"key":"Symbiotic Virus"},{"floor":9,"key":"Whetstone"},{"floor":10,"key":"Art of War"}],"event_choices":[{"damage_healed":17,"gold_gain":0,"player_choice":"Healed","damage_taken":0,"max_hp_gain":0,"max_hp_loss":0,"event_name":"The Cleric","floor":3,"gold_loss":35},{"damage_healed":0,"gold_gain":0,"player_choice":"Bought 1 Potion","damage_taken":0,"max_hp_gain":0,"max_hp_loss":0,"event_name":"The Woman in Blue","floor":5,"gold_loss":0},{"damage_healed":0,"gold_gain":0,"player_choice":"Smashed Altar","damage_taken":0,"max_hp_gain":0,"max_hp_loss":0,"event_name":"Forgotten Altar","floor":19,"gold_loss":0,"cards_obtained":["Decay"]},{"damage_healed":0,"gold_gain":0,"player_choice":"Fought Bandits","damage_taken":0,"max_hp_gain":0,"max_hp_loss":0,"event_name":"Masked Bandits","floor":20,"gold_loss":0}],"is_beta":false,"boss_relics":[{"not_picked":["Ectoplasm","Lizard Tail"],"picked":"Eternal Feather"}],"items_purged_floors":[],"is_endless":false,"potions_floor_spawned":[1,6,7,12,18],"killed_by":"Masked Bandits","ascension_level":16}