{"gold_per_floor":[17,34,50,68,84,84,84,84,84,84,104,120,145,159,159,263,263,273,285,299,224,224,224,236,236,236,68,68],"floor_reached":28,"playtime":1523,"items_purged":["Strike_R"],"score":374,"play_id":"f68a8b73-acba-4b2e-aa86-96e48516bd75","local_time":"20181014132259","is_ascension_mode":true,"campfire_choices":[{"data":"Iron Wave","floor":6,"key":"SMITH"},{"data":"Disarm","floor":8,"key":"SMITH"},{"data":"Bash","floor":10,"key":"SMITH"},{"data":"Inflame","floor":15,"key":"SMITH"},{"data":"Rampage","floor":23,"key":"SMITH"}],"neow_cost":"NO_GOLD","seed_source_timestamp":1627308191302716,"circlet_count":0,"master_deck":["Strike_R","Strike_R","Strike_R","Bash+1","AscendersBane","Pommel Strike","Battle Trance","Iron Wave+1","Disarm+1","Clash+1","Pommel Strike","Intimidate","Inflame+1","Reaper","Feel No Pain","Thunderclap","Rampage+1","Warcry","Metallicize","Headbutt"],"relics":["Burning Blood","Sundial","Oddly Smooth Stone","Empty Cage","Pear","Letter Opener"],"potions_floor_usage":[7,7,13,16,18,28],"damage_taken":[{"damage":6,"enemies":"Cultist","floor":1,"turns":4},{"damage":12,"enemies":"Small Slimes","floor":2,"turns":3},{"damage":12,"enemies":"Jaw Worm","floor":3,"turns":2},{"damage":12,"enemies":"Looter","floor":4,"turns":3},{"damage":21,"enemies":"Lots of Slimes","floor":5,"turns":6},{"damage":25,"enemies":"Gremlin Nob","floor":7,"turns":4},{"damage":0,"enemies":"Large Slime","floor":11,"turns":4},{"damage":14,"enemies":"Red Slaver","floor":12,"turns":2},{"damage":7,"enemies":"Lagavulin","floor":13,"turns":6},{"damage":3,"enemies":"2 Fungi Beasts","floor":14,"turns":4},{"damage":13,"enemies":"Slime Boss","floor":16,"turns":8},{"damage":10,"enemies":"Chosen","floor":18,"turns":4},{"damage":8,"enemies":"Spheric Guardian","floor":19,"turns":3},{"damage":16,"enemies":"Centurion and Healer","floor":20,"turns":5},{"damage":34,"enemies":"Snake Plant","floor":24,"turns":5},{"damage":64,"enemies":"Slavers","floor":28,"turns":2}],"seed_played":"1652249315043008064","potions_obtained":[{"floor":3,"key":"SkillPotion"},{"floor":5,"key":"SmokeBomb"},{"floor":11,"key":"Weak Potion"},{"floor":13,"key":"LiquidBronze"},{"floor":16,"key":"Fire Potion"},{"floor":24,"key":"PowerPotion"}],"is_trial":false,"path_per_floor":["M","M","M","M","M","R","E","R","T","R","M","M","E","M","R","B",null,"M","M","M","?","T","R","M","?","T","$"],"character_chosen":"IRONCLAD","items_purchased":["Metallicize","Headbutt"],"campfire_rested":0,"item_purchase_floors":[27,27],"current_hp_per_floor":[72,66,60,54,39,39,20,20,20,20,26,18,17,20,20,13,63,59,57,64,64,74,74,51,51,51,51,0],"gold":68,"neow_bonus":"REMOVE_TWO","is_prod":false,"is_daily":false,"chose_seed":false,"campfire_upgraded":5,"win_rate":0,"timestamp":1539494579,"path_taken":["M","M","M","M","M","R","E","R","T","R","M","?","E","M","R","BOSS","M","M","M","?","?","R","M","?","T","$","E"],"build_version":"2018-10-11","purchased_purges":1,"victory":false,"max_hp_per_floor":[80,80,80,80,80,80,80,80,80,80,80,80,80,80,80,80,80,80,80,80,80,90,90,90,90,90,90,90],"card_choices":[{"not_picked":["Warcry","Heavy Blade"],"picked":"Pommel Strike","floor":1},{"not_picked":["Thunderclap","Heavy Blade"],"picked":"Battle Trance","floor":2},{"not_picked":["Combust","Battle Trance"],"picked":"Iron Wave","floor":3},{"not_picked":["Corruption","Anger"],"picked":"Disarm","floor":4},{"not_picked":["Infernal Blade","Rupture","Corruption"],"picked":"SKIP","floor":5},{"not_picked":["Wild Strike","Offering"],"picked":"Clash","floor":11},{"not_picked":["Twin Strike","Evolve"],"picked":"Pommel Strike","floor":12},{"not_picked":["Armaments","Evolve"],"picked":"Intimidate","floor":13},{"not_picked":["Heavy Blade","Flame Barrier"],"picked":"Inflame","floor":14},{"not_picked":["Dark Embrace","Double Tap"],"picked":"Reaper","floor":16},{"not_picked":["Infernal Blade","Pummel"],"picked":"Feel No Pain","floor":18},{"not_picked":["Shockwave","Warcry"],"picked":"Thunderclap","floor":19},{"not_picked":["Cleave","Iron Wave"],"picked":"Rampage","floor":20},{"not_picked":["Reckless Charge","Sword Boomerang+1"],"picked":"Warcry","floor":24}],"player_experience":495323,"relics_obtained":[{"floor":9,"key":"Sundial"},{"floor":13,"key":"Oddly Smooth Stone"},{"floor":22,"key":"Pear"},{"floor":26,"key":"Letter Opener"}],"event_choices":[{"event_name":"Beggar","player_choice":"Gave Gold","floor":21,"damage_taken":0},{"event_name":"Accursed Blacksmith","player_choice":"Forge","floor":25,"damage_taken":0}],"is_beta":true,"boss_relics":[{"not_picked":["Tiny House","Coffee Dripper"],"picked":"Empty Cage"}],"items_purged_floors":[27],"is_endless":false,"potions_floor_spawned":[3,5,11,13,16,24],"killed_by":"Slavers","ascension_level":12}