{"gold_per_floor":[111,111,37,37,51,85,85,144,198,210,67,79,113,113],"floor_reached":14,"playtime":423,"items_purged":[],"score":266,"play_id":"b1365aa6-caf1-4684-be68-50f8b651f1b4","local_time":"20190303195833","is_ascension_mode":true,"campfire_choices":[{"data":"Strike_R","floor":7,"key":"SMITH"}],"neow_cost":"NONE","seed_source_timestamp":157959820574100,"circlet_count":0,"master_deck":["AscendersBane","Strike_R","Strike_R","Strike_R","Strike_R+1","Strike_R","Defend_R","Defend_R+1","Defend_R","Defend_R","Bash+1","Shrug It Off+1","Feel No Pain","Reaper","True Grit","Evolve","Whirlwind"],"relics":["Burning Blood","NeowsBlessing","Centennial Puzzle","Tiny Chest","Vajra","Incense Burner"],"potions_floor_usage":[8,13,13],"damage_taken":[{"damage":0,"enemies":"Small Slimes","floor":1,"turns":1},{"damage":0,"enemies":"2 Louse","floor":5,"turns":1},{"damage":0,"enemies":"3 Sentries","floor":6,"turns":2},{"damage":58,"enemies":"Lagavulin","floor":8,"turns":11},{"damage":0,"enemies":"Cultist","floor":10,"turns":3},{"damage":15,"enemies":"Red Slaver","floor":12,"turns":6},{"damage":8,"enemies":"Gremlin Nob","floor":13,"turns":3},{"damage":24,"enemies":"Gremlin Gang","floor":14,"turns":3}],"seed_played":"-2598593636639447421","potions_obtained":[{"floor":5,"key":"SneckoOil"},{"floor":10,"key":"Energy Potion"}],"is_trial":false,"path_per_floor":["M","?","$","?","M","E","R","E","T","M","$","M","E","M"],"character_chosen":"IRONCLAD","items_purchased":["Feel No Pain","Evolve","AttackPotion"],"campfire_rested":0,"item_purchase_floors":[3,11,11],"current_hp_per_floor":[74,51,51,51,57,63,63,14,14,27,27,23,28,16],"gold":113,"neow_bonus":"THREE_ENEMY_KILL","is_prod":false,"is_daily":false,"chose_seed":false,"campfire_upgraded":1,"win_rate":0,"timestamp":1551610713,"path_taken":["M","?","$","?","M","E","R","E","T","?","?","M","E","M"],"build_version":"2019-01-23","purchased_purges":0,"victory":false,"max_hp_per_floor":[75,75,75,75,75,75,75,75,75,75,75,75,75,75],"card_choices":[{"not_picked":["Body Slam","Perfected Strike"],"picked":"Shrug It Off","floor":1},{"not_picked":["Iron Wave","Twin Strike","Clothesline"],"picked":"SKIP","floor":5},{"not_picked":["Twin Strike","True Grit"],"picked":"Reaper","floor":6},{"not_picked":["Sentinel","Havoc"],"picked":"True Grit","floor":8},{"not_picked":["Wild Strike","Pommel Strike","Uppercut"],"picked":"SKIP","floor":10},{"not_picked":["Havoc","Perfected Strike","Body Slam"],"picked":"SKIP","floor":12},{"not_picked":["Shockwave","Spot Weakness"],"picked":"Whirlwind","floor":13}],"player_experience":1974066,"relics_obtained":[{"floor":6,"key":"Centennial Puzzle"},{"floor":8,"key":"Tiny Chest"},{"floor":9,"key":"Vajra"},{"floor":13,"key":"Incense Burner"}],"event_choices":[{"damage_healed":0,"gold_gain":0,"player_choice":"Entered Light","damage_taken":23,"max_hp_gain":0,"max_hp_loss":0,"event_name":"Shining Light","floor":2,"gold_loss":0,"cards_upgraded":["Shrug It Off","Defend_R"]},{"damage_healed":0,"gold_gain":0,"player_choice":"Upgraded","damage_taken":0,"max_hp_gain":0,"max_hp_loss":0,"event_name":"Upgrade Shrine","floor":4,"gold_loss":0,"cards_upgraded":["Bash"]}],"is_beta":false,"boss_relics":[],"items_purged_floors":[],"is_endless":false,"potions_floor_spawned":[5,10],"killed_by":"Gremlin Gang","ascension_level":20}