{"path_per_floor":["M","$","M","M","?","E","?","E","T","$","M","M","M","?","R","B",null,"M","M","$","M"],"character_chosen":"IRONCLAD","items_purchased":["Bronze Scales","Flex","Jack Of All Trades","Clothesline","Clash","Flash of Steel","Feel No Pain","Bandage Up","Shrug It Off"],"gold_per_floor":[359,40,50,64,64,92,167,197,197,7,23,38,51,51,51,153,153,170,183,39,56],"floor_reached":22,"campfire_rested":0,"playtime":1553,"current_hp_per_floor":[72,72,72,72,72,51,40,27,34,34,40,38,15,79,79,48,79,66,52,52,39],"items_purged":[],"gold":56,"play_id":"4dd7fba5-039c-4f68-b1dd-1a87c3c5758f","is_prod":false,"is_daily":false,"is_ascension_mode":false,"campfire_upgraded":1,"path_taken":["M","$","M","M","?","E","?","E","T","$","?","M","M","?","R","BOSS","M","M","$","?","M"],"build_version":"2018-01-25-PROD3","purchased_purges":0,"victory":false,"master_deck":["Strike_R","Strike_R","Strike_R","Strike_R","Strike_R","Defend_R","Defend_R","Defend_R","Defend_R","Bash","Demon Form+1","Flex","Jack Of All Trades+1","Clothesline","Cleave","Sever Soul","Anger","Fire Breathing+1","Clash","Flash of Steel","Feel No Pain","Wild Strike","Spot Weakness","Limit Break","Infernal Blade+1","Thunderclap","Bandage Up","Shrug It Off","Heavy Blade"],"max_hp_per_floor":[72,72,72,72,72,72,72,72,79,79,79,79,79,79,79,79,79,79,79,79,82],"relics":["Black Blood","Bronze Scales","Lantern","Frozen Egg","Strawberry"],"card_choices":[{"not_picked":["Bloodletting","Twin Strike"],"picked":"Demon Form"},{"not_picked":["Warcry","Perfected Strike"],"picked":"Cleave"},{"not_picked":["Twin Strike","Burning Pact"],"picked":"Sever Soul"},{"not_picked":["Warcry","Shrug It Off"],"picked":"Anger"},{"not_picked":["Brutality","Spot Weakness"],"picked":"Fire Breathing"},{"not_picked":["Clash","Burning Pact"],"picked":"Wild Strike"},{"not_picked":["Wild Strike","Disarm"],"picked":"Spot Weakness"},{"not_picked":["Whirlwind","Fire Breathing"],"picked":"Evolve"},{"not_picked":["Impervious","Dark Embrace"],"picked":"Limit Break"},{"not_picked":["Rupture","Pummel"],"picked":"Infernal Blade"},{"not_picked":["Clash","Clothesline"],"picked":"Thunderclap"},{"not_picked":["Pommel Strike","Body Slam"],"picked":"Heavy Blade"}],"player_experience":48473,"potions_floor_usage":[6,6,13,19,21,22],"damage_taken":[{"damage":6,"enemies":"Jaw Worm","floor":1,"turns":3},{"damage":4,"enemies":"Cultist","floor":3,"turns":3},{"damage":2,"enemies":"Small Slimes","floor":4,"turns":3},{"damage":27,"enemies":"Lagavulin","floor":6,"turns":6},{"damage":19,"enemies":"3 Sentries","floor":8,"turns":5},{"damage":0,"enemies":"Exordium Wildlife","floor":11,"turns":1},{"damage":8,"enemies":"Red Slaver","floor":12,"turns":2},{"damage":29,"enemies":"Exordium Thugs","floor":13,"turns":4},{"damage":37,"enemies":"Slime Boss","floor":16,"turns":6},{"damage":23,"enemies":"3 Byrds","floor":18,"turns":3},{"damage":30,"enemies":"Spheric Guardian","floor":19,"turns":4},{"damage":35,"enemies":"Centurion and Healer","floor":21,"turns":4},{"damage":43,"enemies":"Snecko","floor":22,"turns":5}],"event_choices":[{"event_name":"Upgrade Shrine","player_choice":"Upgraded","floor":5,"damage_taken":0},{"event_name":"World of Goop","player_choice":"Gather Gold","floor":7,"damage_taken":0},{"event_name":"Bonfire Elementals","player_choice":"UNCOMMON","floor":14,"damage_taken":0}],"boss_relics":[{"not_picked":["Runic Cube","Cursed Key"],"picked":"Black Blood"}],"potions_floor_spawned":[1,3,12,13,18,19,21],"seed_played":"7550777450283726632","killed_by":"Snecko","ascension_level":0,"is_trial":false}