{"gold_per_floor":[117,117,117,129,129,162,162,197,197,197,218,218,257,36,36,132,132,157,181,106,131,46,46,90,31,56,56,76,76,76,99,99,190,190,211,211,230,250,263,263,123,123,123,148,184,197,221,346,346,346],"floor_reached":50,"playtime":2646,"items_purged":[],"score":1117,"play_id":"bdb2f696-8fbb-4ed4-9d20-1b218bf163e4","local_time":"20190112172409","is_ascension_mode":true,"campfire_choices":[{"data":"Bash","floor":7.0,"key":"SMITH"},{"data":"Whirlwind","floor":12.0,"key":"SMITH"},{"data":"Corruption","floor":15.0,"key":"SMITH"},{"data":"Perfected Strike","floor":23.0,"key":"SMITH"},{"data":"Feed","floor":27.0,"key":"SMITH"},{"data":"Feel No Pain","floor":30.0,"key":"SMITH"},{"data":"Pommel Strike","floor":32.0,"key":"SMITH"},{"data":"Juggernaut","floor":40.0,"key":"SMITH"},{"data":"Metallicize","floor":49.0,"key":"SMITH"}],"neow_cost":"NONE","seed_source_timestamp":592074030565901,"circlet_count":0,"master_deck":["AscendersBane","Defend_R","Defend_R","Defend_R","Defend_R+1","Bash+1","Perfected Strike+1","Pommel Strike+1","Whirlwind+1","Feel No Pain+1","Corruption+1","Pommel Strike","Sentinel","Feed+1","Pummel","Anger+1","Perfected Strike+1","Perfected Strike+1","Pommel Strike+1","Thunderclap+1","Bite+1","Bite+1","Bite+1","Bite+1","Bite+1","Iron Wave+1","Juggernaut+1","Rage+1","Trip","Shrug It Off","Metallicize+1","Dropkick+1","Clothesline+1"],"special_seed":0,"relics":["Burning Blood","NeowsBlessing","Pocketwatch","Lantern","Bronze Scales","Blue Candle","Golden Idol","Shuriken","Coffee Dripper","Orichalcum","Molten Egg 2","Oddly Smooth Stone","Busted Crown","Bag of Marbles","Art of War","Thread and Needle"],"potions_floor_usage":[50],"damage_taken":[{"damage":0.0,"enemies":"Jaw Worm","floor":1.0,"turns":1.0},{"damage":0.0,"enemies":"2 Louse","floor":4.0,"turns":2.0},{"damage":0.0,"enemies":"Gremlin Nob","floor":6.0,"turns":1.0},{"damage":22.0,"enemies":"3 Sentries","floor":8.0,"turns":6.0},{"damage":0.0,"enemies":"Small Slimes","floor":11.0,"turns":2.0},{"damage":0.0,"enemies":"Gremlin Nob","floor":13.0,"turns":2.0},{"damage":38.0,"enemies":"Hexaghost","floor":16.0,"turns":9.0},{"damage":0.0,"enemies":"Chosen","floor":18.0,"turns":3.0},{"damage":29.0,"enemies":"Shell Parasite","floor":19.0,"turns":4.0},{"damage":19.0,"enemies":"Snake Plant","floor":21.0,"turns":2.0},{"damage":12.0,"enemies":"Slavers","floor":24.0,"turns":4.0},{"damage":0.0,"enemies":"Cultist and Chosen","floor":28.0,"turns":3.0},{"damage":8.0,"enemies":"Centurion and Healer","floor":31.0,"turns":3.0},{"damage":58.0,"enemies":"Automaton","floor":33.0,"turns":8.0},{"damage":6.0,"enemies":"3 Darklings","floor":35.0,"turns":2.0},{"damage":12.0,"enemies":"Orb Walker","floor":37.0,"turns":3.0},{"damage":57.0,"enemies":"Writhing Mass","floor":38.0,"turns":6.0},{"damage":14.0,"enemies":"4 Shapes","floor":39.0,"turns":6.0},{"damage":9.0,"enemies":"3 Darklings","floor":44.0,"turns":4.0},{"damage":53.0,"enemies":"Nemesis","floor":45.0,"turns":5.0},{"damage":1.0,"enemies":"Spire Growth","floor":46.0,"turns":3.0},{"damage":3.0,"enemies":"4 Shapes","floor":47.0,"turns":5.0},{"damage":5.0,"enemies":"Mind Bloom Boss Battle","floor":48.0,"turns":6.0},{"damage":102,"enemies":"Awakened One","floor":50,"turns":8}],"seed_played":"-5897452114643435996","potions_obtained":[{"floor":11.0,"key":"SneckoOil"},{"floor":13.0,"key":"Dexterity Potion"},{"floor":18.0,"key":"Explosive Potion"},{"floor":28.0,"key":"Fire Potion"},{"floor":39.0,"key":"EntropicBrew"},{"floor":44.0,"key":"Regen Potion"},{"floor":46.0,"key":"Block Potion"},{"floor":48.0,"key":"GamblersBrew"}],"is_trial":false,"path_per_floor":["M","?","?","M","?","E","R","E","T","?","M","R","E","$","R","B",null,"M","M","?","M","?","R","E","$","T","R","M","?","R","M","R","B",null,"M","?","M","M","M","R","$","?","T","M","E","M","M","?","R","B"],"character_chosen":"IRONCLAD","items_purchased":["Corruption","Pommel Strike","Sentinel","Pommel Strike+1","Shrug It Off","Metallicize"],"campfire_rested":0,"item_purchase_floors":[14,14,14,25,41,41],"current_hp_per_floor":[74,74,51,57,46,52,52,36,36,36,42,42,48,48,48,16,55,61,38,38,25,25,25,22,22,22,22,28,28,28,39,39,17,44,48,43,43,7,12,12,12,12,12,28,7,21,36,56,56,0],"gold":346,"neow_bonus":"THREE_ENEMY_KILL","is_prod":false,"is_daily":false,"chose_seed":false,"campfire_upgraded":9,"win_rate":0,"timestamp":1547285049,"path_taken":["M","?","?","M","?","E","R","E","T","?","M","R","E","$","R","BOSS","M","M","?","M","?","R","E","$","T","R","M","?","R","M","R","BOSS","M","?","M","M","M","R","$","?","T","M","E","M","M","?","R","BOSS"],"build_version":"2019-01-10","purchased_purges":0,"victory":false,"max_hp_per_floor":[75,75,75,75,75,75,75,75,75,68,68,68,68,68,68,68,68,68,68,68,68,68,68,71,71,71,71,71,49,49,53,53,53,53,57,57,57,57,61,61,61,58,58,62,62,62,62,66,66,70],"card_choices":[{"not_picked":["Headbutt","Burning Pact"],"picked":"Perfected Strike","floor":1.0},{"not_picked":["Bloodletting","Seeing Red","Hemokinesis"],"picked":"SKIP","floor":4.0},{"not_picked":["Shrug It Off","Impervious"],"picked":"Pommel Strike","floor":6.0},{"not_picked":["Clash","Clothesline","Thunderclap"],"picked":"SKIP","floor":8.0},{"not_picked":["Evolve","Pummel"],"picked":"Whirlwind","floor":11.0},{"not_picked":["Iron Wave","Thunderclap"],"picked":"Feel No Pain","floor":13.0},{"not_picked":["Dark Embrace","Impervious"],"picked":"Feed","floor":16.0},{"not_picked":["Rage","Warcry"],"picked":"Pummel","floor":18.0},{"not_picked":["Ghostly Armor","Headbutt"],"picked":"Anger+1","floor":19.0},{"not_picked":["Pommel Strike","Bloodletting"],"picked":"Perfected Strike","floor":21.0},{"not_picked":["Shrug It Off","Bloodletting"],"picked":"Perfected Strike","floor":24.0},{"not_picked":["Bloodletting","Reckless Charge+1"],"picked":"Thunderclap+1","floor":28.0},{"not_picked":["Cleave+1","Berserk"],"picked":"Iron Wave+1","floor":31.0},{"not_picked":["Berserk","Dark Embrace"],"picked":"Juggernaut","floor":33.0},{"not_picked":[],"picked":"Rage+1","floor":35.0},{"not_picked":[],"picked":"Trip","floor":36.0},{"not_picked":["Body Slam+1"],"picked":"SKIP","floor":37.0},{"not_picked":["Whirlwind+1"],"picked":"SKIP","floor":38.0},{"not_picked":["Twin Strike+1"],"picked":"SKIP","floor":39.0},{"not_picked":[],"picked":"Dropkick+1","floor":44.0},{"not_picked":["Flex"],"picked":"SKIP","floor":45.0},{"not_picked":["Flex"],"picked":"SKIP","floor":45.0},{"not_picked":["Reckless Charge+1"],"picked":"SKIP","floor":46.0},{"not_picked":["Sever Soul+1"],"picked":"SKIP","floor":47.0},{"not_picked":[],"picked":"Clothesline+1","floor":48.0}],"player_experience":707485,"relics_obtained":[{"floor":6.0,"key":"Lantern"},{"floor":8.0,"key":"Bronze Scales"},{"floor":9.0,"key":"Blue Candle"},{"floor":13.0,"key":"Shuriken"},{"floor":24.0,"key":"Molten Egg 2"},{"floor":26.0,"key":"Oddly Smooth Stone"},{"floor":43.0,"key":"Bag of Marbles"},{"floor":45.0,"key":"Art of War"},{"floor":48.0,"key":"Thread and Needle"}],"event_choices":[{"damage_healed":0.0,"max_hp_gain":0.0,"max_hp_loss":0.0,"gold_gain":0.0,"event_name":"Living Wall","player_choice":"Grow","floor":2.0,"gold_loss":0.0,"damage_taken":0.0,"cards_upgraded":["Perfected Strike"]},{"damage_healed":0.0,"max_hp_gain":0.0,"max_hp_loss":0.0,"gold_gain":0.0,"event_name":"Shining Light","player_choice":"Entered Light","floor":3.0,"gold_loss":0.0,"damage_taken":23.0,"cards_upgraded":["Defend_R","Strike_R"]},{"damage_healed":0.0,"max_hp_gain":0.0,"max_hp_loss":0.0,"gold_gain":0.0,"event_name":"Scrap Ooze","player_choice":"Success","floor":5.0,"gold_loss":0.0,"damage_taken":11.0,"relics_obtained":["Pocketwatch"]},{"damage_healed":0.0,"max_hp_gain":0.0,"max_hp_loss":7.0,"gold_gain":0.0,"event_name":"Golden Idol","player_choice":"Lose Max HP","floor":10.0,"gold_loss":0.0,"damage_taken":0.0,"relics_obtained":["Golden Idol"]},{"cards_removed":["Strike_R"],"damage_healed":0.0,"max_hp_gain":0.0,"max_hp_loss":0.0,"gold_gain":0.0,"event_name":"Beggar","player_choice":"Gave Gold","floor":20.0,"gold_loss":75.0,"damage_taken":0.0},{"damage_healed":0.0,"max_hp_gain":0.0,"max_hp_loss":0.0,"gold_gain":0.0,"event_name":"Addict","player_choice":"Obtained Relic","floor":22.0,"gold_loss":85.0,"damage_taken":0.0,"relics_obtained":["Orichalcum"]},{"damage_healed":0.0,"max_hp_gain":0.0,"max_hp_loss":22.0,"gold_gain":0.0,"event_name":"Vampires","player_choice":"Became a vampire","floor":29.0,"gold_loss":0.0,"damage_taken":0.0,"cards_obtained":["Bite","Bite","Bite","Bite","Bite"]},{"damage_healed":0.0,"max_hp_gain":0.0,"max_hp_loss":0.0,"gold_gain":0.0,"event_name":"SensoryStone","player_choice":"Memory 2","floor":36.0,"gold_loss":0.0,"damage_taken":5.0},{"damage_healed":0.0,"max_hp_gain":0.0,"max_hp_loss":3.0,"gold_gain":0.0,"event_name":"Winding Halls","player_choice":"Max HP","floor":42.0,"gold_loss":0.0,"damage_taken":0.0},{"damage_healed":0.0,"max_hp_gain":0.0,"max_hp_loss":0.0,"gold_gain":0.0,"event_name":"MindBloom","player_choice":"Fight","floor":48.0,"gold_loss":0.0,"damage_taken":0.0}],"is_beta":true,"boss_relics":[{"not_picked":["Orrery","Astrolabe"],"picked":"Coffee Dripper"},{"not_picked":["Velvet Choker","Runic Dome"],"picked":"Busted Crown"}],"items_purged_floors":[],"is_endless":false,"potions_floor_spawned":[11,13,18,28,31,39,44,46,48],"killed_by":"Awakened One","ascension_level":19}