{"gold_per_floor":[111,111,186,186,198,157,157,307,356,391,411,144,172,5,5,78,78,92,108,58,78,78,78,113,113,113,113,127,143,143,193,193,193],"floor_reached":33,"playtime":1405,"items_purged":["Doubt"],"score":566,"play_id":"9ee23ad5-a44d-4c33-96a2-476113dc285d","local_time":"20190403181715","is_ascension_mode":true,"campfire_choices":[{"floor":7,"key":"REST"},{"floor":15,"key":"REST"},{"floor":23,"key":"REST"},{"floor":25,"key":"REST"},{"floor":27,"key":"REST"},{"floor":32,"key":"REST"}],"neow_cost":"NONE","seed_source_timestamp":1738530611082078,"circlet_count":0,"master_deck":["AscendersBane","Strike_B","Strike_B","Strike_B","Strike_B","Defend_B","Defend_B","Defend_B","Defend_B","Zap","Dualcast","Glacier+1","Compile Driver","Storm+1","White Noise","Ball Lightning","Hello World","Bandage Up","Cold Snap","Electrodynamics","Seek","Redo","Force Field","Defragment+1","Heatsinks+1","Injury","Redo+1","Leap","Pain"],"relics":["Cracked Core","NeowsBlessing","Strawberry","Matryoshka","Du-Vu Doll","Cursed Key","Ornamental Fan","Ancient Tea Set","Dodecahedron","Bottled Tornado","Vajra"],"potions_floor_usage":[13,21,22],"damage_taken":[{"damage":0,"enemies":"Small Slimes","floor":1,"turns":1},{"damage":0,"enemies":"Jaw Worm","floor":5,"turns":1},{"damage":0,"enemies":"3 Sentries","floor":10,"turns":1},{"damage":0,"enemies":"Cultist","floor":11,"turns":3},{"damage":28,"enemies":"Gremlin Nob","floor":13,"turns":4},{"damage":57,"enemies":"The Guardian","floor":16,"turns":14},{"damage":20,"enemies":"2 Thieves","floor":18,"turns":3},{"damage":7,"enemies":"Spheric Guardian","floor":19,"turns":4},{"damage":8,"enemies":"Cultist and Chosen","floor":21,"turns":4},{"damage":0,"enemies":"Centurion and Healer","floor":22,"turns":1},{"damage":53,"enemies":"Slavers","floor":24,"turns":4},{"damage":30,"enemies":"Shelled Parasite and Fungi","floor":28,"turns":4},{"damage":20,"enemies":"Snake Plant","floor":29,"turns":4},{"damage":65,"enemies":"Champ","floor":33,"turns":9}],"seed_played":"-5657831835452743663","potions_obtained":[{"floor":5,"key":"Block Potion"},{"floor":13,"key":"SmokeBomb"},{"floor":19,"key":"EssenceOfSteel"}],"is_trial":false,"path_per_floor":["M","?","?","?","M","$","R","?","T","E","M","$","E","$","R","B",null,"M","M","?","M","M","R","E","R","T","R","M","M","?","T","R","B"],"character_chosen":"DEFECT","items_purchased":["Storm","Hello World","Bandage Up","Electrodynamics"],"campfire_rested":6,"item_purchase_floors":[6,12,12,14],"current_hp_per_floor":[64,69,58,58,58,58,76,76,83,83,83,83,55,55,79,26,69,53,50,50,46,46,70,17,41,41,65,39,19,19,19,43,0],"gold":193,"neow_bonus":"THREE_ENEMY_KILL","is_prod":false,"is_daily":false,"chose_seed":false,"campfire_upgraded":0,"win_rate":0,"timestamp":1554304635,"path_taken":["M","?","?","?","?","$","R","?","T","E","M","?","E","$","R","BOSS","M","M","?","?","M","R","E","R","T","R","M","?","?","?","R","BOSS"],"build_version":"2019-01-23","purchased_purges":1,"victory":false,"max_hp_per_floor":[71,76,76,76,76,76,76,76,83,83,83,83,83,83,83,83,83,83,83,83,83,83,83,83,83,83,83,83,83,83,83,83,83],"card_choices":[{"not_picked":["Go for the Eyes","Steam"],"picked":"Glacier","floor":1},{"not_picked":["Hologram","Stack"],"picked":"Compile Driver","floor":5},{"not_picked":["Turbo","Stack"],"picked":"White Noise","floor":10},{"not_picked":["Compile Driver","Stack"],"picked":"Ball Lightning","floor":11},{"not_picked":["Consume","Rebound"],"picked":"Cold Snap","floor":13},{"not_picked":["Meteor Strike","Hyperbeam"],"picked":"Seek","floor":16},{"not_picked":["Go for the Eyes","Darkness"],"picked":"Redo","floor":18},{"not_picked":["Capacitor","Compile Driver"],"picked":"Force Field","floor":19},{"not_picked":["White Noise","Heatsinks"],"picked":"Defragment+1","floor":21},{"not_picked":["Steam","Beam Cell"],"picked":"Heatsinks+1","floor":24},{"not_picked":["Go for the Eyes","Coolheaded"],"picked":"Redo+1","floor":28},{"not_picked":["Lockon+1","All For One"],"picked":"Leap","floor":29}],"player_experience":1160727,"relics_obtained":[{"floor":9,"key":"Strawberry"},{"floor":10,"key":"Matryoshka"},{"floor":13,"key":"Du-Vu Doll"},{"floor":24,"key":"Ornamental Fan"},{"floor":26,"key":"Ancient Tea Set"},{"floor":26,"key":"Dodecahedron"},{"floor":31,"key":"Bottled Tornado"},{"floor":31,"key":"Vajra"}],"event_choices":[{"damage_healed":0,"gold_gain":0,"player_choice":"Donut","damage_taken":0,"max_hp_gain":5,"max_hp_loss":0,"event_name":"Big Fish","floor":2,"gold_loss":0},{"damage_healed":0,"gold_gain":75,"player_choice":"Gather Gold","damage_taken":11,"max_hp_gain":0,"max_hp_loss":0,"event_name":"World of Goop","floor":3,"gold_loss":0},{"damage_healed":0,"gold_gain":0,"player_choice":"Upgraded","damage_taken":0,"max_hp_gain":0,"max_hp_loss":0,"event_name":"Upgrade Shrine","floor":4,"gold_loss":0,"cards_upgraded":["Glacier"]},{"damage_healed":0,"gold_gain":150,"player_choice":"AGREE","damage_taken":0,"max_hp_gain":0,"max_hp_loss":0,"event_name":"Liars Game","floor":8,"gold_loss":0,"cards_obtained":["Doubt"]},{"damage_healed":0,"gold_gain":0,"player_choice":"Upgrade","damage_taken":0,"max_hp_gain":0,"max_hp_loss":0,"event_name":"Designer","floor":20,"gold_loss":50,"cards_upgraded":["Storm"]},{"damage_healed":0,"gold_gain":0,"player_choice":"Ignored","damage_taken":0,"max_hp_gain":0,"max_hp_loss":0,"event_name":"Vampires","floor":30,"gold_loss":0}],"is_beta":false,"boss_relics":[{"not_picked":["Empty Cage","Philosopher\u0027s Stone"],"picked":"Cursed Key"}],"items_purged_floors":[12],"is_endless":false,"potions_floor_spawned":[5,13,19,22],"killed_by":"Champ","ascension_level":18}