{"path_per_floor":["M","M","?","?","M","R","E","R","T","E","M","M","M","?","R"],"character_chosen":"IRONCLAD","items_purchased":[],"gold_per_floor":[110,120,120,120,130,130,159,159,159,192,209,226,241,241,241,241],"floor_reached":16,"campfire_rested":1,"playtime":828,"current_hp_per_floor":[68,68,68,68,74,74,42,42,42,31,20,16,22,22,44,0],"items_purged":[],"gold":241,"score":162,"play_id":"00722237-4685-41e5-8d8c-012dc8f7ab2a","local_time":"20180410232002","is_prod":false,"is_daily":false,"chose_seed":false,"is_ascension_mode":true,"campfire_upgraded":2,"timestamp":1523373602,"path_taken":["M","M","?","?","?","R","E","R","T","E","M","M","M","?","R","BOSS"],"build_version":"2018-04-10","seed_source_timestamp":1329836193182177,"purchased_purges":0,"victory":false,"master_deck":["Strike_R+1","Strike_R","Strike_R","Strike_R","Strike_R","Defend_R","Defend_R","Defend_R","Bash+1","Shrug It Off","Metallicize+1","Barricade+1","Shrug It Off","Burning Pact","Thunderclap"],"max_hp_per_floor":[80,80,80,80,80,80,80,80,80,80,80,80,80,74,74,74],"relics":["Burning Blood","Whetstone","Peace Pipe","Bag of Preparation","Golden Idol"],"card_choices":[{"not_picked":["Pummel","Perfected Strike"],"picked":"Shrug It Off","floor":2},{"not_picked":["Havoc","Sentinel"],"picked":"Metallicize","floor":5},{"not_picked":["Clash","Iron Wave"],"picked":"Barricade","floor":7},{"not_picked":["Cleave","Second Wind"],"picked":"Shrug It Off","floor":10},{"not_picked":["Sever Soul","Twin Strike"],"picked":"Burning Pact","floor":11},{"not_picked":["Searing Blow","Anger"],"picked":"Thunderclap","floor":13}],"player_experience":250040,"potions_floor_usage":[7,11],"damage_taken":[{"damage":10,"enemies":"Jaw Worm","floor":1,"turns":5},{"damage":6,"enemies":"Cultist","floor":2,"turns":4},{"damage":0,"enemies":"2 Louse","floor":5,"turns":4},{"damage":38,"enemies":"Lagavulin","floor":7,"turns":7},{"damage":17,"enemies":"3 Sentries","floor":10,"turns":12},{"damage":17,"enemies":"Gremlin Gang","floor":11,"turns":8},{"damage":10,"enemies":"3 Louse","floor":12,"turns":6},{"damage":0,"enemies":"Exordium Wildlife","floor":13,"turns":6},{"damage":47,"enemies":"Slime Boss","floor":16,"turns":13}],"event_choices":[{"event_name":"Bonfire Elementals","player_choice":"BASIC","floor":3,"damage_taken":0},{"event_name":"The Woman in Blue","player_choice":"Bought 0 Potions","floor":4,"damage_taken":0},{"event_name":"Golden Idol","player_choice":"Lose Max HP","floor":14,"damage_taken":0}],"boss_relics":[],"potions_floor_spawned":[5,10,13],"seed_played":"2540895671087058010","killed_by":"Slime Boss","ascension_level":9,"is_trial":false}