{"gold_per_floor":[113,113,15,15,29,29,86,86,86,161,161,161,191,204,204,280,280,290,290,45,45,45,45,57,57,57,57,57,57],"floor_reached":29,"playtime":724,"items_purged":["Blood for Blood"],"score":450,"play_id":"59857e34-55ea-44d1-b32e-d6b11275e99a","local_time":"20190309155434","is_ascension_mode":true,"campfire_choices":[{"data":"Body Slam","floor":6,"key":"SMITH"},{"data":"Flame Barrier","floor":8,"key":"SMITH"},{"floor":12,"key":"REST"},{"data":"Demon Form","floor":15,"key":"SMITH"},{"data":"Barricade","floor":23,"key":"SMITH"},{"data":"Evolve","floor":25,"key":"SMITH"}],"neow_cost":"NONE","seed_source_timestamp":20102279429400,"circlet_count":0,"master_deck":["AscendersBane","Strike_R","Strike_R","Strike_R","Defend_R","Defend_R","Defend_R","Defend_R","Bash","Second Wind","Evolve+1","Body Slam+1","Flame Barrier+1","Demon Form+1","Barricade+1","Pommel Strike","Disarm"],"relics":["Burning Blood","Regal Pillow","Juzu Bracelet","Tiny Chest","Champion Belt","Blood Vial","Philosopher\u0027s Stone","WarpedTongs","Pantograph"],"potions_floor_usage":[7,7,16,20,24,29],"damage_taken":[{"damage":2,"enemies":"Cultist","floor":1,"turns":4},{"damage":14,"enemies":"2 Louse","floor":5,"turns":3},{"damage":34,"enemies":"Gremlin Nob","floor":7,"turns":4},{"damage":25,"enemies":"3 Sentries","floor":13,"turns":11},{"damage":4,"enemies":"Small Slimes","floor":14,"turns":4},{"damage":25,"enemies":"Hexaghost","floor":16,"turns":8},{"damage":19,"enemies":"Chosen","floor":18,"turns":7},{"damage":3,"enemies":"2 Thieves","floor":24,"turns":4},{"damage":23,"enemies":"3 Cultists","floor":29,"turns":4}],"seed_played":"5487866265068395636","potions_obtained":[{"floor":1,"key":"GamblersBrew"},{"floor":5,"key":"FearPotion"},{"floor":14,"key":"FearPotion"},{"floor":24,"key":"Explosive Potion"}],"is_trial":false,"path_per_floor":["M","?","$","?","M","R","E","R","T","?","?","R","E","M","R","B",null,"M","?","$","?","?","R","M","R","T","?","?","M"],"character_chosen":"IRONCLAD","items_purchased":["Evolve","PowerPotion","Fruit Juice","Fire Potion"],"campfire_rested":1,"item_purchase_floors":[3,3,20,20],"current_hp_per_floor":[72,72,72,72,64,64,36,36,36,25,7,44,25,29,29,12,59,48,48,53,30,30,30,35,35,35,35,35,14],"gold":57,"neow_bonus":"RANDOM_COMMON_RELIC","is_prod":false,"is_daily":false,"chose_seed":false,"campfire_upgraded":5,"win_rate":0,"timestamp":1552114474,"path_taken":["M","?","$","?","M","R","E","R","T","?","?","R","E","M","R","BOSS","M","?","$","?","?","R","M","R","T","?","?","M"],"build_version":"2019-01-23","purchased_purges":1,"victory":false,"max_hp_per_floor":[75,75,75,75,75,75,75,75,75,75,75,75,75,75,75,75,75,75,75,80,85,85,85,85,85,85,85,85,85],"card_choices":[{"not_picked":["Burning Pact","Warcry"],"picked":"Second Wind","floor":1},{"not_picked":["Clash","Thunderclap"],"picked":"Body Slam","floor":5},{"not_picked":["Iron Wave","Body Slam"],"picked":"Flame Barrier","floor":7},{"not_picked":["Clothesline","Cleave"],"picked":"Blood for Blood","floor":13},{"not_picked":["Warcry","Hemokinesis"],"picked":"Demon Form","floor":14},{"not_picked":["Impervious","Brutality"],"picked":"Barricade","floor":16},{"not_picked":["Metallicize","Armaments","Wild Strike"],"picked":"SKIP","floor":18},{"not_picked":["Inflame","Pommel Strike","Thunderclap"],"picked":"SKIP","floor":24}],"player_experience":2093603,"relics_obtained":[{"floor":7,"key":"Tiny Chest"},{"floor":9,"key":"Champion Belt"},{"floor":13,"key":"Blood Vial"},{"floor":26,"key":"Pantograph"}],"event_choices":[{"damage_healed":0,"gold_gain":0,"player_choice":"Box","damage_taken":0,"relics_obtained":["Juzu Bracelet"],"max_hp_gain":0,"max_hp_loss":0,"event_name":"Big Fish","floor":2,"gold_loss":0,"cards_obtained":["Regret"]},{"cards_removed":["Regret"],"damage_healed":0,"gold_gain":0,"player_choice":"Purged","damage_taken":0,"max_hp_gain":0,"max_hp_loss":0,"event_name":"Purifier","floor":4,"gold_loss":0},{"damage_healed":0,"gold_gain":75,"player_choice":"Gather Gold","damage_taken":11,"max_hp_gain":0,"max_hp_loss":0,"event_name":"World of Goop","floor":10,"gold_loss":0},{"damage_healed":0,"gold_gain":0,"player_choice":"Fled","damage_taken":18,"max_hp_gain":0,"max_hp_loss":0,"event_name":"Scrap Ooze","floor":11,"gold_loss":0},{"damage_healed":0,"gold_gain":0,"cards_transformed":["Strike_R","Strike_R"],"player_choice":"Became Test Subject","damage_taken":0,"max_hp_gain":0,"max_hp_loss":0,"event_name":"Drug Dealer","floor":19,"gold_loss":0,"cards_obtained":["Pommel Strike","Disarm"]},{"damage_healed":0,"gold_gain":0,"player_choice":"Shed Blood","damage_taken":28,"max_hp_gain":5,"max_hp_loss":0,"event_name":"Forgotten Altar","floor":21,"gold_loss":0},{"damage_healed":0,"gold_gain":0,"player_choice":"Rummage","damage_taken":0,"relics_obtained":["WarpedTongs"],"max_hp_gain":0,"max_hp_loss":0,"event_name":"Accursed Blacksmith","floor":22,"gold_loss":0,"cards_obtained":["Pain"]},{"cards_removed":["Pain"],"damage_healed":0,"gold_gain":0,"player_choice":"Elegance","damage_taken":0,"max_hp_gain":0,"max_hp_loss":0,"event_name":"Back to Basics","floor":27,"gold_loss":0},{"damage_healed":0,"gold_gain":0,"player_choice":"Ignored","damage_taken":0,"max_hp_gain":0,"max_hp_loss":0,"event_name":"Beggar","floor":28,"gold_loss":0}],"is_beta":false,"boss_relics":[{"not_picked":["Orrery","Black Star"],"picked":"Philosopher\u0027s Stone"}],"items_purged_floors":[20],"is_endless":false,"potions_floor_spawned":[1,5,14,24],"killed_by":"3 Cultists","ascension_level":20}