{"gold_per_floor":[109,122,47,47,3,29,29,55,55,55,119,131,131,148,148,220,220,239,239,239,253,265,265,284,313,340,340,340,375,375,391,391,465,465,485,496,421,421,51,51,79,79,102,132,132,132],"floor_reached":46,"playtime":1741,"items_purged":["Strike_R","Strike_R"],"score":1194,"play_id":"be95be17-569f-44c0-8818-2c783feb6fb5","local_time":"20190310180410","is_ascension_mode":true,"campfire_choices":[{"data":"Whirlwind","floor":7,"key":"SMITH"},{"data":"Bash","floor":10,"key":"SMITH"},{"data":"Fiend Fire","floor":13,"key":"SMITH"},{"data":"True Grit","floor":15,"key":"SMITH"},{"floor":23,"key":"REST"},{"data":"Body Slam","floor":28,"key":"SMITH"},{"data":"Inflame","floor":30,"key":"SMITH"},{"floor":32,"key":"REST"},{"data":"Power Through","floor":40,"key":"SMITH"},{"data":"Battle Trance","floor":42,"key":"SMITH"}],"neow_cost":"NONE","seed_source_timestamp":113257849149700,"circlet_count":0,"master_deck":["AscendersBane","Strike_R","Defend_R","Defend_R","Defend_R","Defend_R","Bash+1","Infernal Blade","Ghostly Armor","Battle Trance+1","Whirlwind+1","Fiend Fire+1","True Grit+1","Offering+1","Power Through+1","Power Through+1","Shrug It Off+1","Body Slam+1","Inflame+1","Exhume","Evolve+1","True Grit+1"],"relics":["Burning Blood","NeowsBlessing","Matryoshka","Thread and Needle","Singing Bowl","Mummified Hand","Happy Flower","Velvet Choker","Dodecahedron","Gremlin Horn","Ancient Tea Set","Bronze Scales","Black Star","Question Card","Juzu Bracelet","Omamori","Regal Pillow","Letter Opener"],"potions_floor_usage":[16,16,25,29],"damage_taken":[{"damage":0,"enemies":"2 Louse","floor":1,"turns":1},{"damage":0,"enemies":"Small Slimes","floor":2,"turns":1},{"damage":0,"enemies":"3 Sentries","floor":6,"turns":2},{"damage":46,"enemies":"Lagavulin","floor":8,"turns":9},{"damage":7,"enemies":"Gremlin Nob","floor":11,"turns":3},{"damage":0,"enemies":"Jaw Worm","floor":12,"turns":3},{"damage":0,"enemies":"Looter","floor":14,"turns":1},{"damage":34,"enemies":"Hexaghost","floor":16,"turns":7},{"damage":6,"enemies":"2 Thieves","floor":18,"turns":2},{"damage":13,"enemies":"Shell Parasite","floor":21,"turns":5},{"damage":6,"enemies":"Snecko","floor":22,"turns":4},{"damage":6,"enemies":"Shelled Parasite and Fungi","floor":24,"turns":3},{"damage":6,"enemies":"Book of Stabbing","floor":25,"turns":3},{"damage":12,"enemies":"Slavers","floor":29,"turns":5},{"damage":0,"enemies":"Centurion and Healer","floor":31,"turns":2},{"damage":26,"enemies":"Champ","floor":33,"turns":11},{"damage":2,"enemies":"Orb Walker","floor":35,"turns":2},{"damage":36,"enemies":"3 Darklings","floor":36,"turns":5},{"damage":19,"enemies":"Giant Head","floor":41,"turns":6},{"damage":29,"enemies":"Nemesis","floor":44,"turns":5},{"damage":33,"enemies":"Giant Head","floor":46,"turns":6}],"seed_played":"5782724703331991089","potions_obtained":[{"floor":8,"key":"AttackPotion"},{"floor":11,"key":"SteroidPotion"},{"floor":21,"key":"FearPotion"},{"floor":24,"key":"GamblersBrew"},{"floor":31,"key":"Poison Potion"}],"is_trial":false,"path_per_floor":["M","M","?","?","$","E","R","E","T","R","?","M","R","M","R","B",null,"M","?","?","M","M","R","M","E","T","?","R","E","R","M","R","B",null,"M","M","$","?","$","R","E","R","T","E","?","E"],"character_chosen":"IRONCLAD","items_purchased":["Battle Trance","Question Card"],"campfire_rested":2,"item_purchase_floors":[5,39],"current_hp_per_floor":[74,75,75,80,80,80,80,40,40,40,41,47,47,53,53,25,68,68,44,44,37,39,65,65,67,67,67,67,61,61,67,91,71,86,90,62,62,62,62,62,51,51,51,28,28,0],"gold":132,"neow_bonus":"THREE_ENEMY_KILL","is_prod":false,"is_daily":false,"chose_seed":false,"campfire_upgraded":8,"win_rate":0,"timestamp":1552208650,"path_taken":["M","M","?","?","$","E","R","E","T","R","?","M","R","?","R","BOSS","M","?","?","?","M","R","M","E","T","?","R","E","R","M","R","BOSS","M","M","$","?","$","R","E","R","T","E","?","E"],"build_version":"2019-01-23","purchased_purges":2,"victory":false,"max_hp_per_floor":[75,75,75,80,80,80,80,80,80,80,82,82,82,82,82,82,82,82,87,87,87,89,89,89,91,91,91,91,91,91,91,91,91,91,91,93,93,88,88,88,90,90,90,90,90,90],"card_choices":[{"not_picked":["Wild Strike","Sword Boomerang"],"picked":"Infernal Blade","floor":1},{"not_picked":["Flex","Cleave"],"picked":"Ghostly Armor","floor":2},{"not_picked":["Warcry","Anger"],"picked":"Whirlwind","floor":6},{"not_picked":["Heavy Blade","Warcry","Wild Strike"],"picked":"SKIP","floor":8},{"not_picked":["Cleave","Wild Strike","Anger"],"picked":"Singing Bowl","floor":11},{"not_picked":["Inflame","Headbutt"],"picked":"Fiend Fire","floor":12},{"not_picked":["Iron Wave","Sword Boomerang"],"picked":"True Grit","floor":14},{"not_picked":["Impervious","Immolate"],"picked":"Offering","floor":16},{"not_picked":["Rampage","Burning Pact"],"picked":"Power Through+1","floor":18},{"not_picked":["Clothesline","Heavy Blade"],"picked":"Shrug It Off+1","floor":21},{"not_picked":["Flex","Twin Strike","Pummel"],"picked":"Singing Bowl","floor":22},{"not_picked":["Inflame","Infernal Blade"],"picked":"Body Slam","floor":24},{"not_picked":["Power Through","Reckless Charge","Iron Wave"],"picked":"Singing Bowl","floor":25},{"not_picked":["Sword Boomerang","Carnage"],"picked":"Inflame","floor":29},{"not_picked":["Warcry","Sword Boomerang"],"picked":"Metallicize","floor":31},{"not_picked":["Feed","Fiend Fire"],"picked":"Exhume","floor":33},{"not_picked":["Fire Breathing","Rampage"],"picked":"Evolve+1","floor":35},{"not_picked":["Anger","Blood for Blood","Heavy Blade"],"picked":"Singing Bowl","floor":36},{"not_picked":["Thunderclap+1","Power Through","Wild Strike","Dark Embrace"],"picked":"Singing Bowl","floor":41},{"not_picked":["Uppercut","Headbutt","Seeing Red"],"picked":"True Grit+1","floor":44}],"player_experience":2156385,"relics_obtained":[{"floor":6,"key":"Matryoshka"},{"floor":8,"key":"Thread and Needle"},{"floor":9,"key":"Singing Bowl"},{"floor":9,"key":"Mummified Hand"},{"floor":11,"key":"Happy Flower"},{"floor":25,"key":"Dodecahedron"},{"floor":26,"key":"Gremlin Horn"},{"floor":26,"key":"Ancient Tea Set"},{"floor":29,"key":"Bronze Scales"},{"floor":41,"key":"Juzu Bracelet"},{"floor":41,"key":"Omamori"},{"floor":44,"key":"Regal Pillow"},{"floor":44,"key":"Letter Opener"}],"event_choices":[{"cards_removed":["Strike_R"],"damage_healed":0,"gold_gain":0,"player_choice":"Card Removal","damage_taken":0,"max_hp_gain":0,"max_hp_loss":0,"event_name":"The Cleric","floor":3,"gold_loss":75},{"damage_healed":0,"gold_gain":0,"player_choice":"Donut","damage_taken":0,"max_hp_gain":5,"max_hp_loss":0,"event_name":"Big Fish","floor":4,"gold_loss":0},{"damage_healed":0,"gold_gain":30,"player_choice":"Searched \u00273\u0027 times","damage_taken":0,"max_hp_gain":0,"max_hp_loss":0,"event_name":"Dead Adventurer","floor":11,"gold_loss":0},{"damage_healed":0,"gold_gain":0,"player_choice":"Shed Blood","damage_taken":29,"max_hp_gain":5,"max_hp_loss":0,"event_name":"Forgotten Altar","floor":19,"gold_loss":0},{"damage_healed":0,"gold_gain":0,"cards_transformed":["Strike_R"],"player_choice":"Transformed","damage_taken":0,"max_hp_gain":0,"max_hp_loss":0,"event_name":"Transmorgrifier","floor":20,"gold_loss":0,"cards_obtained":["Power Through"]},{"damage_healed":0,"gold_gain":0,"player_choice":"Upgraded","damage_taken":0,"max_hp_gain":0,"max_hp_loss":0,"event_name":"Upgrade Shrine","floor":27,"gold_loss":0,"cards_upgraded":["Offering"]},{"damage_healed":0,"gold_gain":0,"player_choice":"Max HP","damage_taken":0,"max_hp_gain":0,"max_hp_loss":5,"event_name":"Winding Halls","floor":38,"gold_loss":0},{"cards_removed":["Metallicize"],"damage_healed":0,"gold_gain":0,"player_choice":"Removed Power","damage_taken":0,"max_hp_gain":0,"max_hp_loss":0,"event_name":"Falling","floor":45,"gold_loss":0}],"is_beta":false,"boss_relics":[{"not_picked":["Eternal Feather","Busted Crown"],"picked":"Velvet Choker"},{"not_picked":["White Beast Statue","Mark of Pain"],"picked":"Black Star"}],"items_purged_floors":[37,39],"is_endless":false,"potions_floor_spawned":[8,11,21,24,31],"killed_by":"Giant Head","ascension_level":20}