{"gold_per_floor":[365,381,381,456,49,75,75,105,130,130,130,143,157,157],"floor_reached":14,"playtime":261,"items_purged":["Strike_R"],"score":176,"play_id":"02a58ad3-66f7-48cc-8c75-34a5db813134","local_time":"20190411203246","is_ascension_mode":true,"campfire_choices":[{"floor":7,"key":"REST"},{"data":"1","floor":11,"key":"LIFT"}],"neow_cost":"TEN_PERCENT_HP_LOSS","seed_source_timestamp":412638271140500,"circlet_count":0,"master_deck":["AscendersBane","Strike_R+1","Strike_R","Strike_R","Strike_R","Defend_R","Defend_R","Defend_R","Defend_R","Bash+1","True Grit","Sword Boomerang","Barricade"],"relics":["Burning Blood","Omamori","Girya","Whetstone","Smiling Mask"],"potions_floor_usage":[8,14],"damage_taken":[{"damage":10,"enemies":"2 Louse","floor":1,"turns":3},{"damage":19,"enemies":"Jaw Worm","floor":2,"turns":4},{"damage":45,"enemies":"3 Sentries","floor":8,"turns":12},{"damage":0,"enemies":"Cultist","floor":12,"turns":3},{"damage":9,"enemies":"Blue Slaver","floor":13,"turns":3},{"damage":19,"enemies":"Exordium Thugs","floor":14,"turns":1}],"seed_played":"-325184265171824759","potions_obtained":[{"floor":1,"key":"Explosive Potion"},{"floor":12,"key":"Energy Potion"}],"is_trial":false,"path_per_floor":["M","M","?","?","$","T","R","E","T","?","R","M","M","M"],"character_chosen":"IRONCLAD","items_purchased":["Girya"],"campfire_rested":1,"item_purchase_floors":[5],"current_hp_per_floor":[64,51,40,29,29,29,49,10,10,10,10,16,13,0],"gold":157,"neow_bonus":"TWO_FIFTY_GOLD","is_prod":false,"is_daily":false,"chose_seed":false,"campfire_upgraded":0,"win_rate":0,"timestamp":1554982366,"path_taken":["M","M","?","?","$","?","R","E","T","?","R","M","M","M"],"build_version":"2019-01-23","purchased_purges":1,"victory":false,"max_hp_per_floor":[68,68,68,68,68,68,68,68,68,68,68,68,68,68],"card_choices":[{"not_picked":["Rupture","Reckless Charge","Sentinel"],"picked":"SKIP","floor":1},{"not_picked":["Thunderclap","Reckless Charge","Anger"],"picked":"SKIP","floor":2},{"not_picked":["Bludgeon","Warcry"],"picked":"True Grit","floor":8},{"not_picked":["Hemokinesis","True Grit"],"picked":"Sword Boomerang","floor":12},{"not_picked":["Searing Blow","Fire Breathing"],"picked":"Barricade","floor":13}],"player_experience":3062603,"relics_obtained":[{"floor":8,"key":"Whetstone"},{"floor":9,"key":"Smiling Mask"}],"event_choices":[{"damage_healed":0,"gold_gain":0,"player_choice":"Success","damage_taken":11,"relics_obtained":["Omamori"],"max_hp_gain":0,"max_hp_loss":0,"event_name":"Scrap Ooze","floor":3,"gold_loss":0},{"damage_healed":0,"gold_gain":75,"player_choice":"Gather Gold","damage_taken":11,"max_hp_gain":0,"max_hp_loss":0,"event_name":"World of Goop","floor":4,"gold_loss":0},{"damage_healed":0,"gold_gain":0,"player_choice":"Ignored","damage_taken":0,"max_hp_gain":0,"max_hp_loss":0,"event_name":"Shining Light","floor":10,"gold_loss":0}],"is_beta":false,"boss_relics":[],"items_purged_floors":[5],"is_endless":false,"potions_floor_spawned":[1,12],"killed_by":"Exordium Thugs","ascension_level":20}