{"gold_per_floor":[115,115,131,146,146,146,174,186,275,587,599],"floor_reached":11,"playtime":164,"items_purged":[],"score":142,"play_id":"2643fe1d-d7b6-46c1-874f-679e5c1dd182","local_time":"20190425205522","is_ascension_mode":true,"campfire_choices":[{"data":"Cleave","floor":6,"key":"SMITH"},{"data":"Armaments","floor":8,"key":"SMITH"}],"neow_cost":"NONE","seed_source_timestamp":292274066152600,"circlet_count":0,"master_deck":["AscendersBane","Strike_R","Strike_R","Strike_R","Strike_R","Strike_R","Defend_R","Defend_R","Defend_R","Defend_R","Bash+1","Cleave+1","Feel No Pain","Armaments+1"],"relics":["Burning Blood","NeowsBlessing","MawBank","Paper Frog","Old Coin"],"potions_floor_usage":[],"damage_taken":[{"damage":0,"enemies":"Jaw Worm","floor":1,"turns":1},{"damage":0,"enemies":"Cultist","floor":3,"turns":1},{"damage":0,"enemies":"2 Louse","floor":4,"turns":1},{"damage":31,"enemies":"3 Sentries","floor":7,"turns":10},{"damage":53,"enemies":"Gremlin Nob","floor":11,"turns":4}],"seed_played":"-387178087056379387","potions_obtained":[],"is_trial":false,"path_per_floor":["M","?","M","M","?","R","E","R","T","T","E"],"character_chosen":"IRONCLAD","items_purchased":[],"campfire_rested":0,"item_purchase_floors":[],"current_hp_per_floor":[74,74,75,75,75,75,50,50,50,50,0],"gold":599,"neow_bonus":"THREE_ENEMY_KILL","is_prod":false,"is_daily":false,"chose_seed":false,"campfire_upgraded":2,"win_rate":0,"timestamp":1556193322,"path_taken":["M","?","?","M","?","R","E","R","T","?","E"],"build_version":"2019-01-23","purchased_purges":0,"victory":false,"max_hp_per_floor":[75,75,75,75,75,75,75,75,75,75,75],"card_choices":[{"not_picked":["Twin Strike","Heavy Blade"],"picked":"Cleave","floor":1},{"not_picked":["Clash","Clothesline","Perfected Strike"],"picked":"SKIP","floor":3},{"not_picked":["Warcry","Spot Weakness"],"picked":"Feel No Pain","floor":4},{"not_picked":["Perfected Strike","Sentinel"],"picked":"Armaments","floor":7}],"player_experience":3379314,"relics_obtained":[{"floor":7,"key":"MawBank"},{"floor":9,"key":"Paper Frog"},{"floor":10,"key":"Old Coin"}],"event_choices":[{"damage_healed":0,"gold_gain":0,"player_choice":"Upgraded","damage_taken":0,"max_hp_gain":0,"max_hp_loss":0,"event_name":"Upgrade Shrine","floor":2,"gold_loss":0,"cards_upgraded":["Bash"]},{"damage_healed":0,"gold_gain":0,"player_choice":"Ignored","damage_taken":0,"max_hp_gain":0,"max_hp_loss":0,"event_name":"Liars Game","floor":5,"gold_loss":0}],"is_beta":false,"boss_relics":[],"items_purged_floors":[],"is_endless":false,"potions_floor_spawned":[],"killed_by":"Gremlin Nob","ascension_level":20}