{"gold_per_floor":[115,61,61,80,80,80,109,109,164,164],"floor_reached":10,"playtime":266,"items_purged":[],"score":128,"play_id":"d6e6ea58-fa3f-4ff2-b414-58b83dee8568","local_time":"20190327120945","is_ascension_mode":true,"campfire_choices":[{"data":"Bash","floor":6,"key":"SMITH"}],"neow_cost":"NONE","seed_source_timestamp":34997232667600,"circlet_count":0,"master_deck":["AscendersBane","Strike_R","Strike_R","Strike_R","Strike_R","Defend_R","Defend_R","Defend_R+1","Defend_R","Bash+1","Offering","Ghostly Armor+1","True Grit","Rampage"],"relics":["Burning Blood","Blood Vial","Centennial Puzzle","Potion Belt"],"potions_floor_usage":[7,7],"damage_taken":[{"damage":6,"enemies":"Small Slimes","floor":1,"turns":3},{"damage":0,"enemies":"2 Louse","floor":4,"turns":4},{"damage":25,"enemies":"3 Sentries","floor":7,"turns":14},{"damage":0,"enemies":"Gremlin Nob","floor":10,"turns":1}],"seed_played":"-6827029765995861001","potions_obtained":[{"floor":1,"key":"Poison Potion"}],"is_trial":false,"path_per_floor":["M","$","?","M","?","R","E","?","T","E"],"character_chosen":"IRONCLAD","items_purchased":["SteroidPotion"],"campfire_rested":0,"item_purchase_floors":[2],"current_hp_per_floor":[68,68,50,58,35,35,18,18,18,20],"gold":164,"neow_bonus":"TRANSFORM_CARD","is_prod":false,"is_daily":false,"chose_seed":false,"campfire_upgraded":1,"win_rate":0,"timestamp":1553656185,"path_taken":["M","$","?","M","?","R","E","?","T","E"],"build_version":"2019-01-23","purchased_purges":0,"victory":false,"max_hp_per_floor":[75,75,75,75,75,75,75,75,75,75],"card_choices":[{"not_picked":["Twin Strike","Uppercut"],"picked":"Ghostly Armor","floor":1},{"not_picked":["Seeing Red","Wild Strike"],"picked":"True Grit","floor":4},{"not_picked":["Shrug It Off","Uppercut"],"picked":"Rampage","floor":7}],"player_experience":2623431,"relics_obtained":[{"floor":7,"key":"Centennial Puzzle"},{"floor":9,"key":"Potion Belt"}],"event_choices":[{"damage_healed":0,"gold_gain":0,"player_choice":"Success","damage_taken":18,"relics_obtained":["Blood Vial"],"max_hp_gain":0,"max_hp_loss":0,"event_name":"Scrap Ooze","floor":3,"gold_loss":0},{"damage_healed":0,"gold_gain":0,"player_choice":"Entered Light","damage_taken":23,"max_hp_gain":0,"max_hp_loss":0,"event_name":"Shining Light","floor":5,"gold_loss":0,"cards_upgraded":["Ghostly Armor","Defend_R"]},{"damage_healed":0,"gold_gain":0,"player_choice":"Ignored","damage_taken":0,"max_hp_gain":0,"max_hp_loss":0,"event_name":"Liars Game","floor":8,"gold_loss":0}],"is_beta":false,"boss_relics":[],"items_purged_floors":[],"is_endless":false,"potions_floor_spawned":[1,4],"killed_by":"Gremlin Nob","ascension_level":20}