{"gold_per_floor":[218,231,241,8,16,48,64,64,64,96,115,150,164,178,178,251,251,266,266,154,171,171,171,202,92,92,121,141,166,179,204,204,282,282,299,313,326,63,10,10,40,40,88,88,88,122,138,168,168,168,168,168,168,43,72,72],"floor_reached":57,"playtime":5071,"items_purged":["Decay","Accuracy+1","All Out Attack+1"],"score":2934,"play_id":"7271e955-b1dc-48da-af71-9d1da3b77379","local_time":"20190427021613","is_ascension_mode":true,"campfire_choices":[{"floor":15.0,"key":"REST"},{"floor":23.0,"key":"REST"},{"floor":32.0,"key":"REST"},{"floor":40,"key":"REST"},{"floor":42,"key":"RECALL"},{"floor":49,"key":"REST"},{"floor":53,"key":"DIG"}],"neow_cost":"NONE","seed_source_timestamp":612342300688039,"circlet_count":0,"master_deck":["AscendersBane","Defend_G","Defend_G","Defend_G","Defend_G","Defend_G","Survivor","Neutralize","PiercingWail","Flechettes","Crippling Poison","Apotheosis","Calculated Gamble","Footwork","Malaise","Corpse Explosion+1","Dash","Deflect+1","PiercingWail+1","Wraith Form v2","Quick Slash","Skewer","Crippling Poison+1","Acrobatics+1","Die Die Die","Deadly Poison+1","Noxious Fumes","Well Laid Plans","After Image","Backflip+1","Deadly Poison+1","Backflip+1","Crippling Poison+1","Footwork"],"special_seed":0,"relics":["Ring of the Snake","Lantern","Bottled Tornado","Toxic Egg 2","PreservedInsect","Philosopher\u0027s Stone","Dream Catcher","Bag of Marbles","Happy Flower","Art of War","Shuriken","Astrolabe","Centennial Puzzle","Shovel","Blue Candle","Meat on the Bone","Bronze Scales","Anchor","Mercury Hourglass","Ornamental Fan"],"potions_floor_usage":[51,56,56],"damage_taken":[{"damage":5.0,"enemies":"Cultist","floor":1.0,"turns":5.0},{"damage":12.0,"enemies":"Small Slimes","floor":2.0,"turns":4.0},{"damage":0.0,"enemies":"2 Louse","floor":3.0,"turns":3.0},{"damage":1.0,"enemies":"Exordium Thugs","floor":5.0,"turns":4.0},{"damage":5.0,"enemies":"Lagavulin","floor":6.0,"turns":5.0},{"damage":2.0,"enemies":"Looter","floor":7.0,"turns":4.0},{"damage":3.0,"enemies":"3 Sentries","floor":10.0,"turns":13.0},{"damage":1.0,"enemies":"Large Slime","floor":11.0,"turns":6.0},{"damage":13.0,"enemies":"Gremlin Nob","floor":12.0,"turns":4.0},{"damage":0.0,"enemies":"2 Fungi Beasts","floor":13.0,"turns":2.0},{"damage":0.0,"enemies":"Red Slaver","floor":14.0,"turns":5.0},{"damage":19.0,"enemies":"Slime Boss","floor":16.0,"turns":13.0},{"damage":32.0,"enemies":"Chosen","floor":18.0,"turns":8.0},{"damage":2.0,"enemies":"Spheric Guardian","floor":21.0,"turns":5.0},{"damage":3.0,"enemies":"Slavers","floor":24.0,"turns":3.0},{"damage":0.0,"enemies":"Gremlin Leader","floor":27.0,"turns":5.0},{"damage":9.0,"enemies":"Cultist and Chosen","floor":28.0,"turns":7.0},{"damage":11.0,"enemies":"Slavers","floor":29.0,"turns":2.0},{"damage":0.0,"enemies":"Centurion and Healer","floor":30.0,"turns":3.0},{"damage":0.0,"enemies":"Gremlin Leader","floor":31.0,"turns":5.0},{"damage":26.0,"enemies":"Collector","floor":33.0,"turns":11.0},{"damage":1,"enemies":"Orb Walker","floor":35,"turns":5},{"damage":4,"enemies":"3 Darklings","floor":36,"turns":4},{"damage":11,"enemies":"Writhing Mass","floor":37,"turns":8},{"damage":11,"enemies":"Nemesis","floor":41,"turns":5},{"damage":19,"enemies":"Giant Head","floor":46,"turns":9},{"damage":1,"enemies":"Jaw Worm Horde","floor":47,"turns":4},{"damage":17,"enemies":"Nemesis","floor":48,"turns":7},{"damage":33,"enemies":"Awakened One","floor":50,"turns":20},{"damage":17,"enemies":"Time Eater","floor":51,"turns":18},{"damage":6,"enemies":"Shield and Spear","floor":55,"turns":7},{"damage":44,"enemies":"The Heart","floor":56,"turns":11}],"seed_played":"5177815189621222215","potions_obtained":[{"floor":3.0,"key":"Strength Potion"},{"floor":10.0,"key":"Poison Potion"},{"floor":14.0,"key":"Explosive Potion"},{"floor":18.0,"key":"EssenceOfSteel"},{"floor":24.0,"key":"Swift Potion"},{"floor":30.0,"key":"SpeedPotion"},{"floor":31.0,"key":"SteroidPotion"},{"floor":33.0,"key":"Poison Potion"},{"floor":35,"key":"Dexterity Potion"},{"floor":55,"key":"FearPotion"}],"is_trial":false,"path_per_floor":["M","M","M","$","M","E","M","?","T","E","M","E","M","M","R","B",null,"M","?","$","M","?","R","E","?","T","E","M","E","M","E","R","B",null,"M","M","M","$","?","R","E","R","T","$","T","E","M","E","R","B","B",null,"R","$","E","B",null],"character_chosen":"THE_SILENT","items_purchased":["Apotheosis","Fire Potion","Skewer","Centennial Puzzle"],"campfire_rested":5,"item_purchase_floors":[4,4,20,38],"current_hp_per_floor":[54,42,42,42,41,36,34,34,34,31,30,17,17,17,36,17,54,22,22,22,20,20,39,36,36,36,36,27,16,16,16,35,9,52,51,47,36,36,36,55,44,44,44,44,44,37,36,31,50,29,24,56,56,56,50,18],"gold":72,"neow_bonus":"HUNDRED_GOLD","is_prod":false,"is_daily":false,"chose_seed":false,"campfire_upgraded":0,"win_rate":0,"timestamp":1556324173,"path_taken":["M","M","M","$","?","E","M","?","T","E","M","E","M","M","R","BOSS","M","?","$","M","?","R","E","?","T","E","M","E","?","E","R","BOSS","M","?","M","$","?","R","E","R","T","$","?","E","M","E","R","BOSS","BOSS","R","$","E","BOSS"],"build_version":"2019-01-23","purchased_purges":3,"victory":true,"max_hp_per_floor":[66,66,66,66,66,66,66,66,66,66,66,66,66,66,66,66,66,66,66,66,66,66,66,66,66,66,66,66,66,66,66,66,66,66,66,66,66,66,66,66,66,66,66,66,66,66,66,66,66,66,66,66,66,66,66,66],"card_choices":[{"not_picked":["Quick Slash","Sucker Punch"],"picked":"PiercingWail","floor":1.0},{"not_picked":["Slice","Accuracy"],"picked":"Flechettes","floor":2.0},{"not_picked":["Acrobatics","Deadly Poison"],"picked":"Crippling Poison","floor":3.0},{"not_picked":["Prepared","Blur"],"picked":"Calculated Gamble","floor":5.0},{"not_picked":["Backflip","Flying Knee"],"picked":"Footwork","floor":6.0},{"not_picked":["Bouncing Flask","Prepared"],"picked":"Malaise","floor":7.0},{"not_picked":["Leg Sweep","Outmaneuver"],"picked":"Corpse Explosion","floor":10.0},{"not_picked":["Masterful Stab","Terror+1"],"picked":"Dash","floor":11.0},{"not_picked":["Slice","Poisoned Stab"],"picked":"Deflect+1","floor":12.0},{"not_picked":["Calculated Gamble+1","Sucker Punch","Expertise+1"],"picked":"SKIP","floor":13.0},{"not_picked":["Prepared+1","Sucker Punch"],"picked":"PiercingWail+1","floor":14.0},{"not_picked":["Grand Finale","Doppelganger+1"],"picked":"Wraith Form v2","floor":16.0},{"not_picked":["PiercingWail+1","Distraction+1"],"picked":"Quick Slash","floor":18.0},{"not_picked":["Dodge and Roll+1","Flechettes"],"picked":"Crippling Poison+1","floor":21.0},{"not_picked":["Reflex+1","Flying Knee+1"],"picked":"Die Die Die","floor":24.0},{"not_picked":["Accuracy","Poisoned Stab","All Out Attack"],"picked":"SKIP","floor":27.0},{"not_picked":["Quick Slash+1","Calculated Gamble+1"],"picked":"Deadly Poison+1","floor":28.0},{"not_picked":["Outmaneuver+1","Quick Slash","Blade Dance+1"],"picked":"SKIP","floor":29.0},{"not_picked":["Acrobatics+1","Prepared+1"],"picked":"Noxious Fumes","floor":30.0},{"not_picked":["Blade Dance+1","Slice"],"picked":"Well Laid Plans","floor":31.0},{"not_picked":["Storm of Steel+1","Unload"],"picked":"After Image","floor":33.0},{"not_picked":["Outmaneuver+1","Dagger Throw"],"picked":"Deadly Poison+1","floor":35},{"not_picked":["Caltrops","Deflect+1"],"picked":"Backflip+1","floor":36},{"not_picked":["Riddle With Holes","Deadly Poison+1","Tactician+1"],"picked":"SKIP","floor":37},{"not_picked":["Distraction+1","Dagger Spray"],"picked":"Crippling Poison+1","floor":40},{"not_picked":["Skewer+1","All Out Attack","Dash"],"picked":"SKIP","floor":41},{"not_picked":["Flying Knee+1","Predator","Masterful Stab+1"],"picked":"SKIP","floor":46},{"not_picked":["Blur+1","Backflip+1"],"picked":"Footwork","floor":47},{"not_picked":["Backstab","Reflex+1","Outmaneuver+1"],"picked":"SKIP","floor":48},{"not_picked":["Sucker Punch","Riddle With Holes","Phantasmal Killer+1"],"picked":"SKIP","floor":55}],"player_experience":835731,"relics_obtained":[{"floor":6.0,"key":"Lantern"},{"floor":9.0,"key":"Bottled Tornado"},{"floor":10.0,"key":"Toxic Egg 2"},{"floor":12.0,"key":"PreservedInsect"},{"floor":24.0,"key":"Dream Catcher"},{"floor":26.0,"key":"Bag of Marbles"},{"floor":27.0,"key":"Happy Flower"},{"floor":29.0,"key":"Art of War"},{"floor":31.0,"key":"Shuriken"},{"floor":41,"key":"Blue Candle"},{"floor":45,"key":"Meat on the Bone"},{"floor":46,"key":"Bronze Scales"},{"floor":48,"key":"Anchor"},{"floor":53,"key":"Mercury Hourglass"},{"floor":55,"key":"Ornamental Fan"}],"event_choices":[{"damage_healed":0.0,"max_hp_gain":0.0,"max_hp_loss":0.0,"gold_gain":0.0,"event_name":"Liars Game","player_choice":"Ignored","floor":8.0,"gold_loss":0.0,"damage_taken":0.0},{"damage_healed":0.0,"max_hp_gain":0.0,"max_hp_loss":0.0,"gold_gain":0.0,"event_name":"Forgotten Altar","player_choice":"Smashed Altar","floor":19.0,"gold_loss":0.0,"damage_taken":0.0,"cards_obtained":["Decay"]},{"damage_healed":0.0,"max_hp_gain":0.0,"max_hp_loss":0.0,"gold_gain":0.0,"cards_transformed":["Strike_G","Strike_G"],"event_name":"Drug Dealer","player_choice":"Became Test Subject","floor":22.0,"gold_loss":0.0,"damage_taken":0.0,"cards_obtained":["All Out Attack","Acrobatics"]},{"cards_removed":["Strike_G"],"damage_healed":0.0,"max_hp_gain":0.0,"max_hp_loss":0.0,"gold_gain":0.0,"event_name":"Designer","player_choice":"Upgrade and Remove","floor":25.0,"gold_loss":110.0,"damage_taken":0.0,"cards_upgraded":["Strike_G"]},{"damage_healed":0,"gold_gain":0,"player_choice":"Paid Gold","damage_taken":0,"relics_obtained":["Shovel"],"max_hp_gain":0,"max_hp_loss":0,"event_name":"WeMeetAgain","floor":39,"gold_loss":53}],"is_beta":false,"boss_relics":[{"not_picked":["Empty Cage","Coffee Dripper"],"picked":"Philosopher\u0027s Stone"},{"not_picked":["Lizard Tail","White Beast Statue"],"picked":"Astrolabe"}],"items_purged_floors":[20,38,54],"is_endless":false,"potions_floor_spawned":[3,5,10,11,14,18,24,30,31,33,35,37,41,55],"ascension_level":20}