{"path_per_floor":["M","?","M","M","$","E","R","M","T","E","M","?","M","M","R","B",null,"M","$","M","?","?","R","E","$","T","M","R","M","M","M","R"],"character_chosen":"IRONCLAD","items_purchased":["Bronze Scales","Cleave","Anchor"],"gold_per_floor":[114,189,201,212,41,66,66,77,77,107,126,126,146,157,157,259,289,304,77,97,97,97,97,126,26,51,69,69,83,94,112,112,112],"floor_reached":33,"campfire_rested":5,"playtime":1659,"current_hp_per_floor":[77,66,70,72,72,38,62,65,65,61,62,20,15,10,37,10,77,53,53,59,43,43,72,75,75,75,53,83,63,34,21,51,0],"items_purged":["Defend_R","Defend_R"],"gold":112,"score":430,"play_id":"49108bd7-1fc3-406b-8bf6-414032c5f65d","local_time":"20180323224043","is_prod":false,"is_daily":false,"is_ascension_mode":true,"campfire_upgraded":0,"timestamp":1521837643,"path_taken":["M","?","M","M","$","E","R","M","T","E","M","?","M","M","R","BOSS","M","$","M","?","?","R","E","$","T","M","R","M","M","?","R","BOSS"],"build_version":"2018-03-22v2","purchased_purges":2,"victory":false,"master_deck":["Strike_R","Strike_R","Strike_R","Strike_R","Strike_R","Defend_R","Defend_R","Bash","Uppercut","Cleave","Cleave","Feed","Armaments","Seeing Red","Iron Wave","Iron Wave","Spot Weakness","Bludgeon+1","Flex","Iron Wave+1","Heavy Blade","Combust","Bash","Iron Wave","Headbutt","Clash","Clash","Flex"],"max_hp_per_floor":[80,80,80,80,80,80,80,80,80,83,86,86,89,92,92,92,97,97,97,97,97,97,97,100,100,100,100,100,103,103,103,103,103],"relics":["Burning Blood","Bronze Scales","Ancient Tea Set","Shuriken","Dream Catcher","Happy Flower","Tiny House","Anchor","Enchiridion","Vajra","Pen Nib"],"card_choices":[{"not_picked":["Havoc","Flex"],"picked":"Uppercut","floor":3},{"not_picked":["Sever Soul","Perfected Strike"],"picked":"Cleave","floor":4},{"not_picked":["True Grit","Pommel Strike"],"picked":"Feed","floor":6},{"not_picked":["Iron Wave","Entrench"],"picked":"Armaments","floor":8},{"not_picked":["Battle Trance","Whirlwind"],"picked":"Seeing Red","floor":10},{"not_picked":["Clothesline","Warcry"],"picked":"Iron Wave","floor":11},{"not_picked":["Clothesline","Heavy Blade"],"picked":"Iron Wave","floor":13},{"not_picked":["Heavy Blade","Body Slam"],"picked":"Spot Weakness","floor":15},{"not_picked":["Brutality","Immolate"],"picked":"Bludgeon","floor":16},{"not_picked":["Evolve","Clothesline"],"picked":"Flex","floor":17},{"not_picked":["Burning Pact","Cleave"],"picked":"Iron Wave","floor":18},{"not_picked":["Ghostly Armor","Armaments"],"picked":"Heavy Blade","floor":20},{"not_picked":["Entrench","Blood for Blood"],"picked":"Iron Wave","floor":23},{"not_picked":["Hemokinesis","Warcry"],"picked":"Headbutt","floor":24},{"not_picked":["Cleave","Entrench"],"picked":"Clash","floor":27},{"not_picked":["Carnage","Heavy Blade"],"picked":"Clash","floor":30},{"not_picked":["Dual Wield","Uppercut"],"picked":"Flex","floor":31}],"player_experience":318451,"potions_floor_usage":[1,3,3,6,6,10,14,24,24,27,33],"damage_taken":[{"damage":1,"enemies":"2 Louse","floor":1,"turns":3},{"damage":2,"enemies":"Jaw Worm","floor":3,"turns":2},{"damage":4,"enemies":"Small Slimes","floor":4,"turns":4},{"damage":40,"enemies":"Lagavulin","floor":6,"turns":6},{"damage":3,"enemies":"Looter","floor":8,"turns":2},{"damage":13,"enemies":"3 Sentries","floor":10,"turns":4},{"damage":8,"enemies":"Exordium Wildlife","floor":11,"turns":4},{"damage":14,"enemies":"Large Slime","floor":13,"turns":6},{"damage":14,"enemies":"Exordium Thugs","floor":14,"turns":4},{"damage":33,"enemies":"Hexaghost","floor":16,"turns":9},{"damage":30,"enemies":"Shell Parasite","floor":18,"turns":3},{"damage":0,"enemies":"3 Byrds","floor":20,"turns":3},{"damage":6,"enemies":"Book of Stabbing","floor":24,"turns":3},{"damage":28,"enemies":"3 Cultists","floor":27,"turns":5},{"damage":29,"enemies":"Chosen and Byrds","floor":29,"turns":4},{"damage":35,"enemies":"Snecko","floor":30,"turns":5},{"damage":19,"enemies":"Cultist and Chosen","floor":31,"turns":6},{"damage":55,"enemies":"Collector","floor":33,"turns":5}],"event_choices":[{"event_name":"World of Goop","player_choice":"Gather Gold","floor":2,"damage_taken":0},{"event_name":"Scrap Ooze","player_choice":"success","floor":12,"damage_taken":42},{"event_name":"Cursed Tome","player_choice":"Obtained Book","floor":21,"damage_taken":0},{"event_name":"Match and Keep!","player_choice":"2 cards matched","floor":22,"damage_taken":0}],"boss_relics":[{"not_picked":["White Beast Statue","Mark of Pain"],"picked":"Tiny House"}],"potions_floor_spawned":[3,4,6,13,18,24,31],"seed_played":"2025536072987458700","killed_by":"Collector","ascension_level":7,"is_trial":false}