{"gold_per_floor":[113,70,220,94,104,104,130,130,154,154,172,247,277,294,294,294],"floor_reached":16,"playtime":253,"items_purged":["Doubt"],"score":266,"play_id":"12c432f2-b69a-4a63-aef3-ba409add9a62","local_time":"20190315210329","is_ascension_mode":true,"campfire_choices":[{"data":"Sunder","floor":6,"key":"SMITH"},{"data":"Zap","floor":8,"key":"SMITH"},{"data":"Dualcast","floor":10,"key":"SMITH"},{"floor":15,"key":"REST"}],"neow_cost":"NONE","seed_source_timestamp":125982587066700,"circlet_count":0,"master_deck":["AscendersBane","Strike_B","Strike_B","Strike_B","Strike_B","Defend_B","Defend_B","Defend_B","Defend_B","Zap+1","Dualcast+1","Sunder+1","Cold Snap","Cold Snap","Doom and Gloom"],"relics":["Cracked Core","NeowsBlessing","Pear","Art of War","Unceasing Top"],"potions_floor_usage":[13,13,16,16],"damage_taken":[{"damage":0,"enemies":"Small Slimes","floor":1,"turns":1},{"damage":0,"enemies":"2 Louse","floor":5,"turns":1},{"damage":0,"enemies":"3 Sentries","floor":7,"turns":1},{"damage":1,"enemies":"Cultist","floor":11,"turns":3},{"damage":36,"enemies":"Gremlin Nob","floor":13,"turns":5},{"damage":4,"enemies":"Exordium Wildlife","floor":14,"turns":2},{"damage":47,"enemies":"Slime Boss","floor":16,"turns":9}],"seed_played":"-4531755175938133730","potions_obtained":[{"floor":1,"key":"Weak Potion"},{"floor":5,"key":"SkillPotion"},{"floor":13,"key":"GamblersBrew"},{"floor":14,"key":"Swift Potion"}],"is_trial":false,"path_per_floor":["M","$","?","$","M","R","E","R","T","R","M","?","E","M","R","B"],"character_chosen":"DEFECT","items_purchased":["Sunder","Cold Snap"],"campfire_rested":1,"item_purchase_floors":[2,4],"current_hp_per_floor":[64,64,64,64,64,64,74,74,74,74,73,62,26,22,46,0],"gold":294,"neow_bonus":"THREE_ENEMY_KILL","is_prod":false,"is_daily":false,"chose_seed":false,"campfire_upgraded":3,"win_rate":0,"timestamp":1552651409,"path_taken":["M","$","?","$","M","R","E","R","T","R","M","?","E","M","R","BOSS"],"build_version":"2019-01-23","purchased_purges":1,"victory":false,"max_hp_per_floor":[71,71,71,71,71,71,81,81,81,81,81,81,81,81,81,81],"card_choices":[{"not_picked":["Scrape","Reprogram","Go for the Eyes"],"picked":"SKIP","floor":1},{"not_picked":["Steam Power","Rebound","Leap"],"picked":"SKIP","floor":5},{"not_picked":["Rebound","Fusion","Machine Learning"],"picked":"SKIP","floor":7},{"not_picked":["Streamline","BootSequence"],"picked":"Cold Snap","floor":11},{"not_picked":["Steam","Compile Driver"],"picked":"Doom and Gloom","floor":13},{"not_picked":["Static Discharge","Cold Snap","Sweeping Beam"],"picked":"SKIP","floor":14}],"player_experience":2298751,"relics_obtained":[{"floor":7,"key":"Pear"},{"floor":9,"key":"Art of War"},{"floor":13,"key":"Unceasing Top"}],"event_choices":[{"damage_healed":0,"gold_gain":150,"player_choice":"AGREE","damage_taken":0,"max_hp_gain":0,"max_hp_loss":0,"event_name":"Liars Game","floor":3,"gold_loss":0,"cards_obtained":["Doubt"]},{"damage_healed":0,"gold_gain":75,"player_choice":"Gather Gold","damage_taken":11,"max_hp_gain":0,"max_hp_loss":0,"event_name":"World of Goop","floor":12,"gold_loss":0}],"is_beta":false,"boss_relics":[],"items_purged_floors":[4],"is_endless":false,"potions_floor_spawned":[1,5,13,14],"killed_by":"Slime Boss","ascension_level":20}