{"gold_per_floor":[109,109,127,127,52,77,88,88,88,32,32,59,79,111,111,188,218,236,236,236],"floor_reached":20,"playtime":386,"items_purged":[],"score":430,"play_id":"0655fb4d-8e9f-4b54-8fcc-6c54f86bede5","local_time":"20190309221002","is_ascension_mode":true,"campfire_choices":[{"data":"Zap","floor":8,"key":"SMITH"},{"data":"Barrage","floor":11,"key":"SMITH"},{"data":"Capacitor","floor":15,"key":"SMITH"}],"neow_cost":"NONE","seed_source_timestamp":42967661789400,"circlet_count":0,"master_deck":["AscendersBane","Strike_B","Strike_B","Strike_B","Defend_B","Defend_B","Defend_B","Defend_B","Zap+1","Dualcast","Cold Snap","Barrage+1","BootSequence","Gash","Gash","Capacitor+1","Gash","White Noise","Electrodynamics","Normality","Shame","Shame","Turbo+1","Recycle","Coolheaded"],"relics":["Cracked Core","NeowsBlessing","Prayer Wheel","PreservedInsect","Symbiotic Virus","Peace Pipe","Calling Bell","Tiny Chest","Matryoshka","WingedGreaves"],"potions_floor_usage":[16,18],"damage_taken":[{"damage":0,"enemies":"Small Slimes","floor":1,"turns":1},{"damage":0,"enemies":"2 Louse","floor":3,"turns":1},{"damage":0,"enemies":"3 Sentries","floor":6,"turns":1},{"damage":0,"enemies":"Jaw Worm","floor":7,"turns":3},{"damage":13,"enemies":"Lagavulin","floor":12,"turns":5},{"damage":3,"enemies":"Blue Slaver","floor":13,"turns":3},{"damage":13,"enemies":"Gremlin Nob","floor":14,"turns":3},{"damage":26,"enemies":"Hexaghost","floor":16,"turns":9},{"damage":36,"enemies":"3 Byrds","floor":18,"turns":4},{"damage":0,"enemies":"Shell Parasite","floor":20,"turns":1}],"seed_played":"1406836235457993598","potions_obtained":[{"floor":1,"key":"SteroidPotion"},{"floor":3,"key":"FairyPotion"},{"floor":16,"key":"FocusPotion"}],"is_trial":false,"path_per_floor":["M","?","M","?","?","E","M","R","T","$","R","E","M","E","R","B",null,"M","?","M"],"character_chosen":"DEFECT","items_purchased":["Gash"],"campfire_rested":0,"item_purchase_floors":[10],"current_hp_per_floor":[64,57,57,57,57,57,57,57,57,57,57,44,41,28,28,2,54,18,18,18],"gold":236,"neow_bonus":"THREE_ENEMY_KILL","is_prod":false,"is_daily":false,"chose_seed":false,"campfire_upgraded":3,"win_rate":0,"timestamp":1552137002,"path_taken":["M","?","M","?","?","E","M","R","T","?","R","E","M","E","R","BOSS","M","?","M"],"build_version":"2019-01-23","purchased_purges":0,"victory":false,"max_hp_per_floor":[71,71,71,71,71,71,71,71,71,71,71,71,71,71,71,71,71,71,71,71],"card_choices":[{"not_picked":["FTL","Auto Shields"],"picked":"Cold Snap","floor":1},{"not_picked":["Leap","Beam Cell"],"picked":"Barrage","floor":3},{"not_picked":["Barrage","Stack"],"picked":"BootSequence","floor":6},{"not_picked":["Auto Shields","Leap"],"picked":"Gash","floor":7},{"not_picked":["Beam Cell","Force Field","Leap"],"picked":"SKIP","floor":7},{"not_picked":["Aggregate","Ball Lightning"],"picked":"Capacitor","floor":12},{"not_picked":["Heatsinks","All For One"],"picked":"Gash","floor":13},{"not_picked":["Rebound","Steam","Sweeping Beam"],"picked":"SKIP","floor":13},{"not_picked":["Steam","Ball Lightning"],"picked":"White Noise","floor":14},{"not_picked":["Fission","Meteor Strike"],"picked":"Electrodynamics","floor":16},{"not_picked":["Blizzard","Rip and Tear"],"picked":"Turbo+1","floor":18},{"not_picked":["Leap","Beam Cell"],"picked":"Recycle","floor":18}],"player_experience":2115957,"relics_obtained":[{"floor":6,"key":"PreservedInsect"},{"floor":12,"key":"Symbiotic Virus"},{"floor":14,"key":"Peace Pipe"},{"floor":17,"key":"Tiny Chest"},{"floor":17,"key":"Matryoshka"},{"floor":17,"key":"WingedGreaves"}],"event_choices":[{"cards_removed":["Strike_B"],"damage_healed":0,"gold_gain":0,"player_choice":"Card Removal","damage_taken":7,"max_hp_gain":0,"max_hp_loss":0,"event_name":"Golden Wing","floor":2,"gold_loss":0},{"damage_healed":0,"gold_gain":0,"player_choice":"Box","damage_taken":0,"relics_obtained":["Prayer Wheel"],"max_hp_gain":0,"max_hp_loss":0,"event_name":"Big Fish","floor":4,"gold_loss":0,"cards_obtained":["Regret"]},{"cards_removed":["Regret"],"damage_healed":0,"gold_gain":0,"player_choice":"Card Removal","damage_taken":0,"max_hp_gain":0,"max_hp_loss":0,"event_name":"The Cleric","floor":5,"gold_loss":75},{"damage_healed":0,"gold_gain":0,"player_choice":"Read","damage_taken":0,"max_hp_gain":0,"max_hp_loss":0,"event_name":"The Library","floor":19,"gold_loss":0,"cards_obtained":["Coolheaded"]}],"is_beta":false,"boss_relics":[{"not_picked":["Eternal Feather","Orrery"],"picked":"Calling Bell"}],"items_purged_floors":[],"is_endless":false,"potions_floor_spawned":[1,3,14,16],"killed_by":"Shell Parasite","ascension_level":20}