{"gold_per_floor":[111,36,36,36,53,78,78,127,127,166,35,35,50,68,68,68],"floor_reached":16,"playtime":442,"items_purged":["Pain"],"score":266,"play_id":"843b23f8-3583-4ad9-afe8-8e287e64eff2","local_time":"20190323162000","is_ascension_mode":true,"campfire_choices":[{"floor":15,"key":"REST"}],"neow_cost":"NONE","seed_source_timestamp":2438278779015681,"circlet_count":0,"master_deck":["AscendersBane","Strike_B","Strike_B","Strike_B","Defend_B","Defend_B","Defend_B","Defend_B","Zap","Dualcast","Auto Shields","Go for the Eyes+1","Doom and Gloom+1","Ball Lightning+1","Ball Lightning+1"],"relics":["Cracked Core","NeowsBlessing","WarpedTongs","Molten Egg 2","Golden Idol","Gremlin Horn","Blood Vial"],"potions_floor_usage":[10,16],"damage_taken":[{"damage":0,"enemies":"Cultist","floor":1,"turns":1},{"damage":1,"enemies":"2 Louse","floor":5,"turns":1},{"damage":0,"enemies":"Lagavulin","floor":6,"turns":2},{"damage":49,"enemies":"Gremlin Nob","floor":10,"turns":5},{"damage":1,"enemies":"Jaw Worm","floor":13,"turns":2},{"damage":7,"enemies":"2 Fungi Beasts","floor":14,"turns":3},{"damage":37,"enemies":"Slime Boss","floor":16,"turns":5}],"seed_played":"5849557546974061082","potions_obtained":[{"floor":1,"key":"Regen Potion"},{"floor":14,"key":"Poison Potion"}],"is_trial":false,"path_per_floor":["M","?","?","?","M","E","?","T","T","E","$","?","M","M","R","B"],"character_chosen":"DEFECT","items_purchased":["Ball Lightning+1"],"campfire_rested":1,"item_purchase_floors":[11],"current_hp_per_floor":[64,64,69,69,68,68,42,42,42,7,7,7,8,3,25,0],"gold":68,"neow_bonus":"THREE_ENEMY_KILL","is_prod":false,"is_daily":false,"chose_seed":false,"campfire_upgraded":0,"win_rate":0,"timestamp":1553329200,"path_taken":["M","?","?","?","?","E","?","?","T","E","$","?","M","?","R","BOSS"],"build_version":"2019-03-15","purchased_purges":1,"victory":false,"max_hp_per_floor":[71,71,76,76,76,76,76,76,76,76,76,76,76,76,76,76],"card_choices":[{"not_picked":["Double Energy","Compile Driver"],"picked":"Auto Shields","floor":1},{"not_picked":["Leap","Redo","Beam Cell"],"picked":"SKIP","floor":5},{"not_picked":["Gash","Loop"],"picked":"Go for the Eyes","floor":6},{"not_picked":["Chaos","Loop"],"picked":"Doom and Gloom+1","floor":10},{"not_picked":["Hello World","Redo","Turbo"],"picked":"SKIP","floor":13},{"not_picked":["Steam","Redo"],"picked":"Ball Lightning+1","floor":14}],"player_experience":753236,"relics_obtained":[{"floor":6,"key":"Molten Egg 2"},{"floor":9,"key":"Gremlin Horn"},{"floor":10,"key":"Blood Vial"}],"event_choices":[{"cards_removed":["Strike_B"],"damage_healed":0,"gold_gain":0,"player_choice":"Card Removal","damage_taken":0,"max_hp_gain":0,"max_hp_loss":0,"event_name":"The Cleric","floor":2,"gold_loss":75},{"damage_healed":0,"gold_gain":0,"player_choice":"Donut","damage_taken":0,"max_hp_gain":5,"max_hp_loss":0,"event_name":"Big Fish","floor":3,"gold_loss":0},{"damage_healed":0,"gold_gain":0,"player_choice":"Rummage","damage_taken":0,"relics_obtained":["WarpedTongs"],"max_hp_gain":0,"max_hp_loss":0,"event_name":"Accursed Blacksmith","floor":4,"gold_loss":0,"cards_obtained":["Pain"]},{"damage_healed":0,"gold_gain":0,"player_choice":"Take Damage","damage_taken":26,"relics_obtained":["Golden Idol"],"max_hp_gain":0,"max_hp_loss":0,"event_name":"Golden Idol","floor":7,"gold_loss":0},{"damage_healed":0,"gold_gain":0,"player_choice":"Ignored","damage_taken":0,"max_hp_gain":0,"max_hp_loss":0,"event_name":"Liars Game","floor":12,"gold_loss":0}],"is_beta":true,"boss_relics":[],"items_purged_floors":[11],"is_endless":false,"potions_floor_spawned":[1,14],"killed_by":"Slime Boss","ascension_level":20}