{"gold_per_floor":[118,61,75,40,40,40,70,70,70,70,98,108,124,134,134,213,213,225,142,192,32,47,47,47],"floor_reached":24,"playtime":747,"items_purged":[],"score":508,"play_id":"ea0f8d44-192b-4022-9c0b-00821cf8d473","local_time":"20190417141557","is_ascension_mode":true,"campfire_choices":[{"data":"Streamline","floor":6,"key":"SMITH"},{"floor":15,"key":"REST"},{"data":"Loop","floor":23,"key":"SMITH"}],"neow_cost":"TEN_PERCENT_HP_LOSS","seed_source_timestamp":123234992749700,"circlet_count":0,"master_deck":["AscendersBane","Strike_B","Strike_B","Strike_B","Strike_B","Defend_B","Defend_B","Defend_B","Defend_B","Zap","Dualcast","Biased Cognition","Streamline+1","Ball Lightning","Hologram","Double Energy","Coolheaded","Hologram","Rainbow","Self Repair","Loop+1","Self Repair+1"],"relics":["Cracked Core","Matryoshka","Omamori","Orichalcum","Mercury Hourglass","Cursed Key","PreservedInsect"],"potions_floor_usage":[11,16,16,24],"damage_taken":[{"damage":7,"enemies":"Jaw Worm","floor":1,"turns":3},{"damage":1,"enemies":"Small Slimes","floor":3,"turns":3},{"damage":27,"enemies":"3 Sentries","floor":7,"turns":6},{"damage":20,"enemies":"Gremlin Nob","floor":11,"turns":4},{"damage":0,"enemies":"Cultist","floor":12,"turns":2},{"damage":7,"enemies":"Blue Slaver","floor":13,"turns":2},{"damage":4,"enemies":"Gremlin Gang","floor":14,"turns":3},{"damage":0,"enemies":"The Guardian","floor":16,"turns":8},{"damage":19,"enemies":"2 Thieves","floor":18,"turns":3},{"damage":0,"enemies":"Spheric Guardian","floor":22,"turns":3},{"damage":14,"enemies":"Cultist and Chosen","floor":24,"turns":5}],"seed_played":"343133535494572831","potions_obtained":[{"floor":7,"key":"Strength Potion"},{"floor":10,"key":"FocusPotion"},{"floor":13,"key":"FocusPotion"},{"floor":22,"key":"Block Potion"}],"is_trial":false,"path_per_floor":["M","$","M","?","?","R","E","?","T","?","E","M","M","M","R","B",null,"M","$","?","$","M","R","M"],"character_chosen":"DEFECT","items_purchased":["Ball Lightning","Loop","PreservedInsect"],"campfire_rested":1,"item_purchase_floors":[2,19,21],"current_hp_per_floor":[57,57,56,64,69,69,42,42,42,42,22,22,15,11,31,31,60,41,41,35,35,35,35,21],"gold":47,"neow_bonus":"THREE_RARE_CARDS","is_prod":false,"is_daily":false,"chose_seed":false,"campfire_upgraded":2,"win_rate":0,"timestamp":1555478157,"path_taken":["M","$","M","?","?","R","E","?","T","?","E","M","M","M","R","BOSS","M","?","?","$","M","R","?"],"build_version":"2019-01-23","purchased_purges":0,"victory":false,"max_hp_per_floor":[64,64,64,64,69,69,69,69,69,69,69,69,69,69,69,69,69,69,69,69,69,69,69,69],"card_choices":[{"not_picked":["Meteor Strike","All For One"],"picked":"Biased Cognition","floor":0},{"not_picked":["Beam Cell","Redo"],"picked":"Streamline","floor":1},{"not_picked":["Aggregate","Leap"],"picked":"Hologram","floor":3},{"not_picked":["Rebound","Hello World"],"picked":"Double Energy","floor":7},{"not_picked":["Go for the Eyes","Rip and Tear","Steam"],"picked":"SKIP","floor":11},{"not_picked":["Redo","Rainbow"],"picked":"Coolheaded","floor":12},{"not_picked":["FTL","Hello World"],"picked":"Hologram","floor":13},{"not_picked":["Rebound","Leap","Beam Cell"],"picked":"SKIP","floor":14},{"not_picked":["Rebound","Leap","Beam Cell"],"picked":"SKIP","floor":14},{"not_picked":["Amplify","Buffer"],"picked":"Rainbow","floor":16},{"not_picked":["Conserve Battery+1","Aggregate"],"picked":"Self Repair","floor":18},{"not_picked":["Leap","Steam Power"],"picked":"Self Repair+1","floor":22}],"player_experience":3191242,"relics_obtained":[{"floor":7,"key":"Matryoshka"},{"floor":9,"key":"Omamori"},{"floor":9,"key":"Orichalcum"},{"floor":11,"key":"Mercury Hourglass"}],"event_choices":[{"damage_healed":16,"gold_gain":0,"player_choice":"Healed","damage_taken":0,"max_hp_gain":0,"max_hp_loss":0,"event_name":"The Cleric","floor":4,"gold_loss":35},{"damage_healed":0,"gold_gain":0,"player_choice":"Donut","damage_taken":0,"max_hp_gain":5,"max_hp_loss":0,"event_name":"Big Fish","floor":5,"gold_loss":0},{"damage_healed":0,"gold_gain":0,"player_choice":"Ignored","damage_taken":0,"max_hp_gain":0,"max_hp_loss":0,"event_name":"Liars Game","floor":8,"gold_loss":0},{"damage_healed":0,"gold_gain":0,"player_choice":"Got Potions","damage_taken":0,"max_hp_gain":0,"max_hp_loss":0,"event_name":"Lab","floor":10,"gold_loss":0},{"damage_healed":0,"gold_gain":50,"player_choice":"Touch","damage_taken":6,"max_hp_gain":0,"max_hp_loss":0,"event_name":"FaceTrader","floor":20,"gold_loss":0}],"is_beta":false,"boss_relics":[{"not_picked":["Lizard Tail","Calling Bell"],"picked":"Cursed Key"}],"items_purged_floors":[],"is_endless":false,"potions_floor_spawned":[7,13,14,22],"killed_by":"Cultist and Chosen","ascension_level":20}