{"gold_per_floor":[114,125,50,67,85,112,127,154,154,183,200,200,212,169,169,246,246,263,263,273,273],"floor_reached":21,"playtime":1109,"items_purged":["Strike_B"],"score":506,"play_id":"394f1227-b71c-4cb6-83e7-7fbea5b88a13","local_time":"20190423193703","is_ascension_mode":true,"campfire_choices":[{"data":"Hyperbeam","floor":12.0,"key":"SMITH"},{"data":"White Noise","floor":15.0,"key":"SMITH"}],"neow_cost":"TEN_PERCENT_HP_LOSS","seed_source_timestamp":5127674819707402,"circlet_count":0,"master_deck":["AscendersBane","Strike_B","Strike_B","Strike_B","Defend_B","Defend_B","Defend_B","Defend_B","Zap+1","Dualcast","Hyperbeam+1","White Noise+1","Gash","Conserve Battery","Ball Lightning","Glacier+1","Compile Driver","Glacier","Gash","Self Repair","Machine Learning","Coolheaded","Writhe","BootSequence"],"special_seed":0,"relics":["Cracked Core","Art of War","Cables","War Paint","Inserter","Kunai"],"potions_floor_usage":[16,16],"damage_taken":[{"damage":0.0,"enemies":"Cultist","floor":1.0,"turns":2.0},{"damage":0.0,"enemies":"Small Slimes","floor":2.0,"turns":1.0},{"damage":0.0,"enemies":"2 Louse","floor":4.0,"turns":1.0},{"damage":0.0,"enemies":"Lots of Slimes","floor":5.0,"turns":1.0},{"damage":11.0,"enemies":"Lagavulin","floor":6.0,"turns":5.0},{"damage":0.0,"enemies":"Gremlin Gang","floor":7.0,"turns":1.0},{"damage":22.0,"enemies":"3 Sentries","floor":8.0,"turns":7.0},{"damage":8.0,"enemies":"Gremlin Nob","floor":10.0,"turns":3.0},{"damage":0.0,"enemies":"2 Fungi Beasts","floor":11.0,"turns":1.0},{"damage":6.0,"enemies":"Large Slime","floor":13.0,"turns":4.0},{"damage":0,"enemies":"Slime Boss","floor":16,"turns":8},{"damage":17,"enemies":"Chosen","floor":18,"turns":6},{"damage":29,"enemies":"Shell Parasite","floor":20,"turns":6},{"damage":27,"enemies":"Chosen and Byrds","floor":21,"turns":5}],"seed_played":"1631215095447302155","potions_obtained":[{"floor":2.0,"key":"Fire Potion"},{"floor":5.0,"key":"AttackPotion"},{"floor":8.0,"key":"FearPotion"},{"floor":10.0,"key":"Strength Potion"}],"is_trial":false,"path_per_floor":["M","M","$","M","M","E","M","E","T","E","M","R","M","$","R","B",null,"M","?","M","M"],"character_chosen":"DEFECT","items_purchased":["Self Repair"],"campfire_rested":0,"item_purchase_floors":[14],"current_hp_per_floor":[64,64,64,64,64,53,53,31,31,23,23,23,17,17,17,24,54,44,44,22,0],"gold":273,"neow_bonus":"THREE_RARE_CARDS","is_prod":false,"is_daily":false,"chose_seed":false,"campfire_upgraded":2,"win_rate":0,"timestamp":1556019423,"path_taken":["M","M","?","M","M","E","M","E","T","E","M","R","M","$","R","BOSS","M","?","M","M"],"build_version":"2019-04-21","purchased_purges":1,"victory":false,"max_hp_per_floor":[64,64,64,64,64,64,64,64,64,64,64,64,64,64,64,64,64,64,64,64,64],"card_choices":[{"not_picked":["Biased Cognition","Core Surge"],"picked":"Hyperbeam","floor":0.0},{"not_picked":["Beam Cell","Redo"],"picked":"White Noise","floor":1.0},{"not_picked":["Streamline","Force Field","Barrage"],"picked":"SKIP","floor":2.0},{"not_picked":["Rip and Tear","Stack"],"picked":"Gash","floor":4.0},{"not_picked":["Redo","Beam Cell"],"picked":"Conserve Battery","floor":5.0},{"not_picked":["BootSequence","Scrape"],"picked":"Ball Lightning","floor":6.0},{"not_picked":["Coolheaded","Darkness"],"picked":"Glacier","floor":7.0},{"not_picked":["Storm","Aggregate"],"picked":"Compile Driver","floor":8.0},{"not_picked":["Reprogram","Cold Snap","Chaos"],"picked":"SKIP","floor":10.0},{"not_picked":["Leap","Rebound"],"picked":"Glacier","floor":11.0},{"not_picked":["Reprogram","Rainbow"],"picked":"Gash","floor":13.0},{"not_picked":["Multi-Cast","Thunder Strike"],"picked":"Machine Learning","floor":16},{"not_picked":["Conserve Battery","Streamline"],"picked":"Coolheaded","floor":18},{"not_picked":["Coolheaded","Cold Snap"],"picked":"BootSequence","floor":20}],"player_experience":767990,"relics_obtained":[{"floor":6.0,"key":"Art of War"},{"floor":8.0,"key":"Cables"},{"floor":10.0,"key":"War Paint"}],"event_choices":[{"damage_healed":0,"gold_gain":0,"player_choice":"Opened","damage_taken":0,"relics_obtained":["Kunai"],"max_hp_gain":0,"max_hp_loss":0,"event_name":"The Mausoleum","floor":19,"gold_loss":0,"cards_obtained":["Writhe"]}],"is_beta":true,"boss_relics":[{"not_picked":["Nuclear Battery","FrozenCore"],"picked":"Inserter"}],"items_purged_floors":[3],"is_endless":false,"potions_floor_spawned":[2,5,8,10,11],"killed_by":"Chosen and Byrds","ascension_level":20}