{"path_per_floor":["M","?","M","$","M","E","M","R","T","?","M","R","E","M","R","B",null,"M","?","M","$","?","R","?","R","T"],"character_chosen":"IRONCLAD","items_purchased":["Combust","Gremlin Horn"],"gold_per_floor":[119,219,233,80,91,120,131,131,156,156,174,174,207,222,222,325,325,338,338,356,12,12,12,12,12,12,12],"floor_reached":27,"campfire_rested":3,"playtime":3077,"current_hp_per_floor":[78,78,78,78,73,69,63,63,63,63,81,81,57,56,82,39,75,51,35,29,29,29,55,38,65,65,0],"items_purged":["Injury","Decay"],"gold":12,"score":309,"play_id":"e0b75e88-83b3-4f5f-9bf2-efeac246e7e4","local_time":"20180522204026","is_prod":false,"is_daily":false,"chose_seed":false,"is_ascension_mode":true,"campfire_upgraded":2,"timestamp":1527010826,"campfire_choices":[{"data":"Combust","floor":8,"key":"SMITH"},{"data":"Berserk","floor":12,"key":"SMITH"},{"floor":15,"key":"REST"},{"floor":23,"key":"REST"},{"floor":25,"key":"REST"}],"path_taken":["M","?","M","$","M","E","M","R","T","?","M","R","E","?","R","BOSS","M","?","M","$","?","R","?","R","T","E"],"build_version":"2018-05-17","seed_source_timestamp":78430812781312,"purchased_purges":2,"victory":false,"master_deck":["Strike_R","Strike_R","Strike_R","Strike_R","Strike_R","Defend_R","Defend_R","Defend_R","Bash","Berserk+1","Spot Weakness","Combust+1","Clash","Flex","Cleave","Berserk","Shockwave","Fire Breathing","Brutality","Writhe","Writhe","Demon Form","Seeing Red","Hemokinesis"],"max_hp_per_floor":[80,80,80,80,80,87,87,87,87,87,87,87,87,87,87,87,87,87,87,87,87,87,87,92,92,92,92],"relics":["Burning Blood","Strawberry","Art of War","Pen Nib","Calling Bell","Orichalcum","Mummified Hand","Girya","Enchiridion","Gremlin Horn","Shovel"],"card_choices":[{"not_picked":["Barricade","Impervious"],"picked":"Berserk","floor":0},{"not_picked":["Flame Barrier","Battle Trance"],"picked":"Spot Weakness","floor":1},{"not_picked":["Shrug It Off","Havoc","True Grit"],"picked":"SKIP","floor":3},{"not_picked":["Blood for Blood","Disarm"],"picked":"Clash","floor":5},{"not_picked":["Armaments","Shrug It Off"],"picked":"Flex","floor":6},{"not_picked":["Entrench","Havoc"],"picked":"Cleave","floor":7},{"not_picked":["Iron Wave","Dropkick"],"picked":"Berserk","floor":11},{"not_picked":["Pummel","Reckless Charge"],"picked":"Shockwave","floor":13},{"not_picked":["Twin Strike","Heavy Blade"],"picked":"Fire Breathing","floor":14},{"not_picked":["Barricade","Exhume"],"picked":"Brutality","floor":16},{"not_picked":["Flex","Iron Wave"],"picked":"Demon Form","floor":18},{"not_picked":["Headbutt+1","Twin Strike"],"picked":"Seeing Red","floor":20}],"player_experience":427310,"potions_floor_usage":[11,13,13,20,27],"damage_taken":[{"damage":0,"enemies":"Small Slimes","floor":1,"turns":4},{"damage":6,"enemies":"Cultist","floor":3,"turns":4},{"damage":11,"enemies":"Jaw Worm","floor":5,"turns":4},{"damage":17,"enemies":"3 Sentries","floor":6,"turns":5},{"damage":12,"enemies":"2 Fungi Beasts","floor":7,"turns":4},{"damage":2,"enemies":"Large Slime","floor":11,"turns":4},{"damage":30,"enemies":"Lagavulin","floor":13,"turns":5},{"damage":7,"enemies":"Gremlin Gang","floor":14,"turns":2},{"damage":49,"enemies":"The Guardian","floor":16,"turns":8},{"damage":30,"enemies":"2 Thieves","floor":18,"turns":4},{"damage":12,"enemies":"3 Byrds","floor":20,"turns":4},{"damage":69,"enemies":"Slavers","floor":27,"turns":4}],"relics_obtained":[{"floor":6,"key":"Strawberry"},{"floor":9,"key":"Art of War"},{"floor":13,"key":"Pen Nib"},{"floor":17,"key":"Orichalcum"},{"floor":17,"key":"Mummified Hand"},{"floor":17,"key":"Girya"},{"floor":19,"key":"Enchiridion"},{"floor":26,"key":"Shovel"}],"event_choices":[{"event_name":"Golden Shrine","player_choice":"Pray","floor":2,"damage_taken":0},{"event_name":"Shining Light","player_choice":"Ignored","floor":10,"damage_taken":0},{"event_name":"Cursed Tome","player_choice":"Obtained Book","floor":19,"damage_taken":0},{"event_name":"Transmorgrifier","player_choice":"Transform","floor":22,"damage_taken":0},{"event_name":"Forgotten Altar","player_choice":"Shed Blood","floor":24,"damage_taken":0}],"boss_relics":[{"not_picked":["Runic Cube","White Beast Statue"],"picked":"Calling Bell"}],"potions_floor_spawned":[1,3,7,13,18],"seed_played":"3837838576184508638","killed_by":"Slavers","ascension_level":8,"potions_obtained":[{"floor":1,"key":"SteroidPotion"},{"floor":3,"key":"Weak Potion"},{"floor":7,"key":"Regen Potion"},{"floor":13,"key":"LiquidBronze"},{"floor":18,"key":"SpeedPotion"}],"is_trial":false}