{"gold_per_floor":[211,230,230,15,45,85,97,141,153,196,218,195,226,272,284,396,408,407,437,364,396,159,191,191,290,290,290,290,317,317,327,327,422,422,433,56,75,86,86,86,121,121,146,146,174,26,42,56,56,56],"floor_reached":51,"playtime":3486,"items_purged":["Defend_B","Heatsinks"],"score":1172,"play_id":"581be4dd-1795-473a-8e1e-1c4126e3db9e","local_time":"20180812050034","is_ascension_mode":true,"campfire_choices":[{"data":"Sunder","floor":7,"key":"SMITH"},{"data":"Consume","floor":15,"key":"SMITH"},{"data":"Hologram","floor":24,"key":"SMITH"},{"floor":27,"key":"REST"},{"data":"Auto Shields","floor":30,"key":"SMITH"},{"floor":32,"key":"REST"},{"data":"Echo Form","floor":40,"key":"SMITH"},{"data":"Dualcast","floor":42,"key":"SMITH"},{"floor":49,"key":"REST"}],"neow_cost":"NONE","seed_source_timestamp":2371338852526513,"circlet_count":0,"master_deck":["Zap+1","Dualcast+1","AscendersBane","Auto Shields+1","Sunder+1","Consume+1","Conserve Battery+1","Beam Cell+1","Chill+1","Cold Snap+1","Reboot+1","Echo Form+1","Barrage+1","White Noise+1","Glacier+1","Leap+1","Storm+1","Barrage+1","Reboot+1","Compile Driver+1","White Noise+1","Hologram+1","Cold Snap+1","Lockon+1","Coolheaded+1","Ball Lightning+1","Sweeping Beam+1","Flash of Steel+1","Go for the Eyes+1","Defragment+1"],"relics":["Cracked Core","MawBank","Toxic Egg 2","Molten Egg 2","Question Card","Anchor","Juzu Bracelet","Inserter","Vajra","Art of War","Blue Candle","Kunai","Boot","Pandora\u0027s Box","Letter Opener","Mercury Hourglass","Strawberry","Dodecahedron","Mummified Hand"],"potions_floor_usage":[6,14,18,33,41,41,45,48,50,50,50],"damage_taken":[{"damage":0,"enemies":"Cultist","floor":1,"turns":4},{"damage":2,"enemies":"Jaw Worm","floor":2,"turns":5},{"damage":1,"enemies":"Small Slimes","floor":5,"turns":2},{"damage":5,"enemies":"3 Sentries","floor":6,"turns":4},{"damage":9,"enemies":"Lagavulin","floor":8,"turns":6},{"damage":17,"enemies":"3 Sentries","floor":10,"turns":6},{"damage":0,"enemies":"Blue Slaver","floor":11,"turns":2},{"damage":9,"enemies":"3 Louse","floor":13,"turns":5},{"damage":6,"enemies":"Lagavulin","floor":14,"turns":6},{"damage":12,"enemies":"Slime Boss","floor":16,"turns":5},{"damage":5,"enemies":"2 Thieves","floor":18,"turns":4},{"damage":0,"enemies":"Shell Parasite","floor":19,"turns":6},{"damage":30,"enemies":"Chosen and Byrds","floor":21,"turns":8},{"damage":8,"enemies":"Book of Stabbing","floor":23,"turns":6},{"damage":41,"enemies":"Gremlin Leader","floor":29,"turns":9},{"damage":0,"enemies":"Snecko","floor":31,"turns":3},{"damage":31,"enemies":"Automaton","floor":33,"turns":12},{"damage":0,"enemies":"Flame Bruiser 1 Orb","floor":35,"turns":7},{"damage":0,"enemies":"3 Shapes","floor":37,"turns":4},{"damage":13,"enemies":"3 Darklings","floor":38,"turns":5},{"damage":37,"enemies":"Giant Head","floor":41,"turns":7},{"damage":0,"enemies":"Nemesis","floor":45,"turns":5},{"damage":0,"enemies":"Snecko and Mystics","floor":47,"turns":4},{"damage":0,"enemies":"Transient","floor":48,"turns":5},{"damage":14,"enemies":"Donu and Deca","floor":50,"turns":7}],"seed_played":"6830946355219682155","potions_obtained":[{"floor":1,"key":"PowerPotion"},{"floor":8,"key":"Dexterity Potion"},{"floor":10,"key":"Block Potion"},{"floor":13,"key":"Poison Potion"},{"floor":29,"key":"Poison Potion"},{"floor":31,"key":"Regen Potion"},{"floor":33,"key":"SpeedPotion"},{"floor":37,"key":"PowerPotion"},{"floor":41,"key":"Regen Potion"},{"floor":47,"key":"LiquidBronze"},{"floor":48,"key":"Poison Potion"}],"is_trial":false,"path_per_floor":["M","M","?","$","M","E","R","E","T","E","M","?","M","E","R","B",null,"M","M","?","M","$","E","R","?","T","R","?","E","R","M","R","B",null,"M","$","M","M","?","R","E","R","T","T","E","$","M","M","R","B"],"character_chosen":"DEFECT","items_purchased":["Sunder","MawBank","Leap+1","Art of War","Letter Opener","Sweeping Beam+1","Flash of Steel+1","Block Potion"],"campfire_rested":3,"item_purchase_floors":[4,4,22,22,36,36,36,46],"current_hp_per_floor":[68,66,66,66,65,60,60,51,51,34,34,52,43,37,37,25,63,58,58,58,28,28,27,27,27,27,49,74,33,33,33,55,24,62,69,69,69,63,63,63,40,40,47,47,61,61,61,61,82,68],"gold":56,"neow_bonus":"HUNDRED_GOLD","is_prod":false,"is_daily":false,"chose_seed":false,"campfire_upgraded":6,"win_rate":0,"timestamp":1534021234,"path_taken":["M","M","?","$","M","E","R","E","T","E","M","?","M","E","R","BOSS","M","M","?","M","$","E","R","?","T","R","?","E","R","M","R","BOSS","M","$","M","M","?","R","E","R","T","?","E","$","M","M","R","BOSS"],"build_version":"2018-08-08","purchased_purges":2,"victory":true,"max_hp_per_floor":[75,75,75,75,75,75,75,75,75,75,75,75,75,75,75,75,75,75,75,75,75,75,75,75,75,75,75,75,75,75,75,75,75,75,75,75,75,75,75,75,75,75,82,82,82,82,82,82,82,82],"card_choices":[{"not_picked":["Darkness","Redo"],"picked":"Hologram","floor":1},{"not_picked":["Sweeping Beam","Steam"],"picked":"Auto Shields","floor":2},{"not_picked":["Steam","Hologram"],"picked":"Consume","floor":5},{"not_picked":["Static Discharge","Lockon"],"picked":"Conserve Battery","floor":6},{"not_picked":["Hologram+1","Streamline"],"picked":"Beam Cell","floor":8},{"not_picked":["Streamline+1","Blizzard+1","Barrage+1","Rip and Tear+1"],"picked":"SKIP","floor":10},{"not_picked":["Streamline+1","Hologram+1","Rip and Tear+1"],"picked":"Chill+1","floor":11},{"not_picked":["Beam Cell+1","Steam+1","Rip and Tear+1"],"picked":"Cold Snap+1","floor":13},{"not_picked":["Force Field+1","Double Energy+1","Redo+1"],"picked":"Reboot+1","floor":14},{"not_picked":["Thunder Strike+1","Buffer","Fission+1"],"picked":"Echo Form","floor":16},{"not_picked":["Steam+1","Auto Shields+1","Loop+1"],"picked":"Barrage+1","floor":18},{"not_picked":["BootSequence+1","Stack+1","Streamline+1"],"picked":"White Noise+1","floor":19},{"not_picked":["Storm","Go for the Eyes+1","Hologram+1"],"picked":"Glacier+1","floor":21},{"not_picked":["Barrage+1","Leap+1","Static Discharge","Redo+1"],"picked":"SKIP","floor":23},{"not_picked":["Lockon+1","Steam+1","Capacitor"],"picked":"Storm+1","floor":29},{"not_picked":["Conserve Battery+1","Melter+1","Biased Cognition"],"picked":"Barrage+1","floor":31},{"not_picked":["Hyperbeam+1","Echo Form","Multi-Cast+1"],"picked":"Reboot+1","floor":33},{"not_picked":["Steam+1","Aggregate+1","Sunder+1"],"picked":"Ball Lightning+1","floor":35},{"not_picked":["Lockon+1","Turbo+1","Darkness+1"],"picked":"Go for the Eyes+1","floor":37},{"not_picked":["Static Discharge","Beam Cell+1","Sunder+1","Compile Driver+1"],"picked":"SKIP","floor":38},{"not_picked":["Reboot+1","Sweeping Beam+1","Conserve Battery+1","Loop"],"picked":"SKIP","floor":41},{"not_picked":["Chill+1","FTL+1","Sweeping Beam+1"],"picked":"Defragment+1","floor":45},{"not_picked":["Streamline+1","Heatsinks+1","Static Discharge+1","Redo+1"],"picked":"SKIP","floor":47},{"not_picked":["Rebound+1","Streamline+1","Recycle+1","Steam+1"],"picked":"SKIP","floor":48}],"player_experience":466226,"relics_obtained":[{"floor":6,"key":"Toxic Egg 2"},{"floor":8,"key":"Molten Egg 2"},{"floor":9,"key":"Question Card"},{"floor":10,"key":"Anchor"},{"floor":14,"key":"Juzu Bracelet"},{"floor":23,"key":"Blue Candle"},{"floor":26,"key":"Kunai"},{"floor":29,"key":"Boot"},{"floor":41,"key":"Mercury Hourglass"},{"floor":43,"key":"Strawberry"},{"floor":44,"key":"Dodecahedron"},{"floor":45,"key":"Mummified Hand"}],"event_choices":[{"event_name":"Living Wall","player_choice":"Grow","floor":3,"damage_taken":0},{"event_name":"The Cleric","player_choice":"Healed","floor":12,"damage_taken":0},{"event_name":"Addict","player_choice":"Obtained Relic","floor":20,"damage_taken":0},{"event_name":"Nest","player_choice":"Stole From Cult","floor":25,"damage_taken":0},{"event_name":"The Library","player_choice":"Heal","floor":28,"damage_taken":0},{"event_name":"Falling","player_choice":"Removed Skill","floor":39,"damage_taken":0}],"is_beta":true,"boss_relics":[{"not_picked":["Astrolabe","Lizard Tail"],"picked":"Inserter"},{"not_picked":["FrozenCore","Runic Pyramid"],"picked":"Pandora\u0027s Box"}],"items_purged_floors":[22,46],"is_endless":false,"potions_floor_spawned":[1,8,10,13,29,31,33,37,41,47,48],"ascension_level":10}