{"gold_per_floor":[109,109,128,146,146,146,471,471,471,502,522,541,541,564,564,643,643,656,656,581,592,592,592,612,624,695,695,695,655,655],"floor_reached":30,"playtime":1143,"items_purged":["Writhe"],"score":475,"play_id":"549df65f-64ea-4bd1-a806-07b519ce553a","local_time":"20190414131454","is_ascension_mode":true,"campfire_choices":[{"data":"Juggernaut","floor":6,"key":"SMITH"},{"floor":8,"key":"REST"},{"data":"True Grit","floor":15,"key":"SMITH"},{"data":"Burning Pact","floor":23,"key":"SMITH"},{"data":"True Grit","floor":28,"key":"SMITH"}],"neow_cost":"NONE","seed_source_timestamp":178039860722500,"circlet_count":0,"master_deck":["AscendersBane","Strike_R","Strike_R","Defend_R+1","Defend_R","Defend_R","Defend_R","Bash","Juggernaut+1","True Grit+1","Corruption","Shrug It Off+1","True Grit+1","Evolve","Shrug It Off","Burning Pact+1","Ghostly","Ghostly","Ghostly","Body Slam","Ghostly Armor","Reaper","Reckless Charge"],"relics":["Burning Blood","WarpedTongs","Spirit Poop","Old Coin","Ice Cream","War Paint","Bag of Preparation","Snecko Eye","Darkstone Periapt","Dodecahedron"],"potions_floor_usage":[7,11,16],"damage_taken":[{"damage":16,"enemies":"Jaw Worm","floor":1,"turns":5},{"damage":3,"enemies":"Cultist","floor":3,"turns":4},{"damage":12,"enemies":"Small Slimes","floor":4,"turns":4},{"damage":50,"enemies":"Gremlin Nob","floor":7,"turns":5},{"damage":12,"enemies":"Lagavulin","floor":10,"turns":6},{"damage":8,"enemies":"Gremlin Gang","floor":11,"turns":4},{"damage":1,"enemies":"Blue Slaver","floor":12,"turns":5},{"damage":15,"enemies":"Hexaghost","floor":16,"turns":12},{"damage":11,"enemies":"2 Thieves","floor":18,"turns":4},{"damage":4,"enemies":"Spheric Guardian","floor":21,"turns":4},{"damage":2,"enemies":"Shelled Parasite and Fungi","floor":24,"turns":6},{"damage":0,"enemies":"Snake Plant","floor":25,"turns":4},{"damage":0,"enemies":"Gremlin Leader","floor":30,"turns":5}],"seed_played":"-9000954102772524304","potions_obtained":[{"floor":1,"key":"SteroidPotion"},{"floor":10,"key":"Fire Potion"},{"floor":11,"key":"Poison Potion"},{"floor":12,"key":"Block Potion"},{"floor":25,"key":"SpeedPotion"},{"floor":29,"key":"Ancient Potion"}],"is_trial":false,"path_per_floor":["M","?","M","M","?","R","E","R","T","E","M","M","?","T","R","B",null,"M","?","$","M","?","R","M","M","T","?","R","?","E"],"character_chosen":"IRONCLAD","items_purchased":[],"campfire_rested":1,"item_purchase_floors":[],"current_hp_per_floor":[58,58,61,55,55,55,11,33,33,27,25,30,30,30,30,21,62,57,63,63,65,40,40,40,40,40,40,40,40,40],"gold":655,"neow_bonus":"TRANSFORM_CARD","is_prod":false,"is_daily":false,"chose_seed":false,"campfire_upgraded":4,"win_rate":0,"timestamp":1555215294,"path_taken":["M","?","?","M","?","R","E","R","T","E","?","M","?","?","R","BOSS","M","?","$","M","?","R","?","M","T","?","R","?","E"],"build_version":"2019-01-23","purchased_purges":1,"victory":false,"max_hp_per_floor":[75,75,75,75,75,75,75,75,75,75,75,75,75,75,75,75,75,75,81,81,81,40,40,40,40,40,40,40,40,40],"card_choices":[{"not_picked":["Thunderclap","Flex"],"picked":"True Grit","floor":1},{"not_picked":["Burning Pact","Fire Breathing"],"picked":"Corruption","floor":3},{"not_picked":["Wild Strike","Hemokinesis"],"picked":"Shrug It Off","floor":4},{"not_picked":["Havoc","Corruption"],"picked":"True Grit","floor":7},{"not_picked":["Cleave","Power Through"],"picked":"Evolve","floor":10},{"not_picked":["Infernal Blade","Thunderclap","Perfected Strike"],"picked":"SKIP","floor":11},{"not_picked":["Infernal Blade","Thunderclap","Perfected Strike"],"picked":"SKIP","floor":11},{"not_picked":["Intimidate","Havoc","Hemokinesis"],"picked":"SKIP","floor":12},{"not_picked":["Havoc","Headbutt"],"picked":"Shrug It Off","floor":18},{"not_picked":["Perfected Strike+1","Clash+1"],"picked":"Burning Pact","floor":21},{"not_picked":["True Grit","Uppercut"],"picked":"Body Slam","floor":24},{"not_picked":["Clash","Corruption"],"picked":"Ghostly Armor","floor":25}],"player_experience":3120929,"relics_obtained":[{"floor":7,"key":"Old Coin"},{"floor":9,"key":"Ice Cream"},{"floor":10,"key":"War Paint"},{"floor":14,"key":"Bag of Preparation"},{"floor":26,"key":"Dodecahedron"}],"event_choices":[{"damage_healed":0,"gold_gain":0,"player_choice":"Rummage","damage_taken":0,"relics_obtained":["WarpedTongs"],"max_hp_gain":0,"max_hp_loss":0,"event_name":"Accursed Blacksmith","floor":2,"gold_loss":0,"cards_obtained":["Pain"]},{"cards_removed":["Pain"],"damage_healed":0,"gold_gain":0,"player_choice":"Offered Curse","damage_taken":0,"relics_obtained":["Spirit Poop"],"max_hp_gain":0,"max_hp_loss":0,"event_name":"Bonfire Elementals","floor":5,"gold_loss":0},{"damage_healed":0,"gold_gain":0,"player_choice":"Ignored","damage_taken":0,"max_hp_gain":0,"max_hp_loss":0,"event_name":"Liars Game","floor":13,"gold_loss":0},{"damage_healed":0,"gold_gain":0,"player_choice":"Opened","damage_taken":0,"relics_obtained":["Darkstone Periapt"],"max_hp_gain":0,"max_hp_loss":0,"event_name":"The Mausoleum","floor":19,"gold_loss":0,"cards_obtained":["Writhe"]},{"damage_healed":0,"gold_gain":0,"player_choice":"Became a Ghost","damage_taken":0,"max_hp_gain":0,"max_hp_loss":41,"event_name":"Ghosts","floor":22,"gold_loss":0,"cards_obtained":["Ghostly","Ghostly","Ghostly"]},{"damage_healed":0,"gold_gain":0,"cards_transformed":["Strike_R","Strike_R"],"player_choice":"Became Test Subject","damage_taken":0,"max_hp_gain":0,"max_hp_loss":0,"event_name":"Drug Dealer","floor":27,"gold_loss":0,"cards_obtained":["Reaper","Reckless Charge"]},{"damage_healed":0,"gold_gain":0,"player_choice":"Bought 3 Potions","damage_taken":0,"max_hp_gain":0,"max_hp_loss":0,"event_name":"The Woman in Blue","floor":29,"gold_loss":0}],"is_beta":false,"boss_relics":[{"not_picked":["Astrolabe","Busted Crown"],"picked":"Snecko Eye"}],"items_purged_floors":[20],"is_endless":false,"potions_floor_spawned":[1,10,11,12,25],"killed_by":"Gremlin Leader","ascension_level":20}