{"gold_per_floor":[114,130,205,60,15,45,56,67,136,36,53,53,68,84,84,84],"floor_reached":16,"playtime":967,"items_purged":["Strike_R","Strike_R"],"score":161,"play_id":"45ed38ba-fd23-4beb-a17e-5afe0b28f224","local_time":"20190418221854","is_ascension_mode":true,"campfire_choices":[{"data":"Body Slam","floor":12.0,"key":"SMITH"},{"floor":15.0,"key":"REST"}],"neow_cost":"NONE","seed_source_timestamp":8971508016200,"circlet_count":0,"master_deck":["Strike_R","Strike_R","Strike_R","Defend_R","Defend_R","Defend_R","Defend_R","Bash","Body Slam+1","Headbutt","Brutality","True Grit","Body Slam","Limit Break","Carnage","Inflame"],"special_seed":0,"relics":["Burning Blood","NeowsBlessing","Bird Faced Urn","Bottled Flame"],"potions_floor_usage":[16,16],"damage_taken":[{"damage":0.0,"enemies":"Jaw Worm","floor":1.0,"turns":1.0},{"damage":0.0,"enemies":"Cultist","floor":2.0,"turns":1.0},{"damage":1.0,"enemies":"3 Sentries","floor":6.0,"turns":2.0},{"damage":2.0,"enemies":"2 Louse","floor":7.0,"turns":3.0},{"damage":14.0,"enemies":"Blue Slaver","floor":8.0,"turns":5.0},{"damage":33.0,"enemies":"Exordium Thugs","floor":11.0,"turns":7.0},{"damage":20.0,"enemies":"Lots of Slimes","floor":13.0,"turns":5.0},{"damage":11.0,"enemies":"3 Louse","floor":14.0,"turns":3.0},{"damage":70,"enemies":"The Guardian","floor":16,"turns":10}],"seed_played":"-5052717416439250581","potions_obtained":[{"floor":2.0,"key":"AttackPotion"},{"floor":6.0,"key":"FearPotion"}],"is_trial":false,"path_per_floor":["M","M","?","$","$","E","M","M","T","$","M","R","M","M","R","B"],"character_chosen":"IRONCLAD","items_purchased":["Brutality","True Grit"],"campfire_rested":1,"item_purchase_floors":[4,5],"current_hp_per_floor":[80,80,72,72,72,77,80,72,72,72,47,47,35,34,58,0],"gold":84,"neow_bonus":"THREE_ENEMY_KILL","is_prod":false,"is_daily":false,"chose_seed":false,"campfire_upgraded":1,"win_rate":0,"timestamp":1555593534,"path_taken":["M","M","?","?","$","E","M","M","T","$","M","R","M","M","R","BOSS"],"build_version":"2019-01-23","purchased_purges":2,"victory":false,"max_hp_per_floor":[80,80,80,80,80,80,80,80,80,80,80,80,80,80,80,80],"card_choices":[{"not_picked":["Flex","Sentinel"],"picked":"Body Slam","floor":1.0},{"not_picked":["Wild Strike","Havoc"],"picked":"Headbutt","floor":2.0},{"not_picked":["Perfected Strike","Sword Boomerang"],"picked":"Body Slam","floor":6.0},{"not_picked":["Infernal Blade","Heavy Blade","Searing Blow"],"picked":"SKIP","floor":7.0},{"not_picked":["Infernal Blade","Heavy Blade","Searing Blow"],"picked":"SKIP","floor":7.0},{"not_picked":["Havoc","Thunderclap"],"picked":"Limit Break","floor":8.0},{"not_picked":["Infernal Blade","Havoc"],"picked":"Carnage","floor":11.0},{"not_picked":["Twin Strike","Warcry"],"picked":"Inflame","floor":13.0},{"not_picked":["Clothesline","Heavy Blade","Warcry"],"picked":"SKIP","floor":14.0}],"player_experience":297511,"relics_obtained":[{"floor":6.0,"key":"Bird Faced Urn"},{"floor":9.0,"key":"Bottled Flame"}],"event_choices":[{"damage_healed":0.0,"max_hp_gain":0.0,"max_hp_loss":0.0,"gold_gain":75.0,"event_name":"FaceTrader","player_choice":"Touch","floor":3.0,"gold_loss":0.0,"damage_taken":8.0}],"is_beta":false,"boss_relics":[],"items_purged_floors":[4,10],"is_endless":false,"potions_floor_spawned":[2,6],"killed_by":"The Guardian","ascension_level":5}