{"gold_per_floor":[114,114,114,114,57,57,101,101,170,185,206,224,11,71,71,71],"floor_reached":16,"playtime":1289,"items_purged":[],"score":216,"play_id":"aa093fbe-f28a-49c5-9760-ab79e875d4fa","local_time":"20190309192438","is_ascension_mode":true,"campfire_choices":[{"data":"Bash","floor":6,"key":"SMITH"},{"floor":8,"key":"REST"},{"data":"Whirlwind","floor":15,"key":"SMITH"}],"neow_cost":"NONE","seed_source_timestamp":32141597547300,"circlet_count":0,"master_deck":["AscendersBane","Strike_R","Strike_R+1","Strike_R","Strike_R+1","Defend_R","Defend_R","Defend_R","Defend_R","Bash+1","Disarm","Sever Soul","Body Slam","Seeing Red","Flame Barrier","Burning Pact","HandOfGreed","Whirlwind+1"],"relics":["Velvet Choker","Golden Idol","Strawberry","Mercury Hourglass","Dodecahedron"],"potions_floor_usage":[7],"damage_taken":[{"damage":1,"enemies":"Cultist","floor":1,"turns":4},{"damage":27,"enemies":"Gremlin Nob","floor":7,"turns":4},{"damage":0,"enemies":"2 Louse","floor":10,"turns":1},{"damage":0,"enemies":"Jaw Worm","floor":11,"turns":3},{"damage":1,"enemies":"Exordium Thugs","floor":12,"turns":4},{"damage":35,"enemies":"3 Sentries","floor":14,"turns":9},{"damage":0,"enemies":"Slime Boss","floor":16,"turns":3}],"seed_played":"3121745895455591140","potions_obtained":[{"floor":1,"key":"SpeedPotion"},{"floor":11,"key":"SpeedPotion"}],"is_trial":false,"path_per_floor":["M","?","?","?","$","R","E","R","T","M","M","M","$","E","R","B"],"character_chosen":"IRONCLAD","items_purchased":["PowerPotion","HandOfGreed"],"campfire_rested":1,"item_purchase_floors":[5,13],"current_hp_per_floor":[67,44,44,44,44,44,24,46,46,46,46,45,45,10,10,10],"gold":71,"neow_bonus":"BOSS_RELIC","is_prod":false,"is_daily":false,"chose_seed":false,"campfire_upgraded":2,"win_rate":0,"timestamp":1552127078,"path_taken":["M","?","?","?","$","R","E","R","T","M","M","?","?","E","R","BOSS"],"build_version":"2019-01-23","purchased_purges":0,"victory":false,"max_hp_per_floor":[75,75,68,68,68,68,75,75,75,75,75,75,75,75,75,75],"card_choices":[{"not_picked":["Warcry","Pommel Strike"],"picked":"Disarm","floor":1},{"not_picked":["Pommel Strike","Body Slam","Warcry"],"picked":"SKIP","floor":7},{"not_picked":["Pommel Strike","Warcry"],"picked":"Body Slam","floor":7},{"not_picked":["Bloodletting","Shrug It Off"],"picked":"Seeing Red","floor":10},{"not_picked":["Cleave","Headbutt"],"picked":"Flame Barrier","floor":11},{"not_picked":["Wild Strike","Flex"],"picked":"Burning Pact","floor":12},{"not_picked":["Rampage","Feel No Pain"],"picked":"Whirlwind","floor":14}],"player_experience":2105443,"relics_obtained":[{"floor":7,"key":"Strawberry"},{"floor":9,"key":"Mercury Hourglass"},{"floor":14,"key":"Dodecahedron"}],"event_choices":[{"damage_healed":0,"gold_gain":0,"player_choice":"Entered Light","damage_taken":23,"max_hp_gain":0,"max_hp_loss":0,"event_name":"Shining Light","floor":2,"gold_loss":0,"cards_upgraded":["Strike_R","Strike_R"]},{"damage_healed":0,"gold_gain":0,"player_choice":"Lose Max HP","damage_taken":0,"relics_obtained":["Golden Idol"],"max_hp_gain":0,"max_hp_loss":7,"event_name":"Golden Idol","floor":3,"gold_loss":0},{"damage_healed":0,"gold_gain":0,"cards_transformed":["Strike_R"],"player_choice":"Transformed","damage_taken":0,"max_hp_gain":0,"max_hp_loss":0,"event_name":"Transmorgrifier","floor":4,"gold_loss":0,"cards_obtained":["Sever Soul"]}],"is_beta":false,"boss_relics":[],"items_purged_floors":[],"is_endless":false,"potions_floor_spawned":[1,11],"killed_by":"Slime Boss","ascension_level":20}