{"gold_per_floor":[119,119,119,119,137,137,163,163,190,207,236,254,254,254,254,353,353,368,368,53,71,90,90,121,121,121,136,136,235,235,246,246,346,346,357,371,371,371,296,296,327,327,327,337,53,78,78,88,88,88],"floor_reached":51,"playtime":1631,"items_purged":["Normality","Strike_B"],"score":843,"play_id":"021d219a-585a-4996-bc53-1383005983ec","local_time":"20190216114330","is_ascension_mode":true,"campfire_choices":[{"data":"Zap","floor":6,"key":"SMITH"},{"data":"Dualcast","floor":8,"key":"SMITH"},{"data":"Chaos","floor":13,"key":"SMITH"},{"data":"Coolheaded","floor":15,"key":"SMITH"},{"data":"Consume","floor":23,"key":"SMITH"},{"floor":25,"key":"REST"},{"floor":30,"key":"REST"},{"data":"Discovery","floor":32,"key":"SMITH"},{"data":"Blizzard","floor":40,"key":"SMITH"},{"data":"Panacea","floor":42,"key":"SMITH"},{"data":"Loop","floor":49,"key":"SMITH"}],"neow_cost":"NONE","seed_source_timestamp":178248481947800,"circlet_count":0,"master_deck":["Strike_B","Strike_B","Defend_B","Defend_B","Zap+1","Dualcast+1","Coolheaded","Skim","Coolheaded+1","Chaos+1","Leap","Cold Snap","Biased Cognition","Gash+1","Consume+1","Discovery+1","Blizzard+1","Beam Cell","FTL","Gash","White Noise","Reboot","Redo+1","Hologram+1","Panacea+1","Barrage+1","Cold Snap+1","Glacier","Loop+1","Coolheaded","Coolheaded+1"],"relics":["Cracked Core","NeowsBlessing","Oddly Smooth Stone","Bag of Marbles","Bronze Scales","Regal Pillow","Inserter","Omamori","Orichalcum","Ornamental Fan","Calling Bell","Anchor","Darkstone Periapt","Incense Burner","Question Card","Torii","Gambling Chip"],"potions_floor_usage":[11,16,16,16,27,44,50,50],"damage_taken":[{"damage":0,"enemies":"Jaw Worm","floor":1,"turns":1},{"damage":0,"enemies":"2 Louse","floor":5,"turns":1},{"damage":0,"enemies":"Lagavulin","floor":7,"turns":1},{"damage":0,"enemies":"Small Slimes","floor":10,"turns":2},{"damage":6,"enemies":"3 Sentries","floor":11,"turns":5},{"damage":0,"enemies":"Looter","floor":12,"turns":3},{"damage":52,"enemies":"Slime Boss","floor":16,"turns":12},{"damage":18,"enemies":"2 Thieves","floor":18,"turns":4},{"damage":0,"enemies":"Chosen","floor":21,"turns":4},{"damage":6,"enemies":"Snake Plant","floor":22,"turns":5},{"damage":40,"enemies":"Gremlin Leader","floor":24,"turns":7},{"damage":0,"enemies":"Snecko","floor":27,"turns":4},{"damage":1,"enemies":"Centurion and Healer","floor":31,"turns":4},{"damage":35,"enemies":"Automaton","floor":33,"turns":12},{"damage":13,"enemies":"3 Darklings","floor":35,"turns":10},{"damage":0,"enemies":"3 Shapes","floor":36,"turns":4},{"damage":13,"enemies":"Giant Head","floor":41,"turns":10},{"damage":23,"enemies":"Jaw Worm Horde","floor":44,"turns":8},{"damage":0,"enemies":"Nemesis","floor":46,"turns":11},{"damage":1,"enemies":"4 Shapes","floor":48,"turns":4},{"damage":1,"enemies":"Donu and Deca","floor":50,"turns":12}],"seed_played":"8057955381861825382","potions_obtained":[{"floor":1,"key":"SpeedPotion"},{"floor":5,"key":"AttackPotion"},{"floor":7,"key":"GamblersBrew"},{"floor":11,"key":"Regen Potion"},{"floor":18,"key":"FairyPotion"},{"floor":21,"key":"Ancient Potion"},{"floor":24,"key":"FocusPotion"},{"floor":35,"key":"Block Potion"},{"floor":36,"key":"Energy Potion"},{"floor":48,"key":"SkillPotion"}],"is_trial":false,"path_per_floor":["M","?","?","?","M","R","E","R","T","M","E","M","R","?","R","B",null,"M","?","$","M","M","R","E","R","T","M","?","?","R","M","R","B",null,"M","M","?","?","$","R","E","R","T","M","$","E","?","M","R","B",null],"character_chosen":"DEFECT","items_purchased":["Discovery","Blizzard","Omamori","Glacier","Loop","Coolheaded"],"campfire_rested":2,"item_purchase_floors":[20,20,20,45,45,45],"current_hp_per_floor":[75,68,68,68,68,68,68,68,68,68,62,62,62,44,44,7,75,57,57,57,57,51,51,11,48,48,48,34,34,73,72,72,37,80,67,67,67,57,57,57,44,44,44,21,21,21,70,69,69,68],"gold":88,"neow_bonus":"THREE_ENEMY_KILL","is_prod":false,"is_daily":false,"chose_seed":false,"campfire_upgraded":9,"win_rate":0,"timestamp":1550285010,"path_taken":["M","?","?","?","M","R","E","R","T","M","E","M","R","?","R","BOSS","M","?","$","M","M","R","E","R","T","M","?","?","R","M","R","BOSS","M","M","?","?","$","R","E","R","T","M","$","E","?","M","R","BOSS"],"build_version":"2019-01-23","purchased_purges":2,"victory":true,"max_hp_per_floor":[75,75,75,75,75,75,75,75,75,75,75,75,75,75,75,75,75,75,75,75,75,75,75,75,75,75,75,80,80,80,80,80,80,80,80,80,80,80,80,80,80,80,80,80,80,80,70,70,70,70],"card_choices":[{"not_picked":["Genetic Algorithm","BootSequence"],"picked":"Coolheaded","floor":1},{"not_picked":["Hologram","Sweeping Beam","Go for the Eyes"],"picked":"SKIP","floor":5},{"not_picked":["Rebound","Hologram"],"picked":"Coolheaded","floor":7},{"not_picked":["Sweeping Beam","Undo"],"picked":"Chaos","floor":10},{"not_picked":["Stack","Redo"],"picked":"Leap","floor":11},{"not_picked":["Hologram","Rebound"],"picked":"Cold Snap","floor":12},{"not_picked":["Multi-Cast","Reboot"],"picked":"Biased Cognition","floor":16},{"not_picked":["Ball Lightning","Auto Shields"],"picked":"Gash+1","floor":18},{"not_picked":["Go for the Eyes","Chaos"],"picked":"Beam Cell","floor":21},{"not_picked":["Stack","Sweeping Beam"],"picked":"FTL","floor":22},{"not_picked":["Doom and Gloom","Steam Power","Chaos"],"picked":"SKIP","floor":24},{"not_picked":["Barrage","Rip and Tear"],"picked":"Gash","floor":27},{"not_picked":["Stack","Coolheaded"],"picked":"White Noise","floor":31},{"not_picked":["All For One","Multi-Cast"],"picked":"Reboot","floor":33},{"not_picked":["Force Field","Leap"],"picked":"Redo+1","floor":35},{"not_picked":["Thunder Strike","Coolheaded"],"picked":"Hologram+1","floor":36},{"not_picked":["Discovery","Secret Weapon"],"picked":"Panacea","floor":38},{"not_picked":["Amplify","Beam Cell"],"picked":"Barrage+1","floor":41},{"not_picked":["Darkness+1","Doom and Gloom","Stack"],"picked":"Cold Snap+1","floor":44},{"not_picked":["Conserve Battery","Fission","Storm","Redo"],"picked":"SKIP","floor":46},{"not_picked":["Beam Cell","Cold Snap","Leap"],"picked":"Coolheaded+1","floor":48}],"player_experience":65298,"relics_obtained":[{"floor":7,"key":"Oddly Smooth Stone"},{"floor":9,"key":"Bag of Marbles"},{"floor":11,"key":"Bronze Scales"},{"floor":24,"key":"Orichalcum"},{"floor":26,"key":"Ornamental Fan"},{"floor":34,"key":"Anchor"},{"floor":34,"key":"Darkstone Periapt"},{"floor":34,"key":"Incense Burner"},{"floor":41,"key":"Question Card"},{"floor":43,"key":"Torii"},{"floor":46,"key":"Gambling Chip"}],"event_choices":[{"cards_removed":["Defend_B"],"damage_healed":0,"gold_gain":0,"player_choice":"Card Removal","damage_taken":7,"max_hp_gain":0,"max_hp_loss":0,"event_name":"Golden Wing","floor":2,"gold_loss":0},{"damage_healed":0,"gold_gain":0,"cards_transformed":["Strike_B"],"player_choice":"Change","damage_taken":0,"max_hp_gain":0,"max_hp_loss":0,"event_name":"Living Wall","floor":3,"gold_loss":0,"cards_obtained":["Skim"]},{"damage_healed":0,"gold_gain":0,"player_choice":"Ignored","damage_taken":0,"max_hp_gain":0,"max_hp_loss":0,"event_name":"Liars Game","floor":4,"gold_loss":0},{"damage_healed":0,"gold_gain":0,"player_choice":"Success","damage_taken":18,"relics_obtained":["Regal Pillow"],"max_hp_gain":0,"max_hp_loss":0,"event_name":"Scrap Ooze","floor":14,"gold_loss":0},{"damage_healed":0,"gold_gain":0,"player_choice":"Read","damage_taken":0,"max_hp_gain":0,"max_hp_loss":0,"event_name":"The Library","floor":19,"gold_loss":0,"cards_obtained":["Consume"]},{"damage_healed":0,"gold_gain":0,"player_choice":"Shed Blood","damage_taken":19,"max_hp_gain":5,"max_hp_loss":0,"event_name":"Forgotten Altar","floor":28,"gold_loss":0},{"damage_healed":0,"gold_gain":99,"player_choice":"Stole From Cult","damage_taken":0,"max_hp_gain":0,"max_hp_loss":0,"event_name":"Nest","floor":29,"gold_loss":0},{"cards_removed":["Defend_B"],"damage_healed":0,"gold_gain":0,"player_choice":"Removed Skill","damage_taken":0,"max_hp_gain":0,"max_hp_loss":0,"event_name":"Falling","floor":37,"gold_loss":0},{"damage_healed":0,"gold_gain":0,"player_choice":"Memory 3","damage_taken":10,"max_hp_gain":0,"max_hp_loss":0,"event_name":"SensoryStone","floor":38,"gold_loss":0},{"damage_healed":70,"gold_gain":0,"player_choice":"Heal","damage_taken":0,"max_hp_gain":0,"max_hp_loss":10,"event_name":"The Moai Head","floor":47,"gold_loss":0}],"is_beta":false,"boss_relics":[{"not_picked":["Astrolabe","Runic Dome"],"picked":"Inserter"},{"not_picked":["Black Star","Velvet Choker"],"picked":"Calling Bell"}],"items_purged_floors":[39,45],"is_endless":false,"potions_floor_spawned":[1,5,7,11,18,21,24,35,36,41,48],"ascension_level":1}